2124 3458
212 170 302 211 394
1573 188 1576 191 ·
1823 177 1961 210 PART
1986 177 2018 209 V

1107 319 1131 359 8

233 390 543 428 APOLOGIA
566 388 811 428 CONTRA
833 388 1309 427 VITUPERATORES
1332 388 1617 428 CIVITATIS
1638 389 2006 428 FLORENTIAE

899 458 915 494 1
942 454 1197 508 September
1221 458 1339 495 14962

294 549 490 597 Florence,
523 551 580 589 ‘ex
611 548 844 601 archetypo,’
877 552 920 588 21
953 548 1173 601 September
1205 552 1296 589 1496
1328 547 1425 601 (80⁹),
1455 564 1514 601 pr.
1545 562 1614 589 not
1645 548 1776 590 earlier
1803 549 1885 590 that
1917 553 1939 590 6

297 605 472 646 October
494 605 629 658 (Indice
645 604 810 658 generale
827 608 875 654 V,
898 608 955 654 56,
977 604 1166 658 n0.8817);
1187 608 1271 654 Mo,
1293 604 1527 654 fols.7r-11r,
1550 605 1757 658 autograph
1779 605 1876 647 draft
1897 605 1941 646 of

294 662 360 703 the
380 661 521 702 second
543 661 623 702 half
642 661 686 702 of
703 661 769 702 the
788 675 878 710 text,
902 661 1082 702 followed
1106 662 1145 701 in
1165 664 1235 702 Mo
1259 661 1385 714 (f.11v)
1411 661 1483 702 and
1503 662 1543 701 in
1564 660 1625 702 Sc⁹
1647 661 1776 715 (f.b5v)
1799 662 1851 715 by
1871 662 1937 703 the

293 718 404 759 letter
423 718 498 758 ‘Ad
517 733 581 758 eos
598 719 663 771 qui
680 718 862 770 legerim',
880 718 1033 758 written
1052 717 1222 758 between
1246 721 1261 757 1
1283 718 1356 758 and
1372 721 1414 757 21
1436 718 1666 771 September.
1687 718 1769 758 The
1785 718 1936 771 printed

295 774 439 815 edition
462 775 492 815 is
511 773 687 827 prefaced
706 774 757 827 by
776 787 854 815 two
876 774 1002 814 letters
1023 774 1074 826 by
1093 775 1217 814 Pietro
1241 775 1391 815 Crinito
1417 772 1672 827 (Sc⁹,f.a2r-v)‚
1693 774 1802 815 dated
1824 779 1844 815 5
1866 774 1939 815 and

296 835 317 871 6
335 830 521 871 October.
538 833 604 870 An
622 844 782 871 account
800 830 843 871 of
857 830 923 871 the
939 831 1171 871 corrections
1189 846 1241 871 on
1258 830 1358 871 fiber
1372 831 1401 871 is
1419 830 1559 883 quoted
1578 831 1617 870 in
1634 844 1725 871 note
1742 830 1779 883 d)
1801 830 1937 871 below.

296 888 370 927 Tit.
403 885 615 939 (Sc⁹,f.a1v):
646 886 847 939 ‘Apologia
879 886 1139 926 Bartholomei
1167 886 1288 926 Scalae
1317 900 1450 926 contra
1476 887 1749 939 vituperatores
1778 887 1936 927 civitatis

294 943 532 983 Florentiae’.
554 945 620 982 See
639 945 666 990 I,
687 945 842 990 220-22,
864 942 937 982 and
954 941 1066 990 Scala,
1092 945 1243 990 125-27,
1263 945 1429 983 307-309
1450 945 1697 990 [86,215-16].

210 1050 364 1094 Petrus
386 1047 585 1094 Crinitus
608 1046 793 1094 salutern
817 1046 962 1094 Bonis.
988 1049 1311 1107 Saepenumero
1335 1064 1509 1093 mecum
1532 1045 1764 1107 dequestus
1784 1064 1896 1103 sum,
1921 1064 2023 1094 cum

211 1114 549 1176 Rempublicam
564 1114 867 1162 Florentinam
882 1114 1078 1162 viderem
1091 1115 1280 1175 turpiter
1290 1114 1481 1171 lacerari,
1494 1129 1585 1162 tam
1599 1114 1652 1162 ab
1666 1114 2019 1175 imprudentibus

211 1201 343 1245 quarn
373 1183 426 1231 ab
459 1183 523 1231 his
553 1184 685 1230 etiam
715 1184 790 1244 qui
817 1201 860 1230 se
890 1182 1026 1230 velint
1057 1182 1206 1230 haberi
1233 1182 1554 1244 prudentiores,
1585 1197 1833 1230 accusantes
1858 1183 2019 1244 passim

211 1253 343 1313 ipsius
369 1251 813 1308 administrationem,
836 1251 1018 1313 perinde
1043 1269 1091 1298 ac
1111 1251 1295 1312 puerilia
1319 1266 1359 1299 et
1381 1250 1565 1298 levicula
1587 1265 1831 1298 tractentur
1851 1252 1897 1298 in
1922 1251 2022 1299 civi-

210 1335 313 1377 tate,
335 1320 543 1382 quodque
566 1321 712 1368 minus
736 1319 976 1377 tolerabile,
1001 1319 1214 1380 flagitiosa
1235 1338 1411 1381 quoque
1435 1334 1476 1367 et
1498 1319 1746 1367 deridicula.
1769 1319 1853 1367 Sed
1875 1320 2021 1368 evenit

208 1404 384 1450 praeter
399 1407 522 1450 spem
543 1403 591 1436 ut
614 1389 704 1436 istis
726 1388 932 1436 omnibus
955 1387 1093 1436 offam
1115 1389 1235 1450 quasi
1257 1388 1476 1450 quandam
1496 1389 1578 1436 sim
1601 1388 1864 1445 obiecturus,
1889 1406 2021 1450 quem

211 1458 480 1505 obrodentes
516 1475 688 1505 necesse
723 1458 776 1504 sit
813 1457 1119 1504 obmutescant
1157 1475 1236 1504 nec
1270 1457 1511 1513 virulentis,
1547 1471 1595 1504 ut
1631 1471 1770 1513 antea,
1804 1456 1938 1504 sibilis
1974 1458 2020 1503 in

211 1544 431 1587 quemque
463 1525 724 1573 desaeviant.
752 1526 795 1572 Si
825 1525 1003 1586 quidem
1033 1525 1394 1572 Bartholomaeus
1424 1525 1556 1582 Scala,
1586 1526 1725 1572 nostri
1755 1526 1906 1586 utique
1934 1539 2019 1573 stu-

211 1594 372 1651 diosus,
400 1594 648 1655 apologiam
679 1612 819 1655 nuper
844 1608 998 1641 contra
1022 1594 1140 1641 viros
1167 1593 1426 1650 istiusmodi,
1454 1594 1489 1641 si
1515 1594 1598 1640 viri
1620 1608 1736 1650 sunt,
1764 1593 2020 1641 felicissimis

211 1663 416 1710 noctibus
443 1662 728 1718 elucubravit,
754 1680 863 1738 quae
889 1680 958 1709 me
982 1662 1092 1708 mihi
1116 1662 1319 1718 reddidit,
1344 1661 1508 1718 refecit,
1531 1661 1820 1709 exhilaravit
1810 1660 2019 1722 mgenio‚¹

208 1749 388 1792 prorsus
418 1745 466 1777 ut
495 1731 643 1777 statim
673 1731 971 1806 cogitaverim,
1002 1731 1143 1777 invito
1173 1731 1303 1776 etiam
1333 1744 1510 1777 auctore
1539 1747 1587 1776 ac
1614 1744 1839 1785 renuente,
1869 1728 2021 1805 opifici

211 1798 431 1855 exhibere,
455 1799 530 1860 qui
551 1798 696 1846 hanc
685 1816 837 1859 ipsam,
862 1813 910 1845 ut
933 1797 998 1854 fit,
1020 1797 1174 1845 formis
1197 1797 1393 1845 excudat.
1415 1797 1610 1845 Adeste
1599 1798 1731 1858 igitur
1751 1797 1893 1845 euicui
1916 1815 2023 1845 cana

210 1868 369 1915 veritas
389 1867 526 1924 cordi,
548 1885 657 1928 quae
676 1866 809 1914 latere
829 1866 1080 1927 aliquandiu
1100 1881 1261 1927 potest,
1281 1867 1423 1927 perire
1444 1884 1683 1927 nunquam.
1708 1865 1841 1913 Unde
1861 1883 1941 1913 nec
1961 1866 2022 1912 in-

211 1935 431 1996 eleganter
449 1950 522 1983 aut
542 1935 595 1982 de
615 1935 756 1982 nihilo
777 1935 994 1995 Theologi
1017 1953 1192 1996 quoque
1213 1949 1380 1982 veteres
1397 1935 1584 1991 Saturni,
1607 1934 1692 1981 hoc
1713 1948 1775 1981 est
1794 1934 2020 1995 temporis,

211 2003 349 2051 filiam
383 1997 623 2051 dixerunt.b
654 2003 738 2051 Sed
769 2022 822 2050 ne
853 2004 935 2050 sim
969 2002 1196 2064 impendio
1228 2002 1416 2064 longior,
1451 2002 1504 2050 ad
1533 2003 1670 2063 ipsam
1702 2002 1846 2050 Scalae
1877 2001 2022 2050 defen-

209 2074 381 2120 sionem
411 2087 453 2119 te
479 2073 633 2119 invito.
663 2072 909 2119 Laetaberis
932 2072 1023 2119 scio
1050 2086 1092 2119 et
1117 2071 1227 2118 mihi
1253 2072 1407 2132 gratias
1433 2069 1598 2132 egeris,²
1626 2071 1700 2132 qui
1724 2085 1815 2118 tam
1841 2070 2019 2118 assiduis

208 2140 412 2201 precibus
430 2155 560 2201 atque
577 2140 687 2187 adeo
704 2140 908 2187 convitiis
926 2158 949 2187 a
965 2139 1084 2187 Scala
1098 2154 1252 2186 nostro
1270 2139 1516 2200 apologiam
1536 2138 1785 2199 efflagitavi,
1801 2153 1849 2186 ut
1867 2138 1912 2186 id
1927 2157 2019 2186 mu-

211 2209 325 2256 neris
343 2208 523 2256 tandem
542 2208 779 2269 aliquando
797 2208 1083 2269 impetrarim,
1104 2207 1224 2268 quod
1242 2222 1283 2255 et
1300 2207 1380 2255 tibi
1395 2208 1491 2254 usui
1510 2208 1564 2254 sit
1581 2207 1727 2268 legisse
1747 2221 1789 2254 et
1803 2206 2023 2268 voluptati

211 2277 474 2324 meminisse.
492 2276 799 2324 Valefeliciter.
815 2281 921 2323 HlN
926 2294 997 2323 on.
1015 2276 1739 2323 OctobrisMCCCCLXXXXVI.
1758 2275 2019 2322 Florentiae.

210 2416 364 2459 Petrus
394 2413 593 2459 Crinitus
624 2412 967 2459 Bartholomaeo
995 2412 1139 2459 Scalae
1166 2412 1370 2459 Salutem.
1402 2412 1512 2458 Heri
1543 2411 1656 2458 forte
1686 2411 1833 2458 oblata
1860 2410 1970 2457 mihi
1999 2428 2024 2458 a

209 2480 438 2527 Trebatioc
463 2494 617 2526 nostro
643 2479 844 2540 apologia
870 2494 958 2536 tua,
983 2498 1115 2540 quam
1140 2480 1185 2525 in
1211 2479 1489 2526 Florentinae
1514 2479 1632 2525 urbis
1658 2479 1840 2539 gratiam
1867 2492 2022 2525 contra

212 2549 344 2609 ipsius
381 2547 750 2608 calumpniatores
786 2566 925 2608 nuper
958 2548 1188 2608 scripseris.
1227 2548 1328 2608 Legi
1362 2565 1471 2604 eam,
1506 2561 1553 2594 ut
1588 2561 1731 2594 cetera
1761 2545 1849 2593 fere
1881 2545 2017 2602 soleo,

211 2616 470 2664 avidissime.
498 2621 548 2662 In
571 2634 656 2677 qua
679 2634 738 2672 re,
762 2615 895 2672 Scala,
918 2616 986 2662 vir
1008 2616 1175 2677 optime
1203 2615 1475 2676 (admittatur
1494 2615 1666 2675 veritas)
1691 2629 1837 2676 aperte
1858 2613 2018 2675 probas

211 2684 386 2745 qualem
406 2699 448 2731 te
465 2685 610 2731 virum
629 2702 713 2745 pro
734 2685 896 2740 amicis,
918 2684 1091 2745 qualem
1107 2702 1190 2744 pro
1208 2685 1349 2744 patria
1366 2701 1498 2744 geras,
1518 2684 1593 2744 qui
1610 2698 1700 2730 tam
1719 2697 1908 2739 strenue,
1929 2697 2020 2730 tam

210 2752 397 2800 viriliter
413 2753 458 2798 in
478 2752 715 2799 maledicos
735 2753 838 2799 istos
858 2767 899 2799 et
914 2751 1096 2813 perinde
1115 2752 1366 2799 cerebrosos
1386 2751 1586 2798 homines
1607 2750 1758 2798 feceris
1774 2751 2017 2811 impressio-

212 2839 314 2868 nem
343 2836 391 2868 ut
419 2821 574 2868 nullibi
605 2819 759 2877 cedas,³
789 2820 943 2867 nullibi
972 2820 1263 2867 tumultueris.
1292 2824 1345 2867 Et
1374 2819 1534 2867 Hercle
1561 2834 1608 2866 tu
1635 2837 1747 2866 unus
1774 2818 2021 2866 Florentiae

292 3023 304 3037 ⁸
323 3019 400 3057 The
415 3019 583 3068 Apologia
603 3020 630 3057 is
647 3018 863 3057 subscribed:
886 3018 1256 3068 ‘kalend.Septembris
1275 3019 1691 3056 MCCCCLXXXXVI’
1712 3014 1791 3065 (Sc⁹,
1810 3015 1932 3065 f.b5v).

291 3071 307 3096 b
337 3079 399 3115 See
432 3076 561 3121 F.Saxl,
593 3077 742 3114 ‘Veritas
776 3076 863 3114 Filia
894 3077 1105 3125 Temporis’,
1136 3075 1334 3124 Philosophy
1363 3075 1438 3113 and
1462 3078 1608 3123 History.
1642 3078 1755 3123 Essays
1780 3073 1957 3123 presented
1987 3084 2020 3112 to

209 3132 411 3174 E.Cassz'rer‚
433 3129 589 3174 Oxford,
613 3133 710 3174 1936,
734 3133 900 3167 197-222.

293 3192 306 3206 ⁰
323 3190 384 3225 See
402 3187 464 3224 the
479 3187 658 3235 Apologia,
679 3199 765 3224 note
784 3186 814 3235 a)
835 3186 964 3224 below
