2124 3458
208 175 301 216 400
1818 181 1956 215 PART
1981 182 2012 214 V

208 334 275 365 tra
303 317 669 365 condonabiliora
701 332 840 364 errata
865 332 980 373 sunt3
1012 318 1172 377 quippe
1204 318 1279 377 qui
1307 335 1358 364 ex
1388 317 1525 364 humo
1560 317 1690 377 (unde
1719 332 1761 365 et
1790 317 1906 379 apud
1934 336 2014 366 nos

210 386 383 433 homini
410 403 576 432 nomen
601 399 663 432 est
687 385 741 432 ad
764 385 1072 432 Hebraeorum
1098 385 1290 432 nominis
1314 384 1661 446 similitudinem)
1690 385 1899 433 ducamus
1921 386 2014 433 stir-

208 472 310 515 pem
330 469 371 501 et
388 453 512 501 facile
527 452 783 500 dilabamur.
803 453 886 500 Sed
902 452 1223 513 magnitudines
1238 452 1448 500 scelerum
1465 454 1613 514 potius
1631 453 1900 514 aspiciendae
1915 468 2016 501 sunt

209 538 339 583 atque
361 521 653 569 detestandae:
677 522 865 582 rapinae,
886 521 1175 582 proditiones,
1199 521 1430 582 sacrilegia,
1454 522 1710 582 impietates,
1734 536 1776 569 et
1797 521 1878 569 alla
1896 540 2016 583 prae-

208 606 327 638 terea
346 591 515 650 generis
539 589 747 645 eiusdem,
772 589 929 650 quibus
955 590 1115 636 merito
1137 589 1343 636 infestum
1369 603 1430 636 est
1452 607 1585 650 genus
1609 589 1866 646 humanum,
1894 607 2019 650 quae-

209 676 293 719 que
319 676 439 705 arma
462 658 594 704 etiam
620 672 661 704 et
684 657 796 717 leges
820 657 1107 704 barbarorum
1135 655 1276 704 facile⁶
1296 672 1593 718 persecuntur.
1620 662 1741 704 Nam
1766 675 1874 718 quae
1899 675 2016 705 com-

209 727 415 773 muniora
432 740 533 772 sunt
553 739 681 786 atque
696 725 861 772 leviora
877 739 1054 772 naturae
1070 724 1318 772 infirmitati
1334 739 1375 772 et
1390 725 1697 772 consuetudini
1716 726 1775 772 ita
1788 725 2018 773 aberrandi

209 792 353 842 facile7
376 794 641 854 ignoscimus
670 808 711 840 et
734 793 842 840 alter
865 793 987 840 alteri
1009 793 1325 840 condonamus.
1354 793 1486 840 Unde
1510 808 1552 840 et
1576 793 1683 840 illud
1707 811 1887 840 aureum
1913 793 2018 840 divi-

209 881 405 923 numque
432 876 718 923 praeceptum
747 876 822 918 est,
850 876 898 909 ut
926 861 1073 908 debita
1098 861 1370 908 dimittamus
1398 862 1499 922 quia
1525 861 1676 909 eadem
1703 879 1906 909 mensura
1931 879 2017 922 qua

209 932 447 978 metiemur
478 930 570 977 aliis
603 929 927 976 mensurabitur
960 944 1001 976 et
1033 923 1183 976 nobis.l
1217 929 1341 988 Quid
1374 930 1504 989 igitur
1534 930 1593 976 ais
1626 929 1855 976 maledice?
1887 933 2016 988 Quos

210 998 493 1059 reprehendis
521 1000 686 1044 mores?
714 1002 910 1044 Fortasse
937 998 1011 1058 qui
1037 996 1263 1058 perferunt
1290 1011 1418 1058 atque
1444 998 1489 1043 in
1516 1015 1625 1058 quos
1650 1011 1857 1058 peccatur
1877 1014 2017 1058 perse-

209 1067 367 1127 queris,
396 1080 526 1126 atque
551 1083 637 1122 eos,
664 1080 711 1112 ut
736 1065 889 1125 vulgus
916 1079 957 1112 et
982 1064 1217 1112 facinorosi
1244 1065 1444 1112 homines
1471 1064 1734 1126 quandoque
1758 1064 1915 1121 solent,
1942 1066 2017 1126 qui

209 1135 392 1182 astutius
413 1134 656 1180 intulerunt
679 1133 943 1180 calumniam
965 1133 1239 1180 extollendos
1257 1147 1395 1193 putas.
1418 1134 1511 1192 Qui
1531 1132 1672 1193 decipi
1692 1133 1749 1179 ob
1771 1133 2018 1180 bonitatem

210 1217 251 1250 et
278 1220 456 1249 morum
483 1201 810 1262 simplicitatem
836 1215 1093 1262 potuerunt,
1123 1200 1483 1248 condemnandos
1509 1219 1654 1248 censes
1678 1215 1726 1248 ut
1753 1200 1806 1248 de
1831 1201 2018 1261 Lycurgi

209 1271 375 1332 legibus
407 1270 623 1331 aliquibus
658 1271 702 1316 in
734 1270 884 1317 erratis
915 1269 1097 1326 fertur3m
1127 1270 1172 1315 in
1205 1287 1278 1316 eos
1309 1270 1383 1330 qui
1414 1269 1578 1316 damno
1609 1268 1928 1325 afficiebantur,
1960 1268 2018 1316 ob

210 1339 393 1386 cavendi
416 1338 725 1398 negligentiam
749 1337 1136 1385 animadvertebat.
1159 1337 1242 1384 Sed
1265 1337 1414 1384 malim
1438 1337 1490 1384 de
1513 1337 1710 1384 moribus
1735 1336 1805 1384 alii
1827 1336 2018 1384 scribant

210 1408 384 1463 nostris,
410 1425 463 1454 ne
486 1407 582 1467 quis
605 1424 675 1453 me
697 1406 749 1453 de
769 1406 919 1466 patriis
941 1405 1112 1453 dicente
1134 1405 1261 1452 rebus
1283 1405 1438 1452 referat
1459 1406 1503 1451 in
1526 1404 1750 1461 affectum,
1771 1404 1892 1466 quod
1912 1405 2021 1452 veri-

210 1476 289 1523 tati
304 1476 453 1536 potius
476 1474 811 1522 concedendum
831 1473 926 1521 fuit.
946 1478 1113 1521 Verum
1132 1473 1448 1534 percommode
1468 1473 1646 1534 quidem
1665 1472 1821 1520 accidit
1838 1487 1886 1520 ut
1905 1472 2017 1520 bene

210 1558 283 1591 aut
299 1561 531 1604 perperam
550 1542 663 1590 facta
675 1542 838 1603 ubique
856 1542 1058 1589 locorum
1075 1560 1155 1602 per
1169 1560 1212 1589 se
1228 1541 1466 1602 loquantur
1484 1541 1536 1588 de
1551 1559 1594 1588 se
1611 1541 1750 1602 deque
1766 1540 2017 1588 auctoribus

209 1613 295 1659 suis
315 1612 429 1667 satis,
450 1626 579 1671 atque
597 1625 725 1658 erunt
744 1611 895 1657 omnia
915 1628 1214 1670 quaecumque
1234 1609 1435 1656 homines
1454 1609 1521 1656 vel
1540 1610 1585 1655 in
1605 1609 1781 1656 occulto
1798 1623 2019 1669 gesserunt

211 1679 291 1727 hac
319 1680 467 1740 (quam
493 1679 647 1739 cernis)
675 1678 777 1725 solis
803 1678 898 1725 luce
925 1677 1119 1725 clariora.
1145 1682 1265 1724 Nam
1294 1677 1426 1724 corda
1451 1678 1582 1724 etiam
1607 1691 1648 1724 et
1672 1677 1906 1724 secretiora
1929 1677 2020 1723 eius

210 1748 377 1809 aperire
405 1762 446 1794 et
470 1765 636 1808 ponere
665 1747 710 1793 in
735 1746 973 1807 propatulo
1001 1760 1174 1806 tempus
1200 1745 1323 1793 solet.
1352 1745 1634 1792 Prudentiam
1659 1745 1772 1792 tueri
1797 1743 2020 1792 difficilius

211 1830 286 1863 est.
310 1819 438 1875 Quae
457 1816 596 1862 virtus
618 1815 699 1862 nisi
719 1815 878 1875 praesit
899 1814 1105 1861 omnibus
1130 1815 1174 1860 in
1196 1813 1454 1870 actionibus,
1476 1813 1658 1860 subeant
1679 1813 1837 1860 erroris
1858 1830 1907 1860 ac
1924 1813 2021 1860 vitii

210 1885 483 1931 taxationem
506 1901 677 1930 necesse
700 1898 775 1930 est.

296 1952 425 1999 Plura
441 1966 542 1999 sunt
561 1966 723 2007 autem,
742 1969 850 2012 quae
868 1951 913 1997 in
934 1950 1012 1998 hac
1027 1950 1284 2011 prudentiae
1301 1964 1423 2011 parte
1439 1950 1701 2010 vituperant.
1720 1948 1803 1996 Sed
1819 1949 2019 2010 inprimis

211 2039 305 2068 rem
326 2035 522 2067 nostram
542 2019 765 2081 publicam
788 2019 899 2066 male
919 2018 1212 2066 administrari
1231 2018 1382 2066 dicunt
1402 2036 1450 2066 ac
1465 2036 1602 2079 paene
1620 2017 1858 2079 pueriliter:
1880 2014 2018 2078 quod⁸

211 2107 304 2137 non
326 2090 380 2136 sit
403 2090 490 2136 iarn
514 2089 559 2135 in
583 2106 632 2136 ea
651 2088 763 2135 ullus
785 2106 1073 2149 personarum
1100 2087 1304 2144 delectus,
1326 2086 1401 2134 sed
1422 2086 1649 2134 confluant
1673 2087 1718 2133 in
1740 2085 1895 2147 populi
1919 2103 2020 2133 con—

210 2159 396 2214 tionem,
426 2157 501 2204 ubi
531 2157 583 2204 de
610 2175 782 2204 summa
812 2174 958 2203 rerum
987 2156 1264 2212 deliberatur,
1293 2170 1502 2216 tanquam
1530 2156 1575 2201 in
1602 2155 1834 2211 sentinam,
1864 2171 2019 2201 omnes

211 2227 343 2273 etiarn
374 2225 449 2282 illi,
481 2243 672 2286 quorum
703 2224 760 2272 ob
792 2224 1036 2285 imperandi
1067 2223 1398 2271 desuetudinem
1427 2238 1555 2284 atque
1584 2223 1848 2284 imperitiam
1878 2221 2020 2269 nullae

211 2294 339 2341 fuisse
369 2308 514 2354 partes
544 2293 806 2340 debuissent.
840 2292 905 2339 Illi
936 2293 1041 2339 item
1072 2290 1165 2353 qui⁹
1191 2306 1375 2353 propter
1404 2292 1664 2339 tenuitatem
1693 2308 1844 2338 census
1875 2289 2019 2337 multo

211 2363 381 2409 intersit
420 2362 554 2422 magis
593 2362 654 2408 rei
691 2361 955 2408 consuluisse
995 2361 1198 2421 propriae
1237 2378 1367 2420 quam
1403 2357 1637 2420 publicis.10
1678 2358 1863 2405 Addunt
1899 2357 2021 2419 quod

211 2429 591 2490 quemadmodum
613 2429 849 2476 doctorum
870 2443 998 2489 atque
1016 2429 1323 2488 imperitorum
1345 2427 1578 2474 discrimen
1596 2426 1766 2473 nullum
1787 2427 1832 2472 in
1850 2425 2019 2473 consul·

211 2497 329 2545 endo
350 2512 391 2545 et
412 2496 697 2544 deliberando
717 2497 785 2553 sit,
808 2497 867 2544 ita
885 2496 1078 2557 bonique
1100 2510 1141 2543 et
1162 2495 1265 2543 mali
1286 2494 1590 2542 indifferenter
1607 2494 1887 2550 conveniant,
1910 2511 2019 2554 quae

212 2566 392 2627 quidem
411 2566 456 2611 in
475 2565 593 2612 bona
614 2565 835 2625 republica
854 2579 1056 2625 recteque
1073 2565 1312 2611 constituta
1330 2562 1597 2624 repudianda
1613 2563 1712 2610 sint.
1733 2561 1909 2621 Quibus
1930 2562 2021 2622 qui-

212 2634 313 2681 dem
343 2635 378 2681 si
409 2635 463 2681 sit
495 2633 655 2694 absque
686 2633 862 2680 levitate
891 2633 1168 2693 vanitateque
1199 2630 1567 2692 respondendum,
1602 2631 1683 2678 erit
1712 2629 1895 2677 forsitan
1927 2646 2020 2676 non

213 2702 366 2750 inutile
398 2717 446 2749 ut
477 2701 655 2762 aliquid,
687 2716 787 2748 ante
817 2719 948 2761 quam
979 2700 1032 2748 ad
1061 2700 1135 2747 has
1165 2699 1475 2747 descendamus
1503 2699 1701 2760 proprias
1733 2698 2019 2746 accusationis

209 2785 369 2831 partes,
394 2770 537 2831 aliqua
561 2769 614 2817 de
637 2787 783 2816 rerum
808 2769 1083 2830 publicarum
1110 2783 1264 2815 natura
1288 2782 1329 2815 et
1351 2767 1606 2815 conditione
1632 2766 1824 2814 breviter
1847 2765 2021 2813 dissera-

213 2857 322 2886 mus.
345 2839 414 2885 Sic
430 2853 543 2899 puto
564 2852 605 2885 et
623 2837 855 2885 adversarii
873 2837 979 2898 quid
998 2851 1213 2892 accusent,
1232 2851 1273 2883 et
1292 2854 1372 2883 nos
1392 2835 1497 2896 quid
1516 2835 1744 2891 diluamus,
1766 2833 1932 2881 facilius
1951 2851 2019 2881 ex-

210 2907 499 2967 plicatiusque
524 2920 803 2966 cognoscent.

292 3124 300 3149 ¹
318 3130 450 3168 Matth.
469 3134 536 3167 712.

294 3192 318 3207 ¹¹¹
337 3186 515 3230 Plutarch,
534 3187 607 3234 Life
623 3186 851 3234 ofLycurgus.
