2118 3444
146 174 335 208 PUBLIC
362 173 641 207 ORATIONS
1849 168 1940 209 237

147 310 339 358 iudicato
358 328 381 358 a
398 311 630 371 proposito
652 310 764 357 della
781 311 924 370 quiete
943 310 986 357 di
1008 310 1141 366 Italia;
1159 309 1414 358 finalmente
1433 325 1475 357 et
1494 310 1730 371 dovunque
1750 312 1785 358 si
1806 311 1949 359 crede-

145 397 198 426 va
213 393 344 439 poter
359 377 425 425 far
441 377 600 434 fructo‚
619 377 790 425 facemo
807 377 953 424 debita
968 395 1101 438 opera
1116 377 1275 438 perche
1292 395 1383 425 non
1401 379 1435 425 si
1454 379 1610 425 venissi
1630 379 1674 424 in
1694 379 1946 426 inconveni-

145 447 250 502 enti,
275 463 402 493 come
425 446 565 492 siamo
591 446 698 492 certi
721 463 833 492 esser
856 459 966 492 noto
993 445 1074 492 alla
1095 463 1171 492 sua
1195 449 1380 493 Cesarea
1403 445 1584 502 Maesta,
1610 464 1701 493 non
1726 446 1947 494 trovando

144 514 215 561 chi
236 513 277 561 la
299 513 532 560 ’ntendessi
556 531 682 560 come
706 514 780 560 noi
803 528 845 560 et
865 513 1055 560 anchora
1078 514 1121 560 in
1143 528 1265 574 parte
1285 513 1467 574 qualche
1489 532 1581 561 uno
1603 514 1729 571 altro,
1752 514 1831 562 che
1853 533 1944 562 non

142 581 384 629 solamente
407 599 461 628 ne
483 581 623 628 hebbe
647 582 817 637 notitia,
840 599 910 628 ma
930 599 983 628 ne
1004 581 1050 628 fu
1072 581 1387 638 confortatore3
1408 596 1450 629 et
1470 581 1515 629 fu
1539 582 1745 629 necessita
1765 582 1945 630 deliber-

143 667 214 697 are
241 649 317 710 piu
350 664 470 696 tosto
499 649 693 696 secondo
725 648 804 696 che
835 648 871 696 el
902 649 1087 709 bisogno
1121 648 1271 697 alhora
1301 649 1546 697 richiedeva
1573 650 1652 697 che
1683 650 1877 698 secondo
1908 650 1945 698 el

144 732 298 765 nostro
321 717 515 764 naturale
537 717 733 773 arbitrio,
758 732 799 764 et
821 716 991 764 facemo
1013 735 1098 764 con
1122 717 1161 764 la
1181 717 1349 765 Maesta
1367 735 1443 765 sua
1465 733 1506 765 et
1529 719 1603 779 qui
1626 718 1738 766 nella
1759 713 1880 766 cittad
1904 734 1945 766 et

141 786 218 846 poi
246 785 390 832 inanzi
419 784 500 832 alla
523 802 599 832 sua
625 799 799 832 tornata
824 786 1111 832 conventioni
1138 799 1179 832 et
1204 785 1381 846 capitoli
1407 803 1536 832 sanza
1561 786 1647 833 mai
1673 786 1940 846 obligatione

142 852 296 900 alcuna
318 851 612 900 d’offensione
637 852 795 908 d’altri,
819 870 890 900 ma
910 852 1151 900 solamente
1174 871 1254 914 per
1275 854 1606 901 conservatione
1630 868 1792 910 nostra,
1817 870 1944 902 come

142 920 164 968 ὲ
196 921 455 968 testimonio
488 920 597 976 Idio,
630 938 654 967 a
685 920 755 967 chi
789 918 955 967 niente7
985 920 1077 981 puo
1112 938 1224 968 esser
1254 921 1443 968 occulto.
1478 926 1531 968 Et
1564 923 1781 982 seguiron,
1817 940 1944 969 come

140 1007 280 1036 sanno
304 988 343 1036 le
368 1003 515 1036 vostre
540 986 926 1036 Excellentissime⁸
954 989 1164 1049 Signorie,
1193 989 1324 1050 quelli
1350 990 1680 1037 inconvenienti
1708 990 1818 1037 nelle
1845 1009 1943 1038 cose

142 1071 289 1104 nostre
309 1074 401 1104 non
419 1056 613 1104 secondo
632 1056 711 1104 che
730 1057 805 1104 noi
825 1055 1134 1104 existimiamo9
1150 1075 1230 1118 per
1246 1072 1556 1105 mancamento
1573 1057 1685 1105 della
1700 1057 1797 1106 fede
1814 1059 1942 1119 regia,

142 1142 213 1172 ma
242 1124 309 1171 de'
338 1125 435 1171 suoi
467 1125 669 1180 ministri,
703 1124 746 1171 di
776 1124 855 1171 che
886 1124 1122 1172 habbiamo
1154 1140 1308 1186 questo
1338 1125 1622 1182 documento,
1654 1126 1733 1173 che
1764 1126 1877 1173 dove
1908 1130 1944 1173 e’

141 1193 329 1239 ministri
351 1191 591 1239 ubidirono
615 1193 661 1238 in
683 1193 892 1248 Livorno,
917 1192 996 1239 che
1018 1207 1144 1240 tanto
1166 1193 1411 1254 importava
1432 1193 1469 1240 al
1493 1208 1646 1240 nostro
1667 1208 1782 1241 stato
1804 1208 1846 1241 et
1866 1194 1947 1241 alla

140 1259 414 1307 commodita
442 1260 569 1320 regia,
598 1278 651 1307 ne
679 1259 725 1307 fu
752 1259 979 1308 observata
1005 1260 1045 1308 13
1072 1260 1168 1308 fede
1192 1260 1386 1308 secondo
1413 1261 1453 1308 la
1480 1262 1594 1322 regia
1617 1270 1873 1323 promessa,e
1900 1277 1942 1310 et

138 1329 357 1389 speriamo
386 1328 466 1375 che
496 1328 688 1375 anchora
717 1328 827 1376 delle
854 1328 960 1376 altre
989 1347 1087 1376 cose
1114 1347 1194 1390 per
1220 1329 1261 1377 la
1290 1344 1439 1377 nostra
1466 1330 1749 1390 grandissima
1779 1331 1942 1378 iustitia

140 1396 298 1443 habbia
332 1414 355 1443 a
387 1397 552 1456 seguire
588 1396 616 1442 il
653 1396 908 1452 medesimo,
946 1396 1148 1444 havendo
1181 1395 1347 1444 etiam¹⁰
1381 1398 1664 1458 grandissima
1698 1398 1795 1445 fede
1830 1399 1943 1446 nella

137 1482 310 1511 somma
334 1465 498 1511 iustitia
519 1464 631 1511 della
651 1482 726 1511 sua
751 1468 936 1511 Cesarea
957 1465 1138 1521 Maesta,
1161 1465 1240 1512 che
1263 1483 1389 1513 come
1413 1466 1648 1513 iustissimo
1673 1467 1871 1527 principe
1897 1468 1941 1513 in

139 1531 209 1579 cio
230 1550 284 1578 ne
306 1531 437 1578 debbi
458 1546 649 1592 prestare
672 1531 823 1579 adiuto
844 1547 885 1579 et
907 1532 1069 1579 favore.

223 1603 409 1658 Quanto
429 1599 510 1646 alla
528 1614 678 1646 nostra
697 1599 1011 1647 dichiaratione
1031 1600 1110 1647 che
1128 1600 1169 1647 13
1187 1618 1262 1648 sua
1280 1601 1449 1648 Maesta
1463 1619 1543 1662 per
1561 1619 1716 1648 mezzo
1736 1602 1780 1649 di
1798 1617 1944 1649 vostre

137 1666 541 1714 Excellentissime¹¹
580 1668 776 1727 Signorie
816 1685 869 1714 ne
905 1668 1035 1715 vuole
1075 1668 1314 1725 intendere,
1350 1669 1510 1730 perche
1549 1670 1586 1716 ci
1622 1687 1724 1730 pare
1763 1688 1863 1717 cosa
1898 1670 1942 1717 di

138 1749 371 1782 momento
394 1735 695 1795 grandissimo,
720 1736 759 1782 ci
780 1735 802 1783 ὲ
821 1750 981 1796 paruto
1002 1737 1242 1784 necessario
1265 1755 1390 1784 come
1411 1737 1451 1784 la
1470 1736 1578 1784 sua¹²
1600 1741 1786 1785 Cesarea
1804 1742 1943 1786 Maes-

136 1802 180 1850 ta
197 1803 663 1863 sapientissimamente
684 1821 738 1850 ne
760 1803 814 1851 ha
832 1803 1042 1851 mandato
1062 1822 1085 1851 a
1103 1822 1211 1852 voce
1230 1806 1342 1861 viva,
1363 1805 1452 1852 cosi
1474 1823 1498 1852 a
1515 1823 1623 1853 voce
1643 1807 1743 1853 viva
1761 1805 1849 1853 fare
1870 1807 1941 1853 ris-

134 1885 275 1931 posta3
294 1871 483 1918 maxime
500 1871 682 1918 essendo
699 1871 891 1918 anchora
907 1871 1088 1932 qualche
1106 1872 1213 1919 altra
1227 1873 1405 1933 cagione
1419 1873 1580 1934 perche
1598 1873 1834 1921 habbiamo
1852 1875 1939 1934 giu-

136 1938 283 1985 dicato
305 1956 418 1985 esser
442 1940 695 1986 necessario.
723 1942 772 1985 E’
800 1940 937 1986 nostri
965 1939 1267 1987 ambasciatori
1293 1940 1374 1988 alla
1397 1959 1473 1988 sua
1498 1939 1697 1988 Maesta¹³
1724 1941 1745 1988 ὲ
1771 1941 1839 2002 gia
1861 1942 1938 2003 piu

135 2006 179 2053 dl
200 2024 313 2053 sono
337 2006 462 2054 electi
482 2022 523 2054 et
545 2001 771 2068 deputati,s
790 2022 831 2055 et
852 2008 998 2055 avanti
1018 2008 1209 2056 anchora
1231 2008 1474 2056 havessimo
1497 2010 1656 2057 notitia
1676 2009 1788 2057 della
1806 2028 1938 2057 venu-

134 2089 179 2122 ta
200 2089 361 2131 vostra,
388 2075 401 2121 i
425 2074 541 2136 quali
564 2075 876 2123 sollicitaremo
901 2091 943 2123 et
966 2094 1154 2124 saranno
1179 2076 1233 2124 da
1253 2095 1329 2124 sua
1352 2077 1521 2125 Maesta
1544 2093 1585 2125 et
1611 2079 1655 2124 in
1682 2078 1819 2126 modo
1843 2097 1937 2140 par-

134 2142 317 2189 leranno
343 2161 428 2190 con
456 2161 568 2204 epsa,
595 2143 674 2190 che
699 2144 838 2191 siamo
863 2145 1090 2192 certissimi
1117 2145 1196 2192 che
1221 2145 1264 2192 di
1291 2146 1366 2192 noi
1392 2146 1551 2193 testera
1574 2146 1685 2194 bene
1710 2162 1938 2203 contento,

136 2210 339 2258 havendo
366 2210 462 2258 fede
489 2211 771 2272 grandissima
800 2212 912 2259 nella
937 2212 1053 2260 virtu
1082 2228 1124 2260 et
1150 2213 1381 2261 clementia
1406 2214 1450 2261 di
1477 2232 1553 2262 sua
1579 2215 1748 2262 Maesta
1773 2230 1815 2262 et
1843 2234 1935 2262 non

135 2296 269 2326 meno
292 2278 405 2326 nella
426 2280 588 2326 iustitia
609 2279 721 2327 della
741 2295 889 2327 nostra
911 2299 1047 2328 causa.

219 2351 279 2394 La
292 2361 415 2407 parte
433 2346 476 2394 di
494 2348 605 2394 Pisag
621 2347 868 2408 parleremo
887 2366 971 2395 con
990 2348 1028 2396 le
1046 2353 1203 2396 Vostre
1222 2349 1552 2410 Magnificentie
1568 2350 1846 2411 largamente.
1867 2356 1939 2398 Ha

211 2573 228 2599 ‘¹
245 2582 307 2618 See
325 2592 412 2618 note
429 2580 460 2628 c)
480 2580 604 2618 above.

213 2643 225 2657 ³
242 2641 284 2675 In
296 2637 359 2676 the
374 2650 501 2687 treaty,
519 2638 666 2677 Charles
681 2642 762 2677 Vm
777 2639 847 2678 had
861 2640 1043 2689 promised
1058 2653 1098 2678 to
1114 2653 1239 2679 return
1254 2642 1329 2679 Pisa
1345 2641 1415 2680 and
1427 2642 1490 2680 the
1505 2642 1650 2680 for-trees
1667 2642 1708 2680 of
1723 2644 1882 2681 Livorno
1896 2655 1936 2681 to

133 2689 304 2728 Florence
318 2689 408 2728 after
421 2690 475 2728 his
489 2703 614 2729 return
623 2691 722 2729 from
736 2691 880 2741 Naples,
897 2692 961 2730 but
975 2692 1064 2730 after
1075 2692 1198 2742 failing
1210 2705 1250 2731 to
1264 2705 1398 2732 restore
1412 2695 1498 2739 Pisa,
1515 2694 1685 2733 Florence
1699 2709 1769 2733 was
1784 2695 1938 2744 engaged

132 2742 171 2779 in
188 2755 207 2779 a
222 2741 372 2790 lengthy
390 2756 464 2780 war
479 2755 519 2780 to
538 2757 685 2781 recover
701 2744 740 2781 it.
758 2744 983 2782 Maximilian
1000 2757 1066 2783 not
1084 2744 1173 2794 only
1189 2745 1388 2784 demanded
1404 2745 1483 2784 that
1497 2746 1561 2784 she
1578 2760 1673 2785 cease
1690 2746 1844 2796 fighting
1863 2748 1939 2785 Pisa

132 2794 197 2833 but
220 2794 310 2833 after
333 2795 388 2834 his
412 2795 539 2834 arrival
561 2796 662 2835 there
685 2798 724 2834 in
749 2797 913 2836 October
933 2797 1004 2836 laid
1026 2799 1118 2847 seige
1142 2810 1181 2836 to
1208 2800 1379 2844 Livorno3
1401 2799 1456 2837 his
1479 2799 1562 2838 sseet
1587 2814 1658 2838 was
1682 2799 1873 2849 destroyed
1899 2802 1938 2838 in

131 2847 354 2892 November,
375 2848 601 2893 Rubinstein,
621 2850 779 2887 ‘Firenze
797 2863 815 2887 e
832 2849 865 2888 la
882 2849 1028 2899 politica
1045 2850 1250 2899 imperiale,‘
1270 2854 1369 2889 8-13.

211 2898 222 2924 f
238 2909 432 2951 However,
450 2906 512 2945 the
528 2907 710 2946 mandates
727 2907 769 2946 of
785 2909 934 2946 Cosimo
953 2908 1009 2947 de'
1027 2910 1130 2947 Pazzi
1148 2909 1218 2948 and
1236 2913 1426 2948 Francesco
1446 2911 1541 2959 Pepi,
1560 2910 1693 2949 elected
1708 2925 1743 2949 as
1762 2911 1930 2949 ambassa-

130 2957 214 2996 dors
231 2970 272 2996 to
290 2958 353 2996 the
370 2972 538 3008 emperor
553 2959 789 3004 Maximilian,
807 2974 865 2998 are
881 2960 986 2999 dated
1004 2965 1025 2998 7
1042 2962 1249 3010 September
1270 2965 1366 3006 1496,
1387 2964 1449 3000 LC
1466 2966 1521 3006 23,
1539 2962 1618 3000 fols.
1638 2967 1764 3000 4v-7v.

211 3020 226 3042 ⁸
243 3018 306 3054 See
326 3015 413 3061 LC¹,
431 3017 494 3055 fol.
518 3021 611 3055 121r:
632 3020 664 3055 ‘a
683 3018 777 3056 bello
798 3020 923 3057 Pisano
942 3019 1186 3058 desisteremus
1207 3032 1242 3058 et
1259 3021 1289 3058 si
1308 3020 1394 3069 quid
1413 3022 1464 3058 rei
1482 3035 1565 3058 cum
1587 3022 1717 3059 Pisanis
1736 3035 1807 3059 esse
1828 3022 1933 3059 nobis

130 3080 347 3116 putaremus,
361 3068 578 3107 deferremus
592 3069 636 3107 ad
648 3071 901 3118 imperatorem
915 3074 1121 3109 Romanum
1135 3074 1297 3109 causam.'
1313 3072 1389 3110 The
1400 3073 1566 3121 question
1579 3072 1619 3111 of
1631 3074 1706 3111 Pisa
1718 3074 1745 3111 is
1756 3073 1932 3111 discussed

131 3131 166 3157 at
178 3131 314 3168 greater
324 3119 449 3169 length
462 3121 501 3158 in
512 3120 575 3159 the
588 3121 794 3159 Florentine
806 3122 1057 3160 ambassadors’
1074 3123 1238 3161 mandate
1252 3135 1292 3161 to
1304 3123 1366 3161 the
1381 3127 1556 3172 Emperor
1567 3124 1671 3162 dated
1685 3129 1706 3162 7
1718 3125 1936 3173 September,

132 3173 195 3208 LC
211 3174 267 3215 23,
284 3171 365 3209 fols.
386 3175 506 3216 5v—6r;
524 3172 568 3210 cf.
587 3185 674 3211 note
691 3173 722 3221 e)
742 3173 866 3211 above.
