2060 3450
122 185 296 219 POEMS
1826 171 1916 212 453

997 323 1051 364 28

846 394 911 432 IN
930 391 1203 432 MORTEM·

323 494 521 537 Mortem
545 489 726 536 horrent
748 505 916 543 omnes,
939 505 1093 534 verum
1116 501 1264 534 tamen
1287 485 1463 533 horrida
1485 503 1576 532 non
1599 500 1661 532 est

424 562 549 604 Mors
573 556 756 604 homini.
781 556 923 603 Vivis?
947 555 1181 602 Deteriora
1201 554 1322 602 feres.

996 697 1050 737 29

499 767 577 807 ΤΟ
598 767 811 806 MARCO
833 767 1198 806 GIANNARINI
1220 766 1295 804 OF
1316 764 1546 804 AREZZO

204 864 289 909 Mo,
316 860 400 901 fols.
425 863 554 901 3v-4r.
578 858 810 912 Incomplete
839 858 1045 911 autograph
1071 857 1168 898 draft
1192 858 1232 897 in
1257 857 1389 898 Scala’s
1412 857 1522 897 letter
1546 870 1588 897 to
1615 856 1842 896 Giannarini

207 918 321 969 (1224
340 915 493 967 [14969.
515 915 578 956 Cf.
597 930 663 956 no.
684 919 705 955 5
725 914 857 962 above,
875 914 914 954 ll.
935 917 1090 962 724-30,
1111 913 1183 954 and
1200 913 1313 961 Scala,
1337 916 1402 953 128
1422 915 1511 961 [87].

322 1054 462 1100 Mesia
483 1053 555 1100 det
577 1053 749 1100 Cereris
771 1069 941 1108 messes,
964 1052 1184 1098 Oenotria
1204 1050 1375 1107 Bacchi,

406 1120 574 1168 Titillet
595 1120 761 1167 Siculus
785 1119 983 1167 dulcibus
1006 1137 1084 1166 ora
1104 1118 1211 1166 favis

322 1193 375 1236 Et
398 1188 633 1236 fortunatis
655 1188 835 1235 ditescat
856 1187 1002 1248 Lydus
1024 1188 1176 1243 arenis,

407 1262 577 1318 Regum
600 1256 768 1304 delitias
789 1256 911 1304 India
931 1256 1078 1303 mittat
1098 1255 1217 1303 ebur.

322 1330 383 1373 At
403 1326 571 1387 placeat
590 1325 672 1372 sibi
695 1325 925 1385 thurigeris
947 1324 1162 1372 Panchaia
1179 1324 1327 1385 glebis,
1704 1338 1723 1369 5

406 1398 581 1454 Fragret
603 1408 644 1440 et
666 1394 711 1439 in
733 1393 921 1454 templis,
945 1392 1083 1440 fumet
1106 1407 1147 1439 et
1169 1407 1268 1439 ante
1289 1392 1405 1439 deos.

323 1463 551 1522 Lanigeras
572 1462 789 1508 mirentur
810 1479 913 1508 oves
935 1460 1021 1508 alio
1043 1460 1149 1507 orbe
1173 1461 1384 1516 Britanni,

405 1533 526 1576 Seres
547 1529 805 1576 bombicum
830 1528 990 1575 vellera
1006 1529 1125 1589 picta
1144 1528 1332 1575 trahant.

321 1602 375 1644 Et
396 1615 499 1657 gens
522 1615 718 1657 quaeque
738 1615 814 1644 sua
836 1596 961 1644 tollat
981 1614 1025 1643 se
1047 1596 1165 1652 dote,
1187 1614 1267 1643 nec
1289 1597 1379 1656 ipsa

407 1666 604 1720 Aretina,
626 1682 756 1720 cares,
776 1665 930 1725 patria,
951 1664 1077 1711 laude
1098 1679 1186 1720 tua,
1686 1678 1724 1709 10

321 1737 475 1780 Mente
495 1732 610 1780 vales
631 1733 842 1793 quoniam
866 1750 1040 1779 necnon
1063 1746 1104 1779 et
1125 1731 1260 1779 divite
1279 1731 1438 1792 lingua,

405 1800 524 1848 Urbs
546 1801 607 1848 sic
628 1815 730 1848 nata
748 1800 876 1848 bonis
900 1799 1052 1847 fertilis
1074 1801 1288 1861 ingeniis.¹

321 1941 388 1984 Ac
408 1936 545 1984 veluti
565 1937 744 1983 veniens
767 1937 956 1983 externis
978 1936 1133 1997 hospes
1156 1936 1209 1983 ab
1231 1937 1332 1992 oris,

320 2005 446 2052 Plebs
467 2006 502 2052 si
525 2006 775 2052 circumstet
798 2022 943 2052 rerum
966 2004 1187 2052 sitibunda
1209 2022 1438 2061 novarum,

321 2074 535 2120 Consistit
561 2073 729 2120 medius
749 2074 1062 2134 peregrinaque
1084 2072 1269 2120 flumina
1291 2088 1436 2120 narrat
1684 2088 1721 2119 15

319 2146 586 2202 Montesque
609 2156 651 2188 et
670 2142 814 2188 varios
837 2142 943 2188 ritus
964 2141 1178 2202 urbesque
1201 2141 1445 2202 domosque

323 2211 537 2269 (Intentus
556 2209 719 2269 pendet
739 2209 928 2269 populus
954 2210 1167 2256 narrantis
1188 2209 1241 2256 ab
1263 2210 1370 2268 ore),

319 2276 436 2323 Talis
457 2276 527 2323 ille
550 2276 632 2323 fuit
654 2276 816 2337 cupido
839 2276 948 2322 mihi
971 2276 1109 2323 multa
1130 2277 1300 2337 roganti

320 2343 712 2405 Monstriferasque
734 2345 871 2405 aperit
892 2359 1011 2391 vates
1030 2344 1165 2404 longo
1188 2344 1342 2391 ordine
1363 2344 1501 2391 silvas.

319 2411 474 2472 Effuge
495 2412 680 2472 pellaces
701 2427 866 2468 cantus,
889 2411 1010 2473 quod
1032 2411 1171 2459 fertur
1191 2427 1233 2459 et
1253 2416 1279 2469 †
1300 2430 1422 2459 aures
1442 2416 1469 2469 †
1680 2427 1722 2458 20

319 2479 580 2527 Dulichium
605 2479 752 2527 fecisse
774 2479 946 2536 ducem,
968 2497 1022 2527 ne
1042 2494 1235 2541 pasceret
1256 2481 1371 2527 inter

320 2551 537 2594 Armenta
558 2562 631 2595 aut
653 2548 803 2595 Circes
822 2548 1048 2608 grunniret
1072 2547 1125 2595 de
1144 2547 1322 2595 stabulis
1342 2566 1425 2595 sus.

320 2615 488 2662 Claude
510 2634 646 2671 aures,
671 2617 864 2676 inquam,
888 2630 929 2663 et
950 2615 1119 2663 lentum
1141 2617 1248 2677 picis
1271 2615 1388 2663 illine
1411 2617 1591 2663 viscum.

320 2684 430 2730 Otia
448 2683 561 2744 pelle
581 2684 750 2744 procul,
776 2701 829 2731 ne
851 2698 894 2731 te
915 2684 1023 2730 nihil
1046 2685 1148 2731 artis
1169 2698 1368 2744 agentem

320 2752 556 2798 Inveniat..
574 2791 582 2798 .
1680 2767 1720 2798 25

199 3017 288 3055 ²Cf.
308 3032 370 3055 no.
391 3021 443 3062 19;
460 3017 533 3056 this
550 3019 746 3056 Disticon
735 3032 775 3055 ιιι
790 3020 980 3056 Mortem
970 3033 998 3056 ις
1015 3018 1200 3067 appended
1217 3031 1256 3056 to
1276 3022 1301 3062 1,
1318 3018 1423 3056 letter
1438 3022 1501 3056 211
1522 3019 1646 3056 above.

199 3076 304 3114 ’The
319 3090 429 3125 poem
446 3078 474 3114 is
489 3076 714 3125 interrupted
727 3077 777 3125 by
791 3076 877 3115 four
890 3077 979 3115 lines
994 3077 1035 3115 of
1048 3091 1153 3126 prose
1169 3089 1203 3115 at
1218 3077 1281 3115 the
1295 3089 1362 3126 top
1376 3077 1418 3115 of
1430 3077 1495 3115 fol.
1511 3082 1563 3115 4r:
1581 3080 1665 3115 ‘una
1679 3077 1757 3115 alba
1772 3089 1807 3114 et
1824 3091 1923 3125 nigra

119 3141 162 3165 ex
176 3127 305 3166 eodem
318 3127 465 3176 palmite
478 3140 647 3166 manente
660 3130 844 3177 utriusque
860 3141 986 3166 natura
999 3128 1196 3166 inconfusa.
1212 3132 1264 3166 Ut
1276 3128 1321 3166 de
1338 3128 1496 3177 Cephiso
1511 3141 1546 3166 et
1562 3128 1671 3176 (Mela
1683 3128 1762 3176 del.)
1778 3091 1897 3166 Melmag
1887 3143 1926 3165 ιιι

119 3180 243 3217 Boetia
260 3180 323 3228 qui
339 3181 530 3217 commixti
548 3180 599 3228 (α
616 3180 809 3228 commisti)
829 3192 951 3218 tamen
967 3193 1116 3229 uterque
1131 3194 1231 3218 suam
1248 3192 1363 3218 servat
1382 3183 1569 3218 naturam?
