2118 3444
201 174 287 214 192
1805 179 1943 212 PART
1968 180 2002 212 11

198 332 352 379 aperto
375 334 738 377 cognosceremus
763 315 1010 376 superbiam
1036 330 1164 376 atque
1187 315 1476 362 ambitionem
1502 315 1794 376 quorundam,
1820 316 1895 376 qui
1917 330 2008 364 tan-

199 404 331 447 quam
354 386 551 446 pessimis
576 383 788 431 stimulati
814 383 935 430 furiis
960 383 1219 430 dominandi
1244 398 1372 444 atque
1394 383 1533 430 aliena
1556 383 1801 444 occupandi
1824 383 2006 431 libidine

199 469 400 515 aguntur,
419 454 545 500 istam
558 451 838 513 pontificiam
855 452 1081 499 lenitatem
1095 466 1224 512 atque
1239 451 1558 499 humanitatem
1573 466 1757 512 propter
1770 452 1887 512 pacis
1902 451 2007 499 desi-

199 523 371 570 derium
388 522 517 569 veriti
533 539 706 582 semper
724 520 886 568 fuimus
905 538 1037 581 quam
1054 521 1099 566 in
1116 534 1286 581 partem
1304 538 1519 567 novarum
1539 538 1685 567 rerum
1702 519 1886 567 studiosi
1906 521 2012 568 acci-

196 605 366 652 perent.
390 591 539 637 Nimis
562 590 655 636 veri
677 589 851 636 fuimus.

282 663 393 705 Non
408 658 550 706 solum
567 657 736 705 turbata
750 675 834 718 pax
850 657 988 704 Italica
1004 658 1087 704 iam
1106 671 1178 713 est,
1194 656 1267 704 sed
1282 656 1335 704 ad
1352 656 1446 713 hoc,
1464 656 1584 718 quod
1598 674 1621 704 a
1637 656 1740 704 dolo
1757 671 1798 704 et
1815 675 1839 704 a
1852 656 2028 718 proditi-

199 745 282 774 one
305 727 479 774 Venetis
501 725 835 782 sollicitantibus,
860 726 1029 773 initium
1054 725 1153 772 belli
1175 725 1267 782 fuit,
1292 726 1335 772 in
1358 740 1399 772 te
1423 740 1547 786 atque
1573 726 1616 771 in
1638 724 1865 772 Ecclesiam
1888 726 2019 786 primi

197 810 296 843 sunt
319 794 417 843 facti
438 796 634 856 impetus.
658 795 845 842 Descivit
867 795 1100 855 Astorgius,
1122 795 1376 842 Faventinus
1394 788 1610 850 Vicarius,b
1636 793 1815 841 foederis
1835 794 2014 855 acceptis

196 864 399 925 pecuniis,
426 863 478 911 ad
499 868 701 920 Venetos,
726 878 766 910 et
791 862 889 910 fidei
913 877 953 910 et
975 862 1230 924 pontificalis
1253 862 1520 924 obligationis
1542 881 1723 919 securus,
1747 862 1884 910 allexit
1905 863 2020 924 pacis

199 933 352 989 hostes,
380 933 453 993 qui
478 932 702 979 obsidione
729 931 924 988 Imolam,
950 946 1069 979 tuam
1095 931 1262 988 urbem,
1288 932 1508 979 cinxerunt
1535 936 1608 988 [et]
1634 931 1840 979 nonnulla
1863 931 2024 992 oppida

198 1015 402 1062 ceperunt
418 1001 653 1048 Vicariatus
668 1000 898 1047 Imolensis.
915 1004 967 1046 Et
986 1001 1062 1047 nisi
1076 1014 1243 1060 praesto
1261 999 1432 1047 fuissent
1448 999 1627 1047 foederis
1642 999 1804 1056 auxilia,
1822 1000 1900 1047 nisi
1913 1003 2018 1047 Dux

197 1069 446 1125 Mediolani,
462 1070 660 1130 princeps
676 1068 973 1115 bellacissimus
990 1082 1029 1115 et
1046 1069 1251 1115 Francisci
1266 1067 1443 1115 Sfortiae
1460 1068 1724 1129 dignissimus
1741 1068 1882 1125 heres,c
1901 1068 2012 1115 auxi-

197 1138 304 1184 lium
322 1137 494 1193 tulisset,
511 1155 648 1197 neque
664 1137 825 1184 solvere
844 1136 1112 1183 obsidionem
1132 1136 1281 1192 modo,
1296 1136 1368 1183 sed
1383 1136 1559 1183 latebras
1575 1137 1701 1184 etiam
1720 1154 1918 1197 quaerere
1933 1154 2025 1184 coe-

196 1207 316 1266 gisset
353 1206 536 1261 hostem,
573 1206 782 1252 nescimus
816 1206 889 1265 qui
924 1204 1048 1252 fuerit
1085 1204 1251 1252 futurus
1285 1219 1459 1251 eventus
1493 1204 1735 1252 durissimae
1770 1204 2014 1252 obsidionis.

197 1275 361 1321 Scimus
379 1288 524 1321 tamen
542 1273 638 1329 hoc,
656 1274 933 1320 reverentiam
951 1287 1234 1320 sacrosanctae
1252 1277 1471 1320 Romanae
1489 1272 1692 1319 Ecclesiae
1709 1287 1780 1320 aut
1797 1287 1916 1320 tuam
1935 1290 2026 1320 non

198 1342 321 1389 fuisse
339 1360 491 1389 eorum
510 1342 671 1389 rabiem
690 1359 736 1388 ac
753 1341 943 1388 furorem
963 1356 1307 1402 temperaturam.
1327 1345 1413 1388 Iam
1429 1359 1512 1401 pro
1530 1355 1646 1388 certo
1666 1340 1927 1388 habebamus
1941 1355 2031 1388 tam

198 1411 403 1470 insignem
425 1411 636 1466 iniuriam,
656 1424 745 1457 tam
766 1410 1025 1457 immeritam
1044 1427 1126 1470 pro
1147 1409 1436 1470 magnitudine
1456 1409 1603 1456 excelsi
1622 1409 1753 1456 animi
1771 1410 1834 1456 tui
1854 1408 1960 1456 ferre
1977 1423 2019 1456 te

197 1478 355 1525 diutius
382 1496 473 1525 non
497 1496 632 1538 posse.
661 1477 742 1525 Sed
767 1477 1008 1525 Lodovicus
1033 1471 1265 1538 Valperga,d
1291 1478 1413 1538 Regis
1437 1482 1699 1525 Francorum
1726 1477 1895 1538 legatus,
1923 1495 1947 1524 a
1971 1491 2012 1524 te

198 1546 360 1594 rediens
381 1564 481 1593 cum
503 1546 649 1593 litteris
670 1547 752 1593 tuis
774 1546 1020 1593 huiusmodi
1042 1547 1294 1607 opinionem
1317 1560 1505 1593 nostram
1528 1545 1812 1602 confirmavit,
1833 1546 1907 1607 qui
1927 1563 2019 1593 non

195 1615 337 1662 solum
359 1614 652 1662 molestissime
671 1614 809 1661 tulisse
828 1629 869 1661 te
889 1614 996 1661 hanc
1012 1614 1249 1675 sacrilegam
1270 1615 1464 1661 iniuriam
1482 1614 1758 1661 vehementer
1774 1615 1926 1671 asserit,
1943 1613 2016 1661 sed

197 1684 281 1730 iam
303 1684 360 1730 ita
377 1697 655 1730 commotum
675 1701 772 1739 esse,
793 1697 832 1730 et
852 1684 940 1729 iure
960 1682 1147 1743 quidem,
1165 1697 1213 1730 ut
1232 1683 1422 1730 statueris
1437 1682 1698 1743 pontificalia
1716 1700 1834 1730 arma
1850 1683 2025 1730 coniun-

196 1769 290 1811 gere
310 1769 409 1798 cum
430 1750 610 1798 foederis
628 1752 811 1798 exercitu
831 1765 871 1798 et
891 1751 1182 1798 turbatoribus
1198 1752 1310 1811 pacis
1328 1765 1368 1798 et
1386 1766 1474 1798 tam
1492 1750 1689 1811 sacrilego
1707 1765 1881 1811 tamque
1900 1765 2029 1798 teme-

199 1820 307 1866 rario
328 1819 440 1866 hosti
456 1820 598 1877 venire
618 1819 804 1866 obviam.
823 1823 921 1866 Nos
937 1837 989 1866 eo
1009 1820 1162 1866 nuntio
1180 1837 1335 1879 magno
1353 1818 1507 1879 gaudio
1525 1819 1619 1866 elati
1635 1837 1794 1866 sumus.
1811 1818 2020 1866 Videmus

197 1889 311 1934 enim
342 1887 433 1934 fore
460 1902 507 1934 ut
536 1887 654 1934 nullo
683 1888 868 1947 negotio,
897 1887 1045 1934 additis
1070 1887 1228 1934 viribus
1254 1902 1378 1948 atque
1404 1905 1574 1934 summa
1601 1888 1849 1934 auctoritate
1875 1902 1949 1934 tua
1973 1886 2027 1934 ad

197 1971 375 2003 conatus
395 1970 576 2012 nostros,
597 1955 700 2003 idest
721 1955 912 2012 foederis,
931 1974 1080 2016 pacem
1102 1955 1333 2016 implorent
1354 1955 1396 2002 hi
1416 1957 1489 2016 qui
1508 1974 1600 2003 eam
1620 1970 1708 2003 tam
1729 1955 1910 2016 indigne,
1929 1970 2018 2002 tam

195 2024 376 2085 superbe
397 2024 623 2071 violarunt.

281 2095 344 2139 Te
372 2093 503 2153 igitur
528 2111 731 2153 rogamus
759 2107 806 2140 ut
831 2094 922 2140 sine
950 2111 1075 2140 mora
1103 2094 1178 2153 (est
1206 2094 1323 2140 enim
1350 2093 1494 2140 omnis
1520 2092 1771 2153 plenissima
1794 2091 2008 2153 periculo-

197 2162 310 2221 rum)
331 2162 654 2208 sanctissimum
675 2161 790 2208 Istud
806 2162 1085 2222 propositum
1106 2176 1232 2208 tuum
1252 2162 1488 2222 exequaris,
1508 2179 1659 2222 augeas
1675 2160 1876 2217 foederis,
1895 2160 2004 2208 idest

194 2230 325 2289 pacis,
348 2230 604 2285 exercitum,
623 2229 841 2276 ulciscaris
862 2230 1065 2276 iniuriam
1086 2229 1286 2276 ecclesiae
1306 2230 1644 2276 immeritissime
1667 2229 1845 2286 illatam,
1863 2228 2008 2276 foede-

197 2315 382 2358 rumque
405 2312 446 2344 et
462 2298 579 2358 pacis
599 2312 929 2358 contemptores
948 2297 1111 2345 afficias
1128 2299 1283 2345 merita
1299 2316 1456 2359 poena,
1477 2297 1597 2359 quod
1617 2297 1697 2345 tibi
1713 2298 2003 2359 sempiternae

195 2365 357 2426 gloriae
379 2367 447 2422 sit,
472 2381 513 2413 et
536 2367 580 2412 in
603 2365 796 2413 futuram
820 2381 1007 2413 aetatem
1027 2366 1298 2414 documento
1321 2366 1527 2413 omnibus
1553 2366 1806 2413 hominibus
1830 2380 2005 2413 tantum

196 2434 354 2481 audere
374 2452 466 2481 non
487 2449 707 2495 oportere,
731 2436 1000 2482 maiestatem
1019 2436 1139 2482 istius
1158 2436 1420 2482 sacrosancti
1439 2435 1641 2481 culminis
1661 2449 1855 2482 sanctam
1875 2449 2005 2495 atque

197 2502 497 2549 inviolabilem
524 2520 625 2558 esse,
647 2521 800 2563 pacem
820 2504 1090 2563 praesertim,
1114 2521 1222 2563 quae
1243 2517 1310 2550 tot
1333 2517 1564 2563 tantosque
1586 2517 1816 2549 assertores
1837 2502 2007 2558 habeat,

195 2571 286 2617 sine
304 2570 502 2631 periculo
522 2570 725 2631 maloque
743 2571 897 2618 violari
917 2589 1007 2618 non
1023 2589 1163 2632 posse,
1185 2585 1226 2618 et
1244 2571 1390 2618 haberi
1408 2571 1599 2618 ludibrio
1618 2570 1768 2627 fidem,
1786 2588 1895 2632 quae
1912 2571 2004 2618 uni-

196 2657 245 2685 ca
271 2653 332 2686 est
361 2640 405 2685 in
435 2639 562 2686 rebus
590 2639 792 2686 humanis
821 2640 972 2696 virtus,
1002 2657 1124 2700 quae,
1150 2654 1454 2700 praeterquam
1483 2639 1603 2700 quod
1629 2640 1808 2700 propria
1834 2638 2009 2686 videtur

198 2707 404 2763 hominis,
426 2722 655 2754 conservat
673 2726 721 2754 ac
737 2708 843 2768 regit
861 2707 1097 2754 humanam
1116 2709 1385 2763 societatem,
1401 2722 1442 2754 et
1458 2707 1710 2754 detestabile
1726 2722 1767 2754 et
1782 2707 2004 2754 abomina-

195 2775 281 2822 bile
303 2793 390 2822 esse
411 2790 458 2822 ut
479 2776 653 2822 vincere
671 2777 807 2836 possit
830 2793 1010 2822 omnem
1032 2776 1303 2836 patientiam,
1322 2793 1562 2836 provocare
1583 2789 1728 2822 autem
1751 2792 1842 2822 non
1863 2774 2003 2822 homi-

309 3080 328 3113 J
385 3107 391 3114 .
567 3108 573 3114 .

308 3076 620 3173 Gbaulieaglzffelxliitria
637 3134 770 3179 Sforza
789 3134 885 3173 duke
903 3134 944 3172 of
959 3134 1084 3179 Milan,
1102 3149 1158 3172 see
1177 3134 1238 3172 the
1255 3134 1444 3182 following
1460 3134 1565 3172 letter
1580 3137 1612 3178 3,
1631 3145 1718 3171 note
1735 3133 1778 3181 c).

311 3193 412 3240 Luigi
429 3192 473 3229 da
492 3192 674 3240 Valperga.
