<?xml version="1.0" encoding="UTF-8"?>
<!DOCTYPE html PUBLIC "-//W3C//DTD XHTML 1.0 Transitional//EN"
    "http://www.w3.org/TR/xhtml1/DTD/xhtml1-transitional.dtd">
<html xmlns="http://www.w3.org/1999/xhtml" xml:lang="en" lang="en">
 <head>
  <title>
</title>
<meta http-equiv="Content-Type" content="text/html;charset=utf-8" />
  <meta name='ocr-system' content='tesseract 3.04.00' />
  <meta name='ocr-capabilities' content='ocr_page ocr_carea ocr_par ocr_line ocrx_word'/>
</head>
<body>
  <div class='ocr_page' id='page_1' title='image "bartolomeoscalah00scaluoft_0289.png"; bbox 0 0 2118 3444; ppageno 0'>
   <div class='ocr_carea' id='block_1_1' title="bbox 140 163 1937 204">
    <p class='ocr_par' dir='ltr' id='par_1_1' title="bbox 140 163 1937 204">
     <span class='ocr_line' id='line_1_1' title="bbox 140 163 1937 204; baseline 0 0"><span class='ocrx_word' id='word_1_1' title='bbox 140 170 420 204; x_wconf 86' lang='lat' dir='ltr'>ORATIONS</span> <span class='ocrx_word' id='word_1_2' title='bbox 1846 163 1937 204; x_wconf 86' lang='lat'>249</span> 
     </span>
    </p>
   </div>
   <div class='ocr_carea' id='block_1_2' title="bbox 106 304 1949 2546">
    <p class='ocr_par' dir='ltr' id='par_1_2' title="bbox 138 304 1949 775">
     <span class='ocr_line' id='line_1_2' title="bbox 225 304 1945 367; baseline 0 -13"><span class='ocrx_word' id='word_1_3' title='bbox 225 306 350 367; x_wconf 90' lang='lat' dir='ltr'><strong>Quid</strong></span> <span class='ocrx_word' id='word_1_4' title='bbox 371 324 475 367; x_wconf 90' lang='lat' dir='ltr'>ergo</span> <span class='ocrx_word' id='word_1_5' title='bbox 494 306 669 367; x_wconf 90' lang='lat' dir='ltr'>longior</span> <span class='ocrx_word' id='word_1_6' title='bbox 690 307 842 354; x_wconf 90' lang='lat' dir='ltr'>vestris</span> <span class='ocrx_word' id='word_1_7' title='bbox 860 305 1104 367; x_wconf 89' lang='lat' dir='ltr'>prudentiis</span> <span class='ocrx_word' id='word_1_8' title='bbox 1125 304 1329 354; x_wconf 86' lang='lat' dir='ltr'>futurus¹²</span> <span class='ocrx_word' id='word_1_9' title='bbox 1353 308 1470 354; x_wconf 86' lang='lat' dir='ltr'>sum?</span> <span class='ocrx_word' id='word_1_10' title='bbox 1494 306 1845 354; x_wconf 91' lang='lat' dir='ltr'>Concedendum</span> <span class='ocrx_word' id='word_1_11' title='bbox 1868 322 1945 363; x_wconf 91' lang='lat' dir='ltr'>est,</span> 
     </span>
     <span class='ocr_line' id='line_1_3' title="bbox 138 374 1943 436; baseline -0.001 -13"><span class='ocrx_word' id='word_1_12' title='bbox 138 376 398 423; x_wconf 86' lang='lat' dir='ltr'>sanctissimi</span> <span class='ocrx_word' id='word_1_13' title='bbox 415 389 573 436; x_wconf 90' lang='lat' dir='ltr'>patres,</span> <span class='ocrx_word' id='word_1_14' title='bbox 591 389 664 422; x_wconf 90' lang='lat' dir='ltr'>aut</span> <span class='ocrx_word' id='word_1_15' title='bbox 681 375 894 421; x_wconf 90' lang='lat' dir='ltr'>aerarium</span> <span class='ocrx_word' id='word_1_16' title='bbox 909 389 1103 421; x_wconf 90' lang='lat' dir='ltr'>vestrum</span> <span class='ocrx_word' id='word_1_17' title='bbox 1124 392 1215 421; x_wconf 90' lang='lat' dir='ltr'>non</span> <span class='ocrx_word' id='word_1_18' title='bbox 1233 392 1320 422; x_wconf 91' lang='lat' dir='ltr'>esse</span> <span class='ocrx_word' id='word_1_19' title='bbox 1338 374 1638 422; x_wconf 90' lang='lat' dir='ltr'>evacuandum</span> <span class='ocrx_word' id='word_1_20' title='bbox 1653 393 1736 435; x_wconf 91' lang='lat' dir='ltr'>pro</span> <span class='ocrx_word' id='word_1_21' title='bbox 1756 376 1943 422; x_wconf 91' lang='lat' dir='ltr'>inimicis</span> 
     </span>
     <span class='ocr_line' id='line_1_4' title="bbox 139 441 1946 503; baseline -0.001 -13"><span class='ocrx_word' id='word_1_22' title='bbox 139 444 306 499; x_wconf 90' lang='lat' dir='ltr'>vestris,</span> <span class='ocrx_word' id='word_1_23' title='bbox 333 457 406 490; x_wconf 90' lang='lat' dir='ltr'>aut</span> <span class='ocrx_word' id='word_1_24' title='bbox 431 460 655 489; x_wconf 89' lang='lat' dir='ltr'>summum</span> <span class='ocrx_word' id='word_1_25' title='bbox 686 443 850 503; x_wconf 84' lang='lat' dir='ltr'>patriae</span> <span class='ocrx_word' id='word_1_26' title='bbox 874 456 1039 488; x_wconf 88' lang='lat' dir='ltr'>vestrae</span> <span class='ocrx_word' id='word_1_27' title='bbox 1063 441 1306 502; x_wconf 90' lang='lat' dir='ltr'>periculum</span> <span class='ocrx_word' id='word_1_28' title='bbox 1337 456 1378 489; x_wconf 92' lang='lat' dir='ltr'>et</span> <span class='ocrx_word' id='word_1_29' title='bbox 1403 442 1637 489; x_wconf 88' lang='lat' dir='ltr'>discrimen</span> <span class='ocrx_word' id='word_1_30' title='bbox 1664 442 1946 503; x_wconf 89' lang='lat' dir='ltr'>parvifacien-</span> 
     </span>
     <span class='ocr_line' id='line_1_5' title="bbox 139 508 1947 571; baseline -0.001 -13"><span class='ocrx_word' id='word_1_31' title='bbox 139 510 246 558; x_wconf 91' lang='lat' dir='ltr'>dum</span> <span class='ocrx_word' id='word_1_32' title='bbox 270 528 372 566; x_wconf 91' lang='lat' dir='ltr'>esse,</span> <span class='ocrx_word' id='word_1_33' title='bbox 398 510 472 571; x_wconf 91' lang='lat' dir='ltr'>qui</span> <span class='ocrx_word' id='word_1_34' title='bbox 495 508 605 557; x_wconf 87' lang='lat' dir='ltr'>illo¹³</span> <span class='ocrx_word' id='word_1_35' title='bbox 631 509 739 556; x_wconf 91' lang='lat' dir='ltr'>olim</span> <span class='ocrx_word' id='word_1_36' title='bbox 762 524 888 556; x_wconf 92' lang='lat' dir='ltr'>tanto</span> <span class='ocrx_word' id='word_1_37' title='bbox 909 509 1068 556; x_wconf 91' lang='lat' dir='ltr'>sudore</span> <span class='ocrx_word' id='word_1_38' title='bbox 1091 509 1260 556; x_wconf 90' lang='lat' dir='ltr'>liberati</span> <span class='ocrx_word' id='word_1_39' title='bbox 1283 510 1394 556; x_wconf 91' lang='lat' dir='ltr'>estis.</span> <span class='ocrx_word' id='word_1_40' title='bbox 1418 510 1646 557; x_wconf 88' lang='lat' dir='ltr'>Nimirum</span> <span class='ocrx_word' id='word_1_41' title='bbox 1672 511 1835 557; x_wconf 90' lang='lat' dir='ltr'>etenim</span> <span class='ocrx_word' id='word_1_42' title='bbox 1860 528 1947 557; x_wconf 93' lang='lat' dir='ltr'>cre-</span> 
     </span>
     <span class='ocr_line' id='line_1_6' title="bbox 139 576 1942 638; baseline -0.001 -12"><span class='ocrx_word' id='word_1_43' title='bbox 139 578 334 626; x_wconf 91' lang='lat' dir='ltr'>dendum</span> <span class='ocrx_word' id='word_1_44' title='bbox 357 593 434 634; x_wconf 93' lang='lat' dir='ltr'>est,</span> <span class='ocrx_word' id='word_1_45' title='bbox 455 578 530 638; x_wconf 92' lang='lat' dir='ltr'>qui</span> <span class='ocrx_word' id='word_1_46' title='bbox 549 577 682 625; x_wconf 93' lang='lat' dir='ltr'>semel</span> <span class='ocrx_word' id='word_1_47' title='bbox 704 576 861 625; x_wconf 84' lang='lat' dir='ltr'>defecit</span> <span class='ocrx_word' id='word_1_48' title='bbox 882 578 926 624; x_wconf 93' lang='lat' dir='ltr'>in</span> <span class='ocrx_word' id='word_1_49' title='bbox 947 578 1215 638; x_wconf 90' lang='lat' dir='ltr'>proximum,</span> <span class='ocrx_word' id='word_1_50' title='bbox 1241 576 1420 625; x_wconf 91' lang='lat' dir='ltr'>fortasse</span> <span class='ocrx_word' id='word_1_51' title='bbox 1441 577 1604 638; x_wconf 91' lang='lat' dir='ltr'>aliquid</span> <span class='ocrx_word' id='word_1_52' title='bbox 1623 577 1678 625; x_wconf 94' lang='lat' dir='ltr'>ad</span> <span class='ocrx_word' id='word_1_53' title='bbox 1695 578 1942 625; x_wconf 89' lang='lat' dir='ltr'>bonitatem</span> 
     </span>
     <span class='ocr_line' id='line_1_7' title="bbox 140 645 1949 707; baseline 0 -14"><span class='ocrx_word' id='word_1_54' title='bbox 140 646 319 694; x_wconf 91' lang='lat' dir='ltr'>reficere</span> <span class='ocrx_word' id='word_1_55' title='bbox 341 661 383 693; x_wconf 92' lang='lat' dir='ltr'>et</span> <span class='ocrx_word' id='word_1_56' title='bbox 407 645 626 693; x_wconf 91' lang='lat' dir='ltr'>conficere</span> <span class='ocrx_word' id='word_1_57' title='bbox 647 663 788 706; x_wconf 83' lang='lat' dir='ltr'>posse3</span> <span class='ocrx_word' id='word_1_58' title='bbox 814 645 890 692; x_wconf 89' lang='lat' dir='ltr'>sed</span> <span class='ocrx_word' id='word_1_59' title='bbox 912 663 1022 706; x_wconf 92' lang='lat' dir='ltr'>quos</span> <span class='ocrx_word' id='word_1_60' title='bbox 1045 663 1218 706; x_wconf 89' lang='lat' dir='ltr'>semper</span> <span class='ocrx_word' id='word_1_61' title='bbox 1240 645 1401 706; x_wconf 92' lang='lat' dir='ltr'>ubique</span> <span class='ocrx_word' id='word_1_62' title='bbox 1426 663 1526 692; x_wconf 93' lang='lat' dir='ltr'>cum</span> <span class='ocrx_word' id='word_1_63' title='bbox 1553 645 1759 693; x_wconf 90' lang='lat' dir='ltr'>omnibus</span> <span class='ocrx_word' id='word_1_64' title='bbox 1784 647 1949 707; x_wconf 91' lang='lat' dir='ltr'>pariter</span> 
     </span>
     <span class='ocr_line' id='line_1_8' title="bbox 139 712 1942 775; baseline 0 -14"><span class='ocrx_word' id='word_1_65' title='bbox 139 715 351 775; x_wconf 91' lang='lat' dir='ltr'>omnique</span> <span class='ocrx_word' id='word_1_66' title='bbox 374 731 500 761; x_wconf 92' lang='lat' dir='ltr'>causa</span> <span class='ocrx_word' id='word_1_67' title='bbox 521 713 676 761; x_wconf 89' lang='lat' dir='ltr'>ductos</span> <span class='ocrx_word' id='word_1_68' title='bbox 699 714 886 774; x_wconf 89' lang='lat' dir='ltr'>turpiter</span> <span class='ocrx_word' id='word_1_69' title='bbox 906 712 1110 760; x_wconf 88' lang='lat' dir='ltr'>defecisse</span> <span class='ocrx_word' id='word_1_70' title='bbox 1132 728 1317 769; x_wconf 88' lang='lat' dir='ltr'>constat,</span> <span class='ocrx_word' id='word_1_71' title='bbox 1339 713 1435 761; x_wconf 90' lang='lat' dir='ltr'>illos</span> <span class='ocrx_word' id='word_1_72' title='bbox 1459 713 1682 774; x_wconf 88' lang='lat' dir='ltr'>depravati</span> <span class='ocrx_word' id='word_1_73' title='bbox 1704 714 1876 761; x_wconf 90' lang='lat' dir='ltr'>habitus</span> <span class='ocrx_word' id='word_1_74' title='bbox 1900 729 1942 761; x_wconf 92' lang='lat' dir='ltr'>et</span> 
     </span>
    </p>

    <p class='ocr_par' dir='ltr' id='par_1_3' title="bbox 106 781 1947 1928">
     <span class='ocr_line' id='line_1_9' title="bbox 139 781 1940 842; baseline -0.001 -13"><span class='ocrx_word' id='word_1_75' title='bbox 139 781 469 829; x_wconf 87' lang='lat' dir='ltr'>consuetudinis</span> <span class='ocrx_word' id='word_1_76' title='bbox 492 799 592 829; x_wconf 90' lang='lat' dir='ltr'>suae</span> <span class='ocrx_word' id='word_1_77' title='bbox 615 799 857 842; x_wconf 88' lang='lat' dir='ltr'>numquam</span> <span class='ocrx_word' id='word_1_78' title='bbox 882 781 1067 828; x_wconf 92' lang='lat' dir='ltr'>modum</span> <span class='ocrx_word' id='word_1_79' title='bbox 1092 782 1327 842; x_wconf 89' lang='lat' dir='ltr'>expectetis</span> <span class='ocrx_word' id='word_1_80' title='bbox 1348 781 1585 829; x_wconf 90' lang='lat' dir='ltr'>habituros.</span> <span class='ocrx_word' id='word_1_81' title='bbox 1612 786 1715 829; x_wconf 92' lang='lat' dir='ltr'>Hoc</span> <span class='ocrx_word' id='word_1_82' title='bbox 1738 783 1940 829; x_wconf 88' lang='lat' dir='ltr'>omnium</span> 
     </span>
     <span class='ocr_line' id='line_1_10' title="bbox 106 844 1944 926; baseline 0 -29"><span class='ocrx_word' id='word_1_83' title='bbox 106 844 108 846; x_wconf 6' lang='grc' dir='ltr'><strong><em>θ</em></strong></span> <span class='ocrx_word' id='word_1_84' title='bbox 139 849 396 897; x_wconf 91' lang='lat' dir='ltr'>fidelissimo</span> <span class='ocrx_word' id='word_1_85' title='bbox 417 864 675 910; x_wconf 89' lang='lat' dir='ltr'>tempestate</span> <span class='ocrx_word' id='word_1_86' title='bbox 694 864 842 897; x_wconf 90' lang='lat' dir='ltr'>nostra</span> <span class='ocrx_word' id='word_1_87' title='bbox 860 849 1022 897; x_wconf 91' lang='lat' dir='ltr'>ducum</span> <span class='ocrx_word' id='word_1_88' title='bbox 1044 848 1401 910; x_wconf 92' lang='lat' dir='ltr'>ferocissimoque</span> <span class='ocrx_word' id='word_1_89' title='bbox 1423 849 1740 926; x_wconf 83' lang='lat' dir='ltr'>Carmagnolae</span> <span class='ocrx_word' id='word_1_90' title='bbox 1760 851 1944 911; x_wconf 89' lang='lat' dir='ltr'>contigit</span> 
     </span>
     <span class='ocr_line' id='line_1_11' title="bbox 138 917 1940 979; baseline 0 -14"><span class='ocrx_word' id='word_1_91' title='bbox 138 919 339 979; x_wconf 89' lang='lat' dir='ltr'>experiri,</span> <span class='ocrx_word' id='word_1_92' title='bbox 361 919 482 965; x_wconf 91' lang='lat' dir='ltr'>cuius</span> <span class='ocrx_word' id='word_1_93' title='bbox 503 936 621 979; x_wconf 93' lang='lat' dir='ltr'>opes,</span> <span class='ocrx_word' id='word_1_94' title='bbox 643 935 748 978; x_wconf 90' lang='lat' dir='ltr'>quas</span> <span class='ocrx_word' id='word_1_95' title='bbox 768 917 850 965; x_wconf 90' lang='lat' dir='ltr'>illis</span> <span class='ocrx_word' id='word_1_96' title='bbox 871 917 1127 974; x_wconf 90' lang='lat' dir='ltr'>crediderat,</span> <span class='ocrx_word' id='word_1_97' title='bbox 1145 932 1187 964; x_wconf 91' lang='lat' dir='ltr'>et</span> <span class='ocrx_word' id='word_1_98' title='bbox 1207 918 1419 965; x_wconf 86' lang='lat' dir='ltr'>exercitus</span> <span class='ocrx_word' id='word_1_99' title='bbox 1439 932 1481 965; x_wconf 91' lang='lat' dir='ltr'>et</span> <span class='ocrx_word' id='word_1_100' title='bbox 1499 919 1589 965; x_wconf 89' lang='lat' dir='ltr'>vita</span> <span class='ocrx_word' id='word_1_101' title='bbox 1608 918 1830 979; x_wconf 91' lang='lat' dir='ltr'>hucusque</span> <span class='ocrx_word' id='word_1_102' title='bbox 1852 918 1940 966; x_wconf 89' lang='lat' dir='ltr'>feli-</span> 
     </span>
     <span class='ocr_line' id='line_1_12' title="bbox 138 985 1947 1062; baseline 0.001 -29"><span class='ocrx_word' id='word_1_103' title='bbox 138 987 309 1033; x_wconf 90' lang='lat' dir='ltr'>cissima</span> <span class='ocrx_word' id='word_1_104' title='bbox 348 987 580 1055; x_wconf 85' lang='lat' dir='ltr'>omnisque</span> <span class='ocrx_word' id='word_1_105' title='bbox 623 987 667 1032; x_wconf 93' lang='lat' dir='ltr'>in</span> <span class='ocrx_word' id='word_1_106' title='bbox 706 1000 906 1033; x_wconf 90' lang='lat' dir='ltr'>extremo</span> <span class='ocrx_word' id='word_1_107' title='bbox 944 985 1223 1062; x_wconf 83' lang='lat' dir='ltr'>nefandoque</span> <span class='ocrx_word' id='word_1_108' title='bbox 1259 985 1475 1046; x_wconf 91' lang='lat' dir='ltr'>supplicio</span> <span class='ocrx_word' id='word_1_109' title='bbox 1517 986 1727 1047; x_wconf 92' lang='lat' dir='ltr'>loquendi</span> <span class='ocrx_word' id='word_1_110' title='bbox 1767 986 1947 1034; x_wconf 85' lang='lat' dir='ltr'>facultas</span> 
     </span>
     <span class='ocr_line' id='line_1_13' title="bbox 138 1048 1940 1115; baseline 0.001 -14"><span class='ocrx_word' id='word_1_111' title='bbox 138 1054 344 1115; x_wconf 89' lang='lat' dir='ltr'>adempta</span> <span class='ocrx_word' id='word_1_112' title='bbox 368 1068 444 1101; x_wconf 90' lang='lat' dir='ltr'>est.</span> <span class='ocrx_word' id='word_1_113' title='bbox 448 1048 467 1079; x_wconf 75' lang='lat'>¹¹</span> <span class='ocrx_word' id='word_1_114' title='bbox 494 1058 555 1100; x_wconf 90' lang='lat' dir='ltr'>At</span> <span class='ocrx_word' id='word_1_115' title='bbox 585 1071 676 1100; x_wconf 93' lang='lat' dir='ltr'>non</span> <span class='ocrx_word' id='word_1_116' title='bbox 703 1071 921 1101; x_wconf 89' lang='lat' dir='ltr'>summam</span> <span class='ocrx_word' id='word_1_117' title='bbox 953 1054 1228 1114; x_wconf 90' lang='lat' dir='ltr'>imperatoris</span> <span class='ocrx_word' id='word_1_118' title='bbox 1254 1053 1438 1114; x_wconf 89' lang='lat' dir='ltr'>gloriam</span> <span class='ocrx_word' id='word_1_119' title='bbox 1466 1053 1657 1101; x_wconf 91' lang='lat' dir='ltr'>adimere</span> <span class='ocrx_word' id='word_1_120' title='bbox 1682 1069 1940 1115; x_wconf 86' lang='lat' dir='ltr'>potuerunt,</span> 
     </span>
     <span class='ocr_line' id='line_1_14' title="bbox 138 1121 1943 1183; baseline 0.001 -14"><span class='ocrx_word' id='word_1_121' title='bbox 138 1140 270 1183; x_wconf 90' lang='lat' dir='ltr'>quam</span> <span class='ocrx_word' id='word_1_122' title='bbox 289 1122 347 1169; x_wconf 95' lang='lat' dir='ltr'>ob</span> <span class='ocrx_word' id='word_1_123' title='bbox 369 1122 685 1182; x_wconf 88' lang='lat' dir='ltr'>ingentissimas</span> <span class='ocrx_word' id='word_1_124' title='bbox 704 1122 908 1169; x_wconf 89' lang='lat' dir='ltr'>victorias</span> <span class='ocrx_word' id='word_1_125' title='bbox 926 1122 1217 1182; x_wconf 90' lang='lat' dir='ltr'>ingratissimo</span> <span class='ocrx_word' id='word_1_126' title='bbox 1237 1136 1279 1169; x_wconf 90' lang='lat' dir='ltr'>et</span> <span class='ocrx_word' id='word_1_127' title='bbox 1295 1121 1590 1182; x_wconf 89' lang='lat' dir='ltr'>perfidissimo</span> <span class='ocrx_word' id='word_1_128' title='bbox 1607 1122 1777 1183; x_wconf 93' lang='lat' dir='ltr'>populo</span> <span class='ocrx_word' id='word_1_129' title='bbox 1798 1138 1943 1183; x_wconf 89' lang='lat' dir='ltr'>partas</span> 
     </span>
     <span class='ocr_line' id='line_1_15' title="bbox 138 1188 1944 1237; baseline 0 -1"><span class='ocrx_word' id='word_1_130' title='bbox 138 1189 193 1237; x_wconf 91' lang='lat' dir='ltr'>ad</span> <span class='ocrx_word' id='word_1_131' title='bbox 211 1207 436 1236; x_wconf 87' lang='lat' dir='ltr'>summum</span> <span class='ocrx_word' id='word_1_132' title='bbox 462 1188 616 1236; x_wconf 85' lang='lat' dir='ltr'>auxit¹⁴</span> <span class='ocrx_word' id='word_1_133' title='bbox 641 1189 815 1236; x_wconf 91' lang='lat' dir='ltr'>culmen</span> <span class='ocrx_word' id='word_1_134' title='bbox 837 1190 1011 1236; x_wconf 89' lang='lat' dir='ltr'>virtutis</span> <span class='ocrx_word' id='word_1_135' title='bbox 1032 1204 1074 1236; x_wconf 94' lang='lat' dir='ltr'>et</span> <span class='ocrx_word' id='word_1_136' title='bbox 1095 1189 1367 1236; x_wconf 88' lang='lat' dir='ltr'>fortitudinis</span> <span class='ocrx_word' id='word_1_137' title='bbox 1387 1207 1500 1236; x_wconf 88' lang='lat' dir='ltr'>suae.</span> <span class='ocrx_word' id='word_1_138' title='bbox 1524 1194 1627 1237; x_wconf 92' lang='lat' dir='ltr'>Hoc</span> <span class='ocrx_word' id='word_1_139' title='bbox 1650 1191 1781 1237; x_wconf 91' lang='lat' dir='ltr'>etiam</span> <span class='ocrx_word' id='word_1_140' title='bbox 1804 1192 1944 1237; x_wconf 90' lang='lat' dir='ltr'>omni-</span> 
     </span>
     <span class='ocr_line' id='line_1_16' title="bbox 137 1255 1947 1305; baseline 0.001 -1"><span class='ocrx_word' id='word_1_141' title='bbox 137 1275 214 1304; x_wconf 90' lang='lat' dir='ltr'>urn</span> <span class='ocrx_word' id='word_1_142' title='bbox 254 1255 429 1304; x_wconf 84' lang='lat' dir='ltr'>mater¹⁵</span> <span class='ocrx_word' id='word_1_143' title='bbox 468 1257 613 1304; x_wconf 91' lang='lat' dir='ltr'>Italiae</span> <span class='ocrx_word' id='word_1_144' title='bbox 650 1258 878 1304; x_wconf 91' lang='lat' dir='ltr'>civitatum</span> <span class='ocrx_word' id='word_1_145' title='bbox 916 1256 992 1304; x_wconf 91' lang='lat' dir='ltr'>flet</span> <span class='ocrx_word' id='word_1_146' title='bbox 1028 1258 1319 1304; x_wconf 90' lang='lat' dir='ltr'>vetustissima</span> <span class='ocrx_word' id='word_1_147' title='bbox 1357 1272 1398 1304; x_wconf 93' lang='lat' dir='ltr'>et</span> <span class='ocrx_word' id='word_1_148' title='bbox 1433 1258 1702 1305; x_wconf 89' lang='lat' dir='ltr'>sanctissima</span> <span class='ocrx_word' id='word_1_149' title='bbox 1739 1259 1947 1305; x_wconf 88' lang='lat' dir='ltr'>Patavina</span> 
     </span>
     <span class='ocr_line' id='line_1_17' title="bbox 138 1325 1945 1386; baseline 0.001 -14"><span class='ocrx_word' id='word_1_150' title='bbox 138 1326 302 1382; x_wconf 90' lang='lat' dir='ltr'>civitas,</span> <span class='ocrx_word' id='word_1_151' title='bbox 326 1343 436 1386; x_wconf 89' lang='lat' dir='ltr'>quae</span> <span class='ocrx_word' id='word_1_152' title='bbox 458 1326 731 1372; x_wconf 90' lang='lat' dir='ltr'>sanctissimo</span> <span class='ocrx_word' id='word_1_153' title='bbox 757 1340 798 1373; x_wconf 91' lang='lat' dir='ltr'>et</span> <span class='ocrx_word' id='word_1_154' title='bbox 819 1343 843 1372; x_wconf 90' lang='lat' dir='ltr'>a</span> <span class='ocrx_word' id='word_1_155' title='bbox 863 1326 1006 1386; x_wconf 90' lang='lat' dir='ltr'>prima</span> <span class='ocrx_word' id='word_1_156' title='bbox 1028 1325 1129 1373; x_wconf 93' lang='lat' dir='ltr'>inde</span> <span class='ocrx_word' id='word_1_157' title='bbox 1151 1326 1301 1386; x_wconf 88' lang='lat' dir='ltr'>genito</span> <span class='ocrx_word' id='word_1_158' title='bbox 1323 1325 1552 1373; x_wconf 90' lang='lat' dir='ltr'>nobilitate</span> <span class='ocrx_word' id='word_1_159' title='bbox 1576 1325 1776 1383; x_wconf 91' lang='lat' dir='ltr'>domino,</span> <span class='ocrx_word' id='word_1_160' title='bbox 1801 1327 1945 1374; x_wconf 90' lang='lat' dir='ltr'>amico</span> 
     </span>
     <span class='ocr_line' id='line_1_18' title="bbox 137 1393 1941 1442; baseline 0.001 -1"><span class='ocrx_word' id='word_1_161' title='bbox 137 1409 285 1441; x_wconf 89' lang='lat' dir='ltr'>vestro</span> <span class='ocrx_word' id='word_1_162' title='bbox 314 1408 405 1441; x_wconf 91' lang='lat' dir='ltr'>tam</span> <span class='ocrx_word' id='word_1_163' title='bbox 434 1393 690 1441; x_wconf 90' lang='lat' dir='ltr'>fidelissimo</span> <span class='ocrx_word' id='word_1_164' title='bbox 720 1393 940 1441; x_wconf 90' lang='lat' dir='ltr'>trucidato</span> <span class='ocrx_word' id='word_1_165' title='bbox 966 1393 1202 1441; x_wconf 90' lang='lat' dir='ltr'>candidum</span> <span class='ocrx_word' id='word_1_166' title='bbox 1231 1393 1395 1441; x_wconf 91' lang='lat' dir='ltr'>collum</span> <span class='ocrx_word' id='word_1_167' title='bbox 1426 1412 1554 1441; x_wconf 91' lang='lat' dir='ltr'>suum</span> <span class='ocrx_word' id='word_1_168' title='bbox 1585 1395 1748 1442; x_wconf 91' lang='lat' dir='ltr'>cruciat</span> <span class='ocrx_word' id='word_1_169' title='bbox 1775 1394 1941 1442; x_wconf 85' lang='lat' dir='ltr'>assidue</span> 
     </span>
     <span class='ocr_line' id='line_1_19' title="bbox 138 1456 1947 1523; baseline 0.001 -14"><span class='ocrx_word' id='word_1_170' title='bbox 138 1460 453 1509; x_wconf 81' lang='lat' dir='ltr'>acerbissimo¹⁶</span> <span class='ocrx_word' id='word_1_171' title='bbox 506 1456 633 1522; x_wconf 90' lang='lat' dir='ltr'>iugo.l</span> <span class='ocrx_word' id='word_1_172' title='bbox 686 1466 789 1509; x_wconf 94' lang='lat' dir='ltr'>Hoc</span> <span class='ocrx_word' id='word_1_173' title='bbox 836 1461 1043 1523; x_wconf 89' lang='lat' dir='ltr'>pulchrae</span> <span class='ocrx_word' id='word_1_174' title='bbox 1095 1466 1327 1510; x_wconf 90' lang='lat' dir='ltr'>Ravennae</span> <span class='ocrx_word' id='word_1_175' title='bbox 1376 1462 1583 1510; x_wconf 88' lang='lat' dir='ltr'>dominus</span> <span class='ocrx_word' id='word_1_176' title='bbox 1635 1462 1947 1510; x_wconf 89' lang='lat' dir='ltr'>confoederata</span> 
     </span>
     <span class='ocr_line' id='line_1_20' title="bbox 138 1527 1941 1592; baseline 0.001 -14"><span class='ocrx_word' id='word_1_177' title='bbox 138 1527 365 1578; x_wconf 86' lang='lat' dir='ltr'>amicitia¹⁷</span> <span class='ocrx_word' id='word_1_178' title='bbox 391 1545 432 1577; x_wconf 91' lang='lat' dir='ltr'>et</span> <span class='ocrx_word' id='word_1_179' title='bbox 456 1531 663 1577; x_wconf 89' lang='lat' dir='ltr'>societate</span> <span class='ocrx_word' id='word_1_180' title='bbox 690 1528 914 1578; x_wconf 78' lang='lat' dir='ltr'>confisus¹⁸</span> <span class='ocrx_word' id='word_1_181' title='bbox 942 1531 1089 1592; x_wconf 92' lang='lat' dir='ltr'>potuit</span> <span class='ocrx_word' id='word_1_182' title='bbox 1118 1546 1159 1578; x_wconf 93' lang='lat' dir='ltr'>et</span> <span class='ocrx_word' id='word_1_183' title='bbox 1183 1549 1357 1592; x_wconf 91' lang='lat' dir='ltr'>semper</span> <span class='ocrx_word' id='word_1_184' title='bbox 1379 1531 1544 1592; x_wconf 90' lang='lat' dir='ltr'>poterit</span> <span class='ocrx_word' id='word_1_185' title='bbox 1570 1530 1808 1588; x_wconf 89' lang='lat' dir='ltr'>testificari,</span> <span class='ocrx_word' id='word_1_186' title='bbox 1835 1531 1941 1579; x_wconf 92' lang='lat' dir='ltr'>dum</span> 
     </span>
     <span class='ocr_line' id='line_1_21' title="bbox 138 1598 1942 1661; baseline 0.001 -15"><span class='ocrx_word' id='word_1_187' title='bbox 138 1598 279 1646; x_wconf 87' lang='lat' dir='ltr'>fracto</span> <span class='ocrx_word' id='word_1_188' title='bbox 307 1598 359 1645; x_wconf 91' lang='lat' dir='ltr'>ab</span> <span class='ocrx_word' id='word_1_189' title='bbox 391 1598 473 1645; x_wconf 92' lang='lat' dir='ltr'>illis</span> <span class='ocrx_word' id='word_1_190' title='bbox 503 1599 595 1646; x_wconf 93' lang='lat' dir='ltr'>iure</span> <span class='ocrx_word' id='word_1_191' title='bbox 627 1598 933 1659; x_wconf 90' lang='lat' dir='ltr'>hospitalitatis</span> <span class='ocrx_word' id='word_1_192' title='bbox 962 1600 1157 1646; x_wconf 91' lang='lat' dir='ltr'>Venetiis</span> <span class='ocrx_word' id='word_1_193' title='bbox 1187 1617 1407 1646; x_wconf 90' lang='lat' dir='ltr'>venenum</span> <span class='ocrx_word' id='word_1_194' title='bbox 1439 1599 1678 1656; x_wconf 87' lang='lat' dir='ltr'>absorbuit,</span> <span class='ocrx_word' id='word_1_195' title='bbox 1711 1618 1942 1661; x_wconf 91' lang='lat' dir='ltr'>caramque</span> 
     </span>
     <span class='ocr_line' id='line_1_22' title="bbox 138 1666 1943 1729; baseline 0.001 -16"><span class='ocrx_word' id='word_1_196' title='bbox 138 1671 394 1714; x_wconf 87' lang='lat' dir='ltr'>Ravennam</span> <span class='ocrx_word' id='word_1_197' title='bbox 417 1681 459 1713; x_wconf 92' lang='lat' dir='ltr'>et</span> <span class='ocrx_word' id='word_1_198' title='bbox 478 1685 580 1714; x_wconf 85' lang='lat' dir='ltr'>suos</span> <span class='ocrx_word' id='word_1_199' title='bbox 604 1685 751 1723; x_wconf 90' lang='lat' dir='ltr'>omne,</span> <span class='ocrx_word' id='word_1_200' title='bbox 774 1681 822 1714; x_wconf 93' lang='lat' dir='ltr'>ut</span> <span class='ocrx_word' id='word_1_201' title='bbox 842 1666 1011 1723; x_wconf 88' lang='lat' dir='ltr'>videtis,</span> <span class='ocrx_word' id='word_1_202' title='bbox 1034 1666 1344 1715; x_wconf 88' lang='lat' dir='ltr'>descendentes</span> <span class='ocrx_word' id='word_1_203' title='bbox 1364 1667 1416 1715; x_wconf 91' lang='lat' dir='ltr'>ab</span> <span class='ocrx_word' id='word_1_204' title='bbox 1440 1667 1504 1715; x_wconf 87' lang='lat' dir='ltr'>his</span> <span class='ocrx_word' id='word_1_205' title='bbox 1525 1667 1705 1729; x_wconf 85' lang='lat' dir='ltr'>perfidis</span> <span class='ocrx_word' id='word_1_206' title='bbox 1727 1668 1943 1715; x_wconf 88' lang='lat' dir='ltr'>trucidan-</span> 
     </span>
     <span class='ocr_line' id='line_1_23' title="bbox 137 1734 1943 1797; baseline 0.001 -16"><span class='ocrx_word' id='word_1_207' title='bbox 137 1734 217 1782; x_wconf 91' lang='lat' dir='ltr'>dos</span> <span class='ocrx_word' id='word_1_208' title='bbox 240 1734 462 1795; x_wconf 78' lang='lat' dir='ltr'>reliquit.¹¹¹</span> <span class='ocrx_word' id='word_1_209' title='bbox 483 1739 586 1782; x_wconf 93' lang='lat' dir='ltr'>Hoc</span> <span class='ocrx_word' id='word_1_210' title='bbox 609 1753 763 1782; x_wconf 92' lang='lat' dir='ltr'>omnes</span> <span class='ocrx_word' id='word_1_211' title='bbox 784 1736 978 1782; x_wconf 92' lang='lat' dir='ltr'>consocii</span> <span class='ocrx_word' id='word_1_212' title='bbox 999 1736 1131 1782; x_wconf 91' lang='lat' dir='ltr'>vestri</span> <span class='ocrx_word' id='word_1_213' title='bbox 1152 1750 1193 1783; x_wconf 91' lang='lat' dir='ltr'>et</span> <span class='ocrx_word' id='word_1_214' title='bbox 1213 1754 1292 1783; x_wconf 90' lang='lat' dir='ltr'>vos</span> <span class='ocrx_word' id='word_1_215' title='bbox 1311 1735 1553 1796; x_wconf 92' lang='lat' dir='ltr'>plurimum</span> <span class='ocrx_word' id='word_1_216' title='bbox 1578 1737 1677 1783; x_wconf 89' lang='lat' dir='ltr'>estis</span> <span class='ocrx_word' id='word_1_217' title='bbox 1699 1737 1880 1797; x_wconf 91' lang='lat' dir='ltr'>experti,</span> <span class='ocrx_word' id='word_1_218' title='bbox 1901 1751 1943 1784; x_wconf 90' lang='lat' dir='ltr'>et</span> 
     </span>
     <span class='ocr_line' id='line_1_24' title="bbox 137 1801 1943 1865; baseline 0.001 -16"><span class='ocrx_word' id='word_1_219' title='bbox 137 1803 182 1849; x_wconf 90' lang='lat' dir='ltr'>in</span> <span class='ocrx_word' id='word_1_220' title='bbox 202 1817 431 1863; x_wconf 88' lang='lat' dir='ltr'>posterum</span> <span class='ocrx_word' id='word_1_221' title='bbox 453 1801 533 1849; x_wconf 87' lang='lat' dir='ltr'>ni¹⁹</span> <span class='ocrx_word' id='word_1_222' title='bbox 552 1818 728 1863; x_wconf 91' lang='lat' dir='ltr'>praesto</span> <span class='ocrx_word' id='word_1_223' title='bbox 748 1802 878 1850; x_wconf 92' lang='lat' dir='ltr'>fuerit</span> <span class='ocrx_word' id='word_1_224' title='bbox 896 1803 1024 1850; x_wconf 93' lang='lat' dir='ltr'>solita</span> <span class='ocrx_word' id='word_1_225' title='bbox 1044 1804 1181 1851; x_wconf 90' lang='lat' dir='ltr'>virtus</span> <span class='ocrx_word' id='word_1_226' title='bbox 1201 1818 1242 1851; x_wconf 93' lang='lat' dir='ltr'>et</span> <span class='ocrx_word' id='word_1_227' title='bbox 1262 1805 1408 1851; x_wconf 91' lang='lat' dir='ltr'>cautio</span> <span class='ocrx_word' id='word_1_228' title='bbox 1426 1819 1569 1851; x_wconf 90' lang='lat' dir='ltr'>vestra</span> <span class='ocrx_word' id='word_1_229' title='bbox 1586 1805 1775 1865; x_wconf 88' lang='lat' dir='ltr'>asperius</span> <span class='ocrx_word' id='word_1_230' title='bbox 1796 1823 1943 1865; x_wconf 88' lang='lat' dir='ltr'>exper-</span> 
     </span>
     <span class='ocr_line' id='line_1_25' title="bbox 138 1871 1123 1928; baseline 0.002 -12"><span class='ocrx_word' id='word_1_231' title='bbox 138 1871 301 1918; x_wconf 92' lang='lat' dir='ltr'>iemini.</span> <span class='ocrx_word' id='word_1_232' title='bbox 1117 1923 1123 1928; x_wconf 47' lang='grc'>,</span> 
     </span>
    </p>

    <p class='ocr_par' dir='ltr' id='par_1_4' title="bbox 135 1939 1947 2546">
     <span class='ocr_line' id='line_1_26' title="bbox 222 1939 1942 2000; baseline 0.002 -16"><span class='ocrx_word' id='word_1_233' title='bbox 222 1942 511 1999; x_wconf 88' lang='lat' dir='ltr'>Quapropter</span> <span class='ocrx_word' id='word_1_234' title='bbox 525 1940 560 1985; x_wconf 88' lang='lat' dir='ltr'>si</span> <span class='ocrx_word' id='word_1_235' title='bbox 576 1940 828 1986; x_wconf 89' lang='lat' dir='ltr'>suavissima</span> <span class='ocrx_word' id='word_1_236' title='bbox 846 1939 917 1986; x_wconf 92' lang='lat' dir='ltr'>illa</span> <span class='ocrx_word' id='word_1_237' title='bbox 931 1957 1030 1999; x_wconf 87' lang='lat' dir='ltr'>pax,</span> <span class='ocrx_word' id='word_1_238' title='bbox 1047 1957 1132 2000; x_wconf 88' lang='lat' dir='ltr'>qua</span> <span class='ocrx_word' id='word_1_239' title='bbox 1148 1939 1255 1986; x_wconf 92' lang='lat' dir='ltr'>nihil</span> <span class='ocrx_word' id='word_1_240' title='bbox 1272 1941 1461 1987; x_wconf 90' lang='lat' dir='ltr'>sanctius</span> <span class='ocrx_word' id='word_1_241' title='bbox 1480 1958 1504 1987; x_wconf 92' lang='lat' dir='ltr'>a</span> <span class='ocrx_word' id='word_1_242' title='bbox 1519 1940 1599 1987; x_wconf 91' lang='lat' dir='ltr'>diis</span> <span class='ocrx_word' id='word_1_243' title='bbox 1618 1940 1942 1987; x_wconf 89' lang='lat' dir='ltr'>immortalibus</span> 
     </span>
     <span class='ocr_line' id='line_1_27' title="bbox 138 2005 1942 2064; baseline 0.002 -12"><span class='ocrx_word' id='word_1_244' title='bbox 138 2005 393 2052; x_wconf 92' lang='lat' dir='ltr'>hominibus</span> <span class='ocrx_word' id='word_1_245' title='bbox 418 2005 585 2062; x_wconf 89' lang='lat' dir='ltr'>datum,</span> <span class='ocrx_word' id='word_1_246' title='bbox 609 2024 706 2053; x_wconf 91' lang='lat' dir='ltr'>cara</span> <span class='ocrx_word' id='word_1_247' title='bbox 724 2007 876 2053; x_wconf 85' lang='lat' dir='ltr'>vestris</span> <span class='ocrx_word' id='word_1_248' title='bbox 897 2006 1063 2054; x_wconf 91' lang='lat' dir='ltr'>civibus</span> <span class='ocrx_word' id='word_1_249' title='bbox 1087 2022 1129 2054; x_wconf 90' lang='lat' dir='ltr'>et</span> <span class='ocrx_word' id='word_1_250' title='bbox 1142 2022 1315 2054; x_wconf 44' lang='lat' dir='ltr'>*vestrae</span> <span class='ocrx_word' id='word_1_251' title='bbox 1334 2009 1548 2054; x_wconf 90' lang='lat' dir='ltr'>senectuti</span> <span class='ocrx_word' id='word_1_252' title='bbox 1571 2007 1718 2055; x_wconf 89' lang='lat' dir='ltr'>futura</span> <span class='ocrx_word' id='word_1_253' title='bbox 1739 2023 1815 2064; x_wconf 91' lang='lat' dir='ltr'>est,</span> <span class='ocrx_word' id='word_1_254' title='bbox 1836 2009 1871 2055; x_wconf 92' lang='lat' dir='ltr'>si</span> <span class='ocrx_word' id='word_1_255' title='bbox 1896 2009 1942 2054; x_wconf 93' lang='lat' dir='ltr'>in</span> 
     </span>
     <span class='ocr_line' id='line_1_28' title="bbox 136 2073 1942 2137; baseline 0.001 -17"><span class='ocrx_word' id='word_1_256' title='bbox 136 2073 272 2121; x_wconf 89' lang='lat' dir='ltr'>libera</span> <span class='ocrx_word' id='word_1_257' title='bbox 296 2074 471 2121; x_wconf 90' lang='lat' dir='ltr'>civitate</span> <span class='ocrx_word' id='word_1_258' title='bbox 492 2089 634 2121; x_wconf 90' lang='lat' dir='ltr'>vestra</span> <span class='ocrx_word' id='word_1_259' title='bbox 656 2074 835 2122; x_wconf 91' lang='lat' dir='ltr'>tandem</span> <span class='ocrx_word' id='word_1_260' title='bbox 860 2074 1037 2122; x_wconf 88' lang='lat' dir='ltr'>assiduis</span> <span class='ocrx_word' id='word_1_261' title='bbox 1063 2073 1195 2122; x_wconf 85' lang='lat' dir='ltr'>fessi²0</span> <span class='ocrx_word' id='word_1_262' title='bbox 1221 2075 1443 2123; x_wconf 90' lang='lat' dir='ltr'>laboribus</span> <span class='ocrx_word' id='word_1_263' title='bbox 1469 2076 1688 2136; x_wconf 89' lang='lat' dir='ltr'>quiescere</span> <span class='ocrx_word' id='word_1_264' title='bbox 1712 2077 1882 2137; x_wconf 90' lang='lat' dir='ltr'>cupitis,</span> <span class='ocrx_word' id='word_1_265' title='bbox 1908 2077 1942 2124; x_wconf 93' lang='lat' dir='ltr'>si</span> 
     </span>
     <span class='ocr_line' id='line_1_29' title="bbox 137 2143 1944 2205; baseline 0.002 -16"><span class='ocrx_word' id='word_1_266' title='bbox 137 2143 262 2189; x_wconf 91' lang='lat' dir='ltr'>castis</span> <span class='ocrx_word' id='word_1_267' title='bbox 281 2160 471 2189; x_wconf 86' lang='lat' dir='ltr'>uxorum</span> <span class='ocrx_word' id='word_1_268' title='bbox 492 2157 735 2190; x_wconf 89' lang='lat' dir='ltr'>vestrarum</span> <span class='ocrx_word' id='word_1_269' title='bbox 755 2144 979 2204; x_wconf 88' lang='lat' dir='ltr'>coniugiis,</span> <span class='ocrx_word' id='word_1_270' title='bbox 1001 2144 1036 2191; x_wconf 91' lang='lat' dir='ltr'>si</span> <span class='ocrx_word' id='word_1_271' title='bbox 1053 2144 1174 2191; x_wconf 89' lang='lat' dir='ltr'>suavi</span> <span class='ocrx_word' id='word_1_272' title='bbox 1194 2143 1384 2191; x_wconf 90' lang='lat' dir='ltr'>filiarum</span> <span class='ocrx_word' id='word_1_273' title='bbox 1403 2159 1646 2191; x_wconf 89' lang='lat' dir='ltr'>vestrarum</span> <span class='ocrx_word' id='word_1_274' title='bbox 1663 2144 1889 2205; x_wconf 88' lang='lat' dir='ltr'>pudicitia,</span> <span class='ocrx_word' id='word_1_275' title='bbox 1909 2145 1944 2192; x_wconf 93' lang='lat' dir='ltr'>si</span> 
     </span>
     <span class='ocr_line' id='line_1_30' title="bbox 135 2210 1947 2271; baseline 0.002 -14"><span class='ocrx_word' id='word_1_276' title='bbox 135 2228 209 2271; x_wconf 93' lang='lat' dir='ltr'>spe</span> <span class='ocrx_word' id='word_1_277' title='bbox 237 2210 433 2258; x_wconf 86' lang='lat' dir='ltr'>filiorum</span> <span class='ocrx_word' id='word_1_278' title='bbox 461 2211 535 2258; x_wconf 92' lang='lat' dir='ltr'>diu</span> <span class='ocrx_word' id='word_1_279' title='bbox 560 2210 645 2258; x_wconf 92' lang='lat' dir='ltr'>frui</span> <span class='ocrx_word' id='word_1_280' title='bbox 670 2211 934 2268; x_wconf 89' lang='lat' dir='ltr'>desideratis,</span> <span class='ocrx_word' id='word_1_281' title='bbox 957 2213 992 2259; x_wconf 88' lang='lat' dir='ltr'>si</span> <span class='ocrx_word' id='word_1_282' title='bbox 1017 2212 1142 2259; x_wconf 92' lang='lat' dir='ltr'>vobis</span> <span class='ocrx_word' id='word_1_283' title='bbox 1169 2213 1300 2260; x_wconf 90' lang='lat' dir='ltr'>etiam</span> <span class='ocrx_word' id='word_1_284' title='bbox 1323 2213 1692 2260; x_wconf 89' lang='lat' dir='ltr'>sanctissimarum</span> <span class='ocrx_word' id='word_1_285' title='bbox 1718 2214 1947 2261; x_wconf 92' lang='lat' dir='ltr'>amicitiar-</span> 
     </span>
     <span class='ocr_line' id='line_1_31' title="bbox 136 2279 1939 2342; baseline 0.002 -17"><span class='ocrx_word' id='word_1_286' title='bbox 136 2297 227 2335; x_wconf 92' lang='lat' dir='ltr'>um,</span> <span class='ocrx_word' id='word_1_287' title='bbox 246 2279 576 2339; x_wconf 89' lang='lat' dir='ltr'>cognationum,</span> <span class='ocrx_word' id='word_1_288' title='bbox 595 2279 877 2336; x_wconf 88' lang='lat' dir='ltr'>affinitatum,</span> <span class='ocrx_word' id='word_1_289' title='bbox 894 2280 1067 2327; x_wconf 89' lang='lat' dir='ltr'>vincula</span> <span class='ocrx_word' id='word_1_290' title='bbox 1082 2281 1321 2341; x_wconf 87' lang='lat' dir='ltr'>gratissima</span> <span class='ocrx_word' id='word_1_291' title='bbox 1335 2296 1450 2338; x_wconf 89' lang='lat' dir='ltr'>sunt,</span> <span class='ocrx_word' id='word_1_292' title='bbox 1469 2280 1647 2342; x_wconf 86' lang='lat' dir='ltr'>effugite</span> <span class='ocrx_word' id='word_1_293' title='bbox 1663 2285 1939 2329; x_wconf 85' lang='lat' dir='ltr'>Venetorum</span> 
     </span>
     <span class='ocr_line' id='line_1_32' title="bbox 135 2347 1942 2411; baseline 0.002 -18"><span class='ocrx_word' id='word_1_294' title='bbox 135 2365 408 2394; x_wconf 90' lang='lat' dir='ltr'>venenosum</span> <span class='ocrx_word' id='word_1_295' title='bbox 446 2362 487 2394; x_wconf 91' lang='lat' dir='ltr'>et</span> <span class='ocrx_word' id='word_1_296' title='bbox 519 2347 870 2395; x_wconf 87' lang='lat' dir='ltr'>scelestissimum</span> <span class='ocrx_word' id='word_1_297' title='bbox 907 2350 1236 2396; x_wconf 89' lang='lat' dir='ltr'>commercium.</span> <span class='ocrx_word' id='word_1_298' title='bbox 1272 2353 1446 2396; x_wconf 90' lang='lat' dir='ltr'>Servate</span> <span class='ocrx_word' id='word_1_299' title='bbox 1480 2349 1598 2397; x_wconf 90' lang='lat' dir='ltr'>illam</span> <span class='ocrx_word' id='word_1_300' title='bbox 1634 2368 1765 2411; x_wconf 88' lang='lat' dir='ltr'>quam</span> <span class='ocrx_word' id='word_1_301' title='bbox 1800 2350 1942 2397; x_wconf 89' lang='lat' dir='ltr'>adhuc</span> 
     </span>
     <span class='ocr_line' id='line_1_33' title="bbox 135 2416 1942 2475; baseline 0.002 -14"><span class='ocrx_word' id='word_1_302' title='bbox 135 2432 309 2475; x_wconf 89' lang='lat' dir='ltr'>semper</span> <span class='ocrx_word' id='word_1_303' title='bbox 337 2416 536 2462; x_wconf 90' lang='lat' dir='ltr'>servastis</span> <span class='ocrx_word' id='word_1_304' title='bbox 564 2434 782 2463; x_wconf 90' lang='lat' dir='ltr'>summam</span> <span class='ocrx_word' id='word_1_305' title='bbox 814 2417 1106 2464; x_wconf 89' lang='lat' dir='ltr'>constantiam</span> <span class='ocrx_word' id='word_1_306' title='bbox 1135 2432 1337 2464; x_wconf 90' lang='lat' dir='ltr'>vestram.</span> <span class='ocrx_word' id='word_1_307' title='bbox 1366 2421 1540 2464; x_wconf 90' lang='lat' dir='ltr'>Servate</span> <span class='ocrx_word' id='word_1_308' title='bbox 1569 2418 1735 2465; x_wconf 91' lang='lat' dir='ltr'>civitati</span> <span class='ocrx_word' id='word_1_309' title='bbox 1761 2433 1942 2474; x_wconf 90' lang='lat' dir='ltr'>vestrae,</span> 
     </span>
     <span class='ocr_line' id='line_1_34' title="bbox 135 2483 1938 2546; baseline 0.002 -17"><span class='ocrx_word' id='word_1_310' title='bbox 135 2483 318 2543; x_wconf 90' lang='lat' dir='ltr'>piissimi</span> <span class='ocrx_word' id='word_1_311' title='bbox 342 2498 500 2543; x_wconf 91' lang='lat' dir='ltr'>patres,</span> <span class='ocrx_word' id='word_1_312' title='bbox 522 2484 725 2530; x_wconf 92' lang='lat' dir='ltr'>omnium</span> <span class='ocrx_word' id='word_1_313' title='bbox 752 2485 983 2531; x_wconf 91' lang='lat' dir='ltr'>nationum</span> <span class='ocrx_word' id='word_1_314' title='bbox 1007 2485 1188 2545; x_wconf 88' lang='lat' dir='ltr'>gratiam</span> <span class='ocrx_word' id='word_1_315' title='bbox 1211 2500 1252 2532; x_wconf 91' lang='lat' dir='ltr'>et</span> <span class='ocrx_word' id='word_1_316' title='bbox 1273 2485 1630 2532; x_wconf 90' lang='lat' dir='ltr'>benivolentiam.</span> <span class='ocrx_word' id='word_1_317' title='bbox 1656 2489 1831 2533; x_wconf 91' lang='lat' dir='ltr'>Servate</span> <span class='ocrx_word' id='word_1_318' title='bbox 1852 2486 1938 2546; x_wconf 90' lang='lat' dir='ltr'>dig-</span> 
     </span>
    </p>
   </div>
   <div class='ocr_carea' id='block_1_3' title="bbox 136 2786 1945 3015">
    <p class='ocr_par' dir='ltr' id='par_1_5' title="bbox 136 2786 1945 2998">
     <span class='ocr_line' id='line_1_35' title="bbox 216 2786 1945 2845; baseline 0.003 -15"><span class='ocrx_word' id='word_1_319' title='bbox 216 2786 234 2811; x_wconf 75' lang='lat'>¹¹</span> <span class='ocrx_word' id='word_1_320' title='bbox 249 2795 376 2831; x_wconf 88' lang='lat' dir='ltr'>Count</span> <span class='ocrx_word' id='word_1_321' title='bbox 393 2794 667 2842; x_wconf 74' lang='lat' dir='ltr'>Carmagnuoh,</span> <span class='ocrx_word' id='word_1_322' title='bbox 684 2809 755 2832; x_wconf 93' lang='lat' dir='ltr'>one</span> <span class='ocrx_word' id='word_1_323' title='bbox 771 2794 812 2833; x_wconf 86' lang='lat' dir='ltr'>of</span> <span class='ocrx_word' id='word_1_324' title='bbox 823 2795 886 2833; x_wconf 92' lang='lat' dir='ltr'>the</span> <span class='ocrx_word' id='word_1_325' title='bbox 901 2795 1039 2844; x_wconf 81' lang='lat' dir='ltr'>leading</span> <span class='ocrx_word' id='word_1_326' title='bbox 1054 2796 1256 2834; x_wconf 69' lang='lat' dir='ltr'>condottieri</span> <span class='ocrx_word' id='word_1_327' title='bbox 1272 2797 1310 2833; x_wconf 92' lang='lat' dir='ltr'>in</span> <span class='ocrx_word' id='word_1_328' title='bbox 1326 2796 1425 2845; x_wconf 85' lang='lat' dir='ltr'>Italy,</span> <span class='ocrx_word' id='word_1_329' title='bbox 1442 2811 1513 2834; x_wconf 84' lang='lat' dir='ltr'>was</span> <span class='ocrx_word' id='word_1_330' title='bbox 1530 2796 1709 2835; x_wconf 84' lang='lat' dir='ltr'>beheaded</span> <span class='ocrx_word' id='word_1_331' title='bbox 1726 2798 1766 2834; x_wconf 88' lang='lat' dir='ltr'>in</span> <span class='ocrx_word' id='word_1_332' title='bbox 1783 2801 1869 2835; x_wconf 87' lang='lat'>1432</span> <span class='ocrx_word' id='word_1_333' title='bbox 1885 2797 1945 2835; x_wconf 84' lang='lat' dir='ltr'>for</span> 
     </span>
     <span class='ocr_line' id='line_1_36' title="bbox 137 2845 1942 2897; baseline 0.003 -15"><span class='ocrx_word' id='word_1_334' title='bbox 137 2846 357 2894; x_wconf 84' lang='lat' dir='ltr'>negotiating</span> <span class='ocrx_word' id='word_1_335' title='bbox 370 2845 462 2883; x_wconf 85' lang='lat' dir='ltr'>with</span> <span class='ocrx_word' id='word_1_336' title='bbox 474 2845 537 2884; x_wconf 89' lang='lat' dir='ltr'>the</span> <span class='ocrx_word' id='word_1_337' title='bbox 550 2845 647 2884; x_wconf 86' lang='lat' dir='ltr'>duke</span> <span class='ocrx_word' id='word_1_338' title='bbox 660 2846 701 2884; x_wconf 89' lang='lat' dir='ltr'>of</span> <span class='ocrx_word' id='word_1_339' title='bbox 713 2846 829 2885; x_wconf 88' lang='lat' dir='ltr'>Milan</span> <span class='ocrx_word' id='word_1_340' title='bbox 842 2847 950 2885; x_wconf 85' lang='lat' dir='ltr'>while</span> <span class='ocrx_word' id='word_1_341' title='bbox 963 2847 1155 2896; x_wconf 84' lang='lat' dir='ltr'>employed</span> <span class='ocrx_word' id='word_1_342' title='bbox 1168 2862 1203 2886; x_wconf 85' lang='lat' dir='ltr'>as</span> <span class='ocrx_word' id='word_1_343' title='bbox 1219 2849 1364 2886; x_wconf 88' lang='lat' dir='ltr'>Venice&#39;</span> <span class='ocrx_word' id='word_1_344' title='bbox 1364 2863 1381 2886; x_wconf 89' lang='lat' dir='ltr'>s</span> <span class='ocrx_word' id='word_1_345' title='bbox 1397 2850 1552 2897; x_wconf 89' lang='lat' dir='ltr'>Captain</span> <span class='ocrx_word' id='word_1_346' title='bbox 1566 2849 1732 2893; x_wconf 87' lang='lat' dir='ltr'>General,</span> <span class='ocrx_word' id='word_1_347' title='bbox 1749 2850 1942 2893; x_wconf 88' lang='lat' dir='ltr'>Romanin,</span> 
     </span>
     <span class='ocr_line' id='line_1_37' title="bbox 136 2898 1939 2950; baseline 0.003 -16"><span class='ocrx_word' id='word_1_348' title='bbox 136 2899 258 2942; x_wconf 72' lang='lat' dir='ltr'>scoria,</span> <span class='ocrx_word' id='word_1_349' title='bbox 291 2901 435 2935; x_wconf 76' lang='lat'>161-62.</span> <span class='ocrx_word' id='word_1_350' title='bbox 466 2901 524 2936; x_wconf 89' lang='lat' dir='ltr'>He</span> <span class='ocrx_word' id='word_1_351' title='bbox 552 2912 623 2936; x_wconf 86' lang='lat' dir='ltr'>was</span> <span class='ocrx_word' id='word_1_352' title='bbox 653 2898 812 2937; x_wconf 85' lang='lat' dir='ltr'>received</span> <span class='ocrx_word' id='word_1_353' title='bbox 839 2900 878 2936; x_wconf 89' lang='lat' dir='ltr'>in</span> <span class='ocrx_word' id='word_1_354' title='bbox 906 2900 1038 2938; x_wconf 90' lang='lat' dir='ltr'>Venice</span> <span class='ocrx_word' id='word_1_355' title='bbox 1066 2899 1156 2938; x_wconf 86' lang='lat' dir='ltr'>with</span> <span class='ocrx_word' id='word_1_356' title='bbox 1183 2912 1278 2948; x_wconf 88' lang='lat' dir='ltr'>great</span> <span class='ocrx_word' id='word_1_357' title='bbox 1307 2899 1454 2938; x_wconf 91' lang='lat' dir='ltr'>honour</span> <span class='ocrx_word' id='word_1_358' title='bbox 1480 2900 1603 2939; x_wconf 81' lang='lat' dir='ltr'>before</span> <span class='ocrx_word' id='word_1_359' title='bbox 1631 2901 1737 2949; x_wconf 85' lang='lat' dir='ltr'>being</span> <span class='ocrx_word' id='word_1_360' title='bbox 1763 2901 1939 2950; x_wconf 86' lang='lat' dir='ltr'>suddenly</span> 
     </span>
     <span class='ocr_line' id='line_1_38' title="bbox 137 2949 722 3015; baseline 0.003 -29"><span class='ocrx_word' id='word_1_361' title='bbox 137 2949 360 2998; x_wconf 87' lang='lat' dir='ltr'>imprisoned</span> <span class='ocrx_word' id='word_1_362' title='bbox 377 2949 448 2988; x_wconf 86' lang='lat' dir='ltr'>and</span> <span class='ocrx_word' id='word_1_363' title='bbox 464 2962 530 3015; x_wconf 83' lang='lat' dir='ltr'>put</span> <span class='ocrx_word' id='word_1_364' title='bbox 546 2962 587 2988; x_wconf 93' lang='lat' dir='ltr'>to</span> <span class='ocrx_word' id='word_1_365' title='bbox 604 2950 722 2988; x_wconf 89' lang='lat' dir='ltr'>death.</span> 
     </span>
    </p>
   </div>
   <div class='ocr_carea' id='block_1_4' title="bbox 138 3002 1945 3159">
    <p class='ocr_par' dir='ltr' id='par_1_6' title="bbox 138 3002 1945 3153">
     <span class='ocr_line' id='line_1_39' title="bbox 217 3002 1945 3060; baseline 0.002 -14"><span class='ocrx_word' id='word_1_366' title='bbox 217 3002 225 3027; x_wconf 91' lang='lat'>¹</span> <span class='ocrx_word' id='word_1_367' title='bbox 238 3009 371 3046; x_wconf 89' lang='lat' dir='ltr'>Vemce</span> <span class='ocrx_word' id='word_1_368' title='bbox 384 3022 423 3046; x_wconf 89' lang='lat' dir='ltr'>ac</span> <span class='ocrx_word' id='word_1_369' title='bbox 424 3008 551 3057; x_wconf 88' lang='lat' dir='ltr'>quired</span> <span class='ocrx_word' id='word_1_370' title='bbox 565 3008 706 3047; x_wconf 87' lang='lat' dir='ltr'>Padua</span> <span class='ocrx_word' id='word_1_371' title='bbox 695 3023 735 3046; x_wconf 88' lang='lat' dir='ltr'>m</span> <span class='ocrx_word' id='word_1_372' title='bbox 750 3013 847 3054; x_wconf 85' lang='grc'>1406,</span> <span class='ocrx_word' id='word_1_373' title='bbox 862 3010 1056 3059; x_wconf 83' lang='lat' dir='ltr'>strangling</span> <span class='ocrx_word' id='word_1_374' title='bbox 1068 3010 1130 3048; x_wconf 90' lang='lat' dir='ltr'>the</span> <span class='ocrx_word' id='word_1_375' title='bbox 1142 3012 1325 3059; x_wconf 86' lang='lat' dir='ltr'>surviving</span> <span class='ocrx_word' id='word_1_376' title='bbox 1337 3011 1514 3049; x_wconf 89' lang='lat' dir='ltr'>members</span> <span class='ocrx_word' id='word_1_377' title='bbox 1530 3011 1571 3049; x_wconf 88' lang='lat' dir='ltr'>of</span> <span class='ocrx_word' id='word_1_378' title='bbox 1582 3011 1644 3049; x_wconf 88' lang='lat' dir='ltr'>the</span> <span class='ocrx_word' id='word_1_379' title='bbox 1658 3014 1807 3049; x_wconf 89' lang='lat' dir='ltr'>Carrara</span> <span class='ocrx_word' id='word_1_380' title='bbox 1819 3011 1945 3060; x_wconf 87' lang='lat' dir='ltr'>family</span> 
     </span>
     <span class='ocr_line' id='line_1_40' title="bbox 138 3059 1939 3112; baseline 0.003 -15"><span class='ocrx_word' id='word_1_381' title='bbox 138 3059 186 3108; x_wconf 94' lang='lat' dir='ltr'>by</span> <span class='ocrx_word' id='word_1_382' title='bbox 203 3059 311 3098; x_wconf 91' lang='lat' dir='ltr'>order</span> <span class='ocrx_word' id='word_1_383' title='bbox 325 3059 367 3098; x_wconf 90' lang='lat' dir='ltr'>of</span> <span class='ocrx_word' id='word_1_384' title='bbox 379 3060 442 3098; x_wconf 86' lang='lat' dir='ltr'>the</span> <span class='ocrx_word' id='word_1_385' title='bbox 459 3060 616 3099; x_wconf 90' lang='lat' dir='ltr'>Council</span> <span class='ocrx_word' id='word_1_386' title='bbox 632 3061 674 3099; x_wconf 88' lang='lat' dir='ltr'>of</span> <span class='ocrx_word' id='word_1_387' title='bbox 688 3064 775 3106; x_wconf 91' lang='lat' dir='ltr'>Ten,</span> <span class='ocrx_word' id='word_1_388' title='bbox 794 3063 986 3107; x_wconf 83' lang='lat' dir='ltr'>Romanin,</span> <span class='ocrx_word' id='word_1_389' title='bbox 1003 3064 1124 3107; x_wconf 80' lang='lat' dir='ltr'>Storia,</span> <span class='ocrx_word' id='word_1_390' title='bbox 1142 3066 1197 3107; x_wconf 91' lang='grc'>48,</span> <span class='ocrx_word' id='word_1_391' title='bbox 1215 3066 1251 3100; x_wconf 90' lang='lat' dir='ltr'>F.</span> <span class='ocrx_word' id='word_1_392' title='bbox 1255 3066 1359 3107; x_wconf 91' lang='lat' dir='ltr'>Lane,</span> <span class='ocrx_word' id='word_1_393' title='bbox 1383 3066 1508 3101; x_wconf 80' lang='lat' dir='ltr'>Venice.</span> <span class='ocrx_word' id='word_1_394' title='bbox 1527 3066 1557 3100; x_wconf 91' lang='lat' dir='ltr'><strong><em>A</em></strong></span> <span class='ocrx_word' id='word_1_395' title='bbox 1575 3066 1751 3102; x_wconf 78' lang='lat' dir='ltr'>Maritime</span> <span class='ocrx_word' id='word_1_396' title='bbox 1766 3063 1939 3112; x_wconf 82' lang='lat' dir='ltr'>Republic,</span> 
     </span>
     <span class='ocr_line' id='line_1_41' title="bbox 139 3112 821 3159; baseline 0.003 -9"><span class='ocrx_word' id='word_1_397' title='bbox 139 3112 332 3151; x_wconf 87' lang='lat' dir='ltr'>Baltimore</span> <span class='ocrx_word' id='word_1_398' title='bbox 349 3113 420 3152; x_wconf 88' lang='lat' dir='ltr'>and</span> <span class='ocrx_word' id='word_1_399' title='bbox 438 3113 604 3158; x_wconf 91' lang='lat' dir='ltr'>London,</span> <span class='ocrx_word' id='word_1_400' title='bbox 626 3118 723 3159; x_wconf 83' lang='lat'>1973,</span> <span class='ocrx_word' id='word_1_401' title='bbox 743 3118 821 3153; x_wconf 86' lang='lat'>227</span> 
     </span>
    </p>
   </div>
   <div class='ocr_carea' id='block_1_5' title="bbox 219 3170 1347 3217">
    <p class='ocr_par' dir='ltr' id='par_1_7' title="bbox 219 3170 1347 3217">
     <span class='ocr_line' id='line_1_42' title="bbox 219 3170 1347 3217; baseline 0.004 -10"><span class='ocrx_word' id='word_1_402' title='bbox 219 3175 243 3190; x_wconf 86' lang='lat'>¹¹¹</span> <span class='ocrx_word' id='word_1_403' title='bbox 261 3172 327 3208; x_wconf 90' lang='lat' dir='ltr'>On</span> <span class='ocrx_word' id='word_1_404' title='bbox 342 3170 405 3208; x_wconf 88' lang='lat' dir='ltr'>the</span> <span class='ocrx_word' id='word_1_405' title='bbox 422 3170 482 3208; x_wconf 88' lang='lat' dir='ltr'>fall</span> <span class='ocrx_word' id='word_1_406' title='bbox 500 3171 542 3209; x_wconf 88' lang='lat' dir='ltr'>of</span> <span class='ocrx_word' id='word_1_407' title='bbox 557 3173 753 3209; x_wconf 85' lang='lat' dir='ltr'>Ravenna</span> <span class='ocrx_word' id='word_1_408' title='bbox 743 3186 782 3209; x_wconf 78' lang='lat' dir='ltr'>in</span> <span class='ocrx_word' id='word_1_409' title='bbox 801 3176 898 3216; x_wconf 82' lang='lat'>1441,</span> <span class='ocrx_word' id='word_1_410' title='bbox 919 3174 1112 3216; x_wconf 66' lang='lat' dir='ltr'>Romamn,</span> <span class='ocrx_word' id='word_1_411' title='bbox 1130 3175 1250 3217; x_wconf 79' lang='lat' dir='ltr'>Storia,</span> <span class='ocrx_word' id='word_1_412' title='bbox 1270 3177 1347 3211; x_wconf 86' lang='lat'><strong>205.</strong></span> 
     </span>
    </p>
   </div>
  </div>
 </body>
</html>
