2118 3444
140 188 322 222 ESSAYS
1844 182 1937 222 277

140 343 296 386 magna
318 343 419 372 cum
444 326 647 372 omnium
674 324 962 372 admiratione
984 343 1064 386 per
1084 326 1336 372 universum
1362 326 1516 373 orbem
1539 326 1711 386 vulgata
1732 327 1944 387 sapientia

139 409 186 441 ut
210 411 351 454 neque
373 411 470 440 mea
492 411 632 454 neque
654 394 840 440 cuiusvis
864 394 1007 440 oratio
1029 411 1291 454 magnopere
1314 394 1367 440 sit
1390 394 1700 441 desideranda.’

223 464 342 508 Cum
375 461 480 508 haec
509 462 567 508 ita
595 461 797 508 dixissem
827 461 1038 522 pluraque
1068 479 1280 522 pararem,
1312 461 1628 509 modestissime
1660 465 1850 509 Cosmus
1882 463 1943 509 sic

138 528 419 590 interpellans
442 528 629 589 abrupit,

222 593 871 657 ‹COSMUS.›⁹‘Quanquam,’
902 597 1058 657 inquit,
1087 601 1182 643 ‘nec
1206 615 1275 644 me
1302 615 1382 644 nec
1408 598 1661 644 mortalium
1690 615 1941 659 quenquam

137 663 199 711 fas
215 682 303 711 esse
319 679 473 724 putem
492 665 757 724 cognomine
778 664 983 724 appellari
999 665 1234 725 sapientiae
1252 666 1462 725 quoniam
1481 683 1531 712 ea
1544 665 1729 712 stultitia
1745 680 1807 712 est
1826 666 1942 726 apud

135 734 303 779 Deumss
323 731 575 792 soleamque
595 749 721 792 saepe
741 749 832 779 non
851 732 1038 793 probare
1060 735 1254 780 Graecos
1272 747 1456 794 propter
1475 733 1571 780 illos
1591 748 1773 794 septem,
1796 748 1943 781 conte·

136 817 287 847 mnere
313 800 445 846 etiam
472 799 692 860 Apollinis
721 799 895 847 oracula
918 815 1102 860 propter
1126 818 1264 847 unum
1292 804 1530 857 Socratem,
1557 802 1636 848 etsi
1660 801 1844 849 valuerit
1871 802 1941 849 ille

135 867 314 929 quidem
334 868 525 928 ingenio,
546 868 581 914 si
601 862 795 914 Platoni¹¹
814 867 1044 924 credimus,
1066 883 1239 915 nostros
1260 869 1391 915 etiam
1411 869 1614 916 nonnihil
1637 870 1783 925 mirer,
1805 871 1879 930 qui
1898 885 1940 917 et

133 936 446 996 Sempronium
474 950 515 983 et
538 935 726 983 Atilium
750 936 898 996 primo
921 951 1105 997 propter
1126 936 1270 997 legum
1295 937 1605 993 eruditionem,
1630 937 1787 985 deinde
1810 937 1939 985 aliam

134 1019 283 1051 tamen
301 1003 359 1051 ob
379 1022 551 1051 causam
569 1003 763 1051 Laelium
779 1005 994 1065 sapientes
1011 1000 1312 1061 nominarint,i
1329 1020 1478 1052 tamen
1493 1005 1627 1066 paulo
1645 1021 1745 1053 ante
1763 1024 1937 1053 mecum

134 1073 290 1119 tacitus
309 1073 398 1132 ipse
419 1090 595 1133 quoque
616 1073 766 1119 animo
786 1072 1043 1120 evolvebam
1064 1073 1215 1120 eadem
1234 1073 1322 1120 fere
1340 1091 1449 1134 quae
1468 1091 1492 1121 a
1509 1088 1552 1121 te
1567 1089 1668 1121 sunt
1687 1074 1821 1135 paulo
1841 1090 1941 1122 ante

134 1155 306 1187 narrata
338 1140 391 1187 de
424 1141 553 1187 unius
590 1140 850 1188 immortalis
887 1156 1016 1201 atque
1049 1142 1251 1188 omnium
1288 1143 1423 1202 patris
1456 1157 1498 1189 et
1532 1144 1739 1190 creatoris
1771 1144 1857 1190 Dei
1894 1144 1938 1189 in

134 1208 336 1255 homines
367 1208 685 1265 munificentia,
716 1227 816 1256 cum
845 1210 976 1256 etiarn
1003 1209 1183 1270 paulum
1215 1228 1285 1257 me
1314 1210 1568 1258 addubitare
1596 1212 1786 1272 coegisti.
1816 1216 1938 1259 Nam

133 1295 234 1324 cum
259 1276 312 1324 de
333 1279 435 1324 Deo
459 1278 734 1324 mentionem
759 1277 933 1334 faceres,
956 1296 1047 1325 non
1071 1293 1280 1339 tanquam
1304 1297 1416 1326 unus
1440 1280 1494 1326 sit
1518 1297 1566 1326 ac
1586 1279 1703 1327 solus
1728 1281 1931 1327 omnium

132 1359 304 1392 creator
317 1360 359 1391 et
374 1360 532 1401 rector,
548 1345 624 1392 sed
638 1345 1014 1406 quemadmodum
1031 1346 1177 1407 plures
1193 1365 1280 1394 esse
1295 1362 1469 1407 putares
1484 1365 1671 1395 numero
1690 1366 1733 1395 es
1747 1348 1932 1396 locutus.

132 1412 257 1471 Quid
275 1427 422 1459 autem
442 1427 503 1459 est
521 1412 707 1469 stultius,
730 1414 871 1460 immo
889 1431 996 1460 vero
1012 1414 1220 1474 puerilius
1240 1432 1371 1475 quam
1390 1415 1519 1462 turba
1535 1415 1724 1476 quadam
1743 1417 1936 1477 omnige-

131 1498 239 1527 num
269 1480 455 1527 deorum
486 1481 831 1542 inanissimisque
864 1481 1124 1543 quibusdam
1155 1483 1605 1531 commentationibus
1637 1483 1935 1532 confictorum

131 1548 299 1596 caelum
334 1549 393 1596 ita
423 1564 655 1596 oneratum
692 1549 926 1597 reddidisse
959 1565 1007 1597 ut
1039 1552 1232 1611 potuisse
1267 1551 1495 1599 Atlantem
1529 1552 1691 1600 diutius
1724 1554 1935 1601 sustinere

130 1616 416 1664 vehementer
449 1617 658 1664 admirer?
691 1617 907 1679 Soleoque
942 1623 1188 1666 Varronem
1224 1619 1369 1680 legens
1403 1638 1495 1667 non
1532 1620 1815 1668 mediocriter
1845 1623 1935 1668 sive

129 1685 486 1746 superstitionem
503 1686 592 1733 sive
610 1686 900 1746 ignorantiam
918 1704 1115 1734 accusare
1130 1688 1428 1748 antiquorum,
1448 1689 1523 1749 qui
1538 1690 1616 1736 etsi
1633 1689 1934 1737 excellentissi-

130 1753 212 1800 mis
229 1752 407 1800 fuerunt
425 1754 621 1814 ingeniis,
639 1769 687 1801 ut
705 1754 854 1801 multis
871 1754 998 1802 rebus
1017 1755 1364 1803 manifestissime
1383 1771 1568 1813 constat,
1588 1757 1667 1804 hac
1683 1772 1832 1804 tamen
1847 1776 1935 1805 una

130 1822 174 1867 in
195 1839 240 1868 re
258 1839 351 1868 non
370 1821 508 1869 modo
527 1839 618 1869 non
638 1823 850 1883 ingeniosi
870 1823 979 1869 mihi
997 1823 1216 1880 videntur,
1233 1824 1308 1871 sed
1325 1839 1535 1886 tanquam
1550 1826 1676 1886 pueri
1693 1827 1842 1886 potius
1861 1841 1935 1873 aut

128 1904 244 1936 certe
275 1889 507 1937 delimntes
535 1908 657 1937 senes
689 1890 929 1938 deridendi.
962 1892 1075 1951 Quis
1107 1893 1225 1939 enim
1258 1911 1350 1940 non
1383 1893 1519 1940 rideat
1550 1912 1642 1941 non
1675 1898 1827 1941 Ianum
1861 1910 1934 1942 aut

128 1962 278 2005 Iovem
309 1973 382 2005 aut
410 1962 675 2019 Neptunum
709 1974 781 2006 aut
812 1959 931 2016 alios,
961 1978 1071 2021 quos
1101 1961 1287 2022 appellat
1315 1961 1497 2009 selectos
1526 1963 1680 2023 viginti
1711 1962 1829 2019 deos,
1858 1963 1935 2010 sed

127 2026 248 2086 quasi
264 2027 480 2086 gregarios
498 2042 666 2074 ceteros
683 2042 725 2074 et
738 2046 876 2088 paene
893 2027 1092 2075 infinitos
1109 2044 1157 2076 ut
1176 2047 1229 2076 ne
1244 2044 1398 2090 potare
1415 2030 1608 2091 quidem,
1627 2032 1695 2078 cui
1712 2034 1931 2078 Potonam

124 2093 429 2154 praefecerunt
449 2094 590 2151 deam,
612 2113 752 2156 neque
773 2094 950 2152 edere,¹0
969 2098 1039 2143 cui
1058 2097 1251 2144 Educam
1274 2098 1565 2159 appellatione
1587 2099 1772 2146 deorum
1797 2100 1931 2160 indig-

126 2162 292 2208 uerint?
320 2162 614 2209 Aesculanum
643 2181 750 2210 vero
774 2179 816 2210 et
841 2165 1149 2224 Argentinum,
1179 2183 1288 2226 quos
1312 2181 1497 2226 propter
1522 2185 1591 2213 aes
1616 2182 1932 2228 argentumque

127 2228 378 2276 habendum
414 2230 660 2287 coluerunt,
695 2232 922 2292 Seiamque
958 2247 999 2279 et
1031 2234 1258 2293 Segetiam,
1293 2233 1540 2290 Nodatum‚
1575 2234 1849 2291 Volutinam,
1888 2250 1930 2282 et

125 2311 268 2344 cetera
293 2298 558 2345 rusticorum
590 2299 772 2346 numina
803 2299 1109 2356 consideranti,
1115 2299 1144 2325 ¹¹
1175 2319 1227 2348 ex
1254 2302 1367 2349 vitae
1394 2302 1582 2349 utilitate
1609 2317 1651 2350 et
1680 2304 1932 2351 necessitate

122 2365 271 2425 potius
298 2383 430 2425 quam
457 2366 599 2426 aliqua
623 2366 851 2414 excellenti
876 2367 1101 2428 disciplina
1127 2369 1382 2429 religionem
1408 2370 1490 2417 sibi
1515 2372 1789 2418 constituisse
1817 2371 1927 2418 mihi

123 2432 343 2489 videntur,
366 2448 413 2480 ut
437 2451 528 2480 non
551 2434 695 2481 solum
720 2435 897 2495 triginta
919 2435 1103 2483 deorum
1128 2437 1247 2484 milia
1269 2455 1378 2498 quae
1400 2452 1500 2485 sunt
1524 2438 1640 2499 apud
1663 2439 1925 2495 Hesiodum,

123 2518 278 2547 verum
297 2501 440 2548 multo
457 2502 589 2548 etiam
604 2502 750 2562 plures
766 2521 850 2563 pro
867 2521 1012 2551 rerum
1031 2519 1273 2552 creatarum
1290 2505 1538 2553 diversitate
1553 2506 1748 2567 confingi
1764 2509 1928 2568 potuis-

122 2585 166 2615 se
192 2586 285 2615 non
313 2565 631 2616 dubitaverim.¹
658 2570 798 2629 Quod
825 2572 903 2618 etsi
930 2586 972 2619 te
995 2590 1079 2632 pro
1106 2587 1186 2619 tuo
1212 2573 1486 2621 Christianae
1512 2575 1685 2634 pietatis
1710 2590 1927 2636 perpetuo

123 2635 381 2697 ardentique
402 2637 549 2684 studio
571 2637 699 2698 longe
723 2638 775 2685 ab
798 2657 851 2686 eo
873 2654 964 2686 tam
986 2639 1101 2687 futili
1122 2659 1268 2688 errore
1290 2640 1470 2689 abesse¹²
1492 2657 1661 2703 putem,
1684 2658 1833 2690 tamen
1854 2658 1930 2690 tua

124 2703 195 2752 illa
221 2704 407 2752 deorum
435 2720 526 2753 tam
553 2724 678 2767 saepe
705 2708 889 2768 repetita
912 2707 1147 2769 pluralitas,
1175 2724 1223 2757 ut
1252 2710 1310 2757 ita
1335 2709 1492 2767 dicam,
1520 2729 1590 2758 me
1618 2710 1848 2759 admonuit
1876 2727 1925 2759 ut

120 2772 302 2833 paulum
331 2775 510 2834 antiqua
535 2774 606 2821 illa
630 2776 802 2823 somnia
829 2776 1104 2824 confutarem
1128 2779 1382 2839 priusquam
1410 2778 1465 2826 ad
1489 2797 1537 2826 ea
1562 2780 1651 2840 ipsa
1677 2780 1928 2827 accederem

201 3019 215 3042 ⁸
233 3018 247 3052 Ι
266 3015 436 3053 Corinth.
457 3020 543 3054 1:20.

202 3067 218 3093 ¹¹
236 3073 348 3118 Plato,
363 3074 542 3123 Apologia,
562 3079 602 3112 21
624 3078 669 3113 A.

200 3126 209 3150 ἱ
226 3133 368 3176 Cicero,
385 3133 476 3171 Lael.
496 3134 546 3178 I,i.

200 3184 208 3215 i
229 3189 429 3238 Theogonia,
448 3190 492 3228 cs.
510 3193 772 3239 StAugustine,
794 3194 881 3230 CD.
901 3196 1061 3237 IV,8-11.
