2118 3444
225 162 315 202 278
1838 170 1975 203 PART
2001 170 2032 202 V

226 325 335 367 quae
356 324 379 353 a
397 321 439 353 te
459 306 511 353 de
528 305 870 366 praeclarissima
891 305 1071 352 humani
1092 306 1259 365 generis
1279 305 1540 353 condicione
1562 305 1701 367 deque
1720 324 1816 354 mea
1833 306 2039 354 felicitate

224 388 325 421 sunt
351 377 551 421 narrata.’

311 445 562 489 ‹SCALA.›
592 445 742 488 ‘Recte
766 456 813 488 tu
837 441 1045 502 quidem,'
1074 442 1267 502 inquam,
1296 441 1362 489 ‘de
1388 460 1472 498 me,
1497 445 1675 499 Cosme,
1704 460 1844 503 neque
1867 457 2042 504 praeter

226 525 428 558 naturam
447 525 569 557 tuam
587 510 791 570 opinaris.
813 514 972 570 Neque
990 527 1083 570 ego,
1104 528 1204 557 cum
1223 510 1327 557 deos
1345 510 1549 567 dicerem,
1566 528 1705 558 unum
1726 529 1813 558 esse
1831 525 1872 558 et
1888 511 2032 558 solum

226 597 318 626 non
344 578 654 638 intelligebam.
680 577 763 625 Sed
788 579 847 625 ita
867 577 989 638 loqui
1016 577 1125 624 mihi
1148 578 1276 625 licere
1297 579 1462 638 putavi,
1490 593 1604 625 recte
1627 578 1805 639 quidem
1829 580 2033 636 sentiens,

226 665 319 693 non
342 646 396 693 ad
412 646 559 707 plures
582 661 809 706 tamquam
830 645 884 693 ad
904 645 1097 693 diversos
1119 645 1308 693 referens
1330 647 1578 693 orationem
1601 664 1758 703 meam,
1781 647 1856 694 sed
1876 646 1931 694 ad
1949 661 2036 694 tres

225 715 468 770 dumtaxat,
501 715 576 775 qui
606 715 666 761 ita
694 715 810 761 inter
838 732 881 761 se
910 715 1107 774 personis
1139 728 1313 761 tantum
1343 714 1652 775 distinguntur,
1686 729 1734 762 ut
1765 715 1810 761 in
1841 716 2036 763 trinitate

223 801 397 830 summa
422 783 567 830 unitas
591 797 632 829 et
658 782 1020 843 indisseparabilis
1045 782 1286 830 substantia
1312 782 1587 843 intelligatur.
1615 787 1917 831 Veruntamen
1943 801 2036 831 non

225 869 295 898 me
316 852 517 911 poenitet
541 850 707 897 dedisse
731 850 811 897 tibi
834 850 1023 911 aliquam
1047 850 1277 898 dubitandi
1299 869 1485 907 causam,
1510 851 1688 911 quando
1713 851 1891 912 quidem
1914 866 2036 899 tanta

225 937 294 966 me
319 919 547 979 voluptate
573 918 720 965 affecit
742 919 942 979 superior
966 933 1040 965 tua
1064 918 1311 966 confutatio
1335 933 1383 966 ut
1404 937 1560 979 parum
1588 920 1647 966 ita
1669 919 1885 966 dubitasse
1909 919 2034 967 valde

225 987 462 1034 molestum
494 987 562 1034 sit.
595 986 740 1034 Velim
773 1001 933 1042 autem,
965 987 1046 1034 nisi
1077 986 1309 1047 impudens
1342 987 1422 1034 tibi
1452 986 1566 1034 forte
1595 987 1762 1043 videor,
1793 1002 1840 1035 ut
1872 988 1917 1034 in
1950 987 2035 1035 hoc

224 1073 401 1116 quoque
419 1056 683 1102 sententiam
702 1054 812 1101 mihi
830 1054 945 1102 dicas
963 1069 1097 1102 tuam.
1116 1056 1402 1102 Existimesne
1420 1056 1585 1116 priscos
1605 1055 1701 1102 illos
1720 1073 1887 1112 omnes,
1907 1074 2035 1117 quor-

222 1142 299 1171 um
321 1138 369 1171 tu
389 1141 565 1184 quoque
586 1123 719 1183 paulo
740 1138 839 1170 ante
858 1123 1060 1170 laudabas
1079 1122 1352 1179 industriam,
1374 1138 1463 1170 tam
1484 1123 1665 1170 ridicula
1683 1123 1735 1171 de
1754 1123 1834 1171 diis
1854 1138 2032 1184 tamque

224 1192 383 1247 inania,
408 1192 549 1238 immo
573 1209 680 1238 vero
702 1192 912 1238 immania
935 1191 1200 1238 credidisse?'

309 1263 619 1307 ‹COSMUS.›
649 1263 755 1319 ‘Ego
779 1277 885 1306 vero
909 1259 961 1306 de
983 1259 1217 1316 omnibus,’
1245 1260 1401 1320 inquit,
1429 1263 1535 1306 ‘non
1558 1260 1774 1307 existimo.
1800 1260 1891 1307 Etsi
1913 1261 2032 1307 enim

222 1328 376 1388 vulgus
406 1327 586 1375 fortasse
616 1342 724 1384 tota,
752 1342 799 1375 ut
828 1328 963 1384 aiunt,
993 1327 1207 1375 aberravit
1235 1329 1317 1384 via,
1346 1329 1596 1389 conspicere
1625 1343 1774 1375 tamen
1800 1327 1900 1376 licet
1927 1346 2034 1375 non-

223 1396 367 1443 nullos
395 1414 447 1443 ex
470 1396 612 1442 doctis
637 1397 712 1456 qui
736 1396 873 1442 habiti
896 1410 997 1443 sunt
1024 1395 1167 1442 multo
1191 1396 1315 1443 aliter
1337 1414 1424 1443 esse
1450 1397 1666 1456 opinatos,
1692 1411 1740 1443 ut
1764 1397 1799 1443 si
1823 1414 1875 1443 ex
1898 1397 2033 1456 genti·

221 1464 334 1511 libus
359 1482 536 1525 quoque
561 1482 671 1524 quos
694 1463 913 1524 appellant
936 1464 1132 1511 invenire
1154 1463 1254 1511 licet
1276 1465 1350 1525 qui
1372 1482 1463 1511 non
1487 1465 1674 1511 omnino
1699 1463 1802 1512 falsa
1823 1479 1864 1512 et
1886 1465 2032 1512 inania

222 1533 274 1580 de
306 1536 409 1579 Deo
441 1533 760 1592 cogitaverunt3
794 1550 934 1593 neque
968 1537 1110 1579 Varro
1144 1533 1232 1593 ipse
1268 1550 1369 1579 vera
1400 1533 1616 1579 existimat
1650 1551 1758 1593 quae
1792 1547 1952 1589 narrat,
1985 1547 2034 1580 ut

222 1615 377 1648 auctor
393 1615 454 1647 est
474 1600 678 1647 Aurelius
697 1595 1003 1660 Augustinus:k
1022 1600 1240 1660 praeclare
1257 1600 1434 1661 quidem
1451 1602 1629 1647 suismet
1648 1600 1899 1648 auctoribus
1918 1600 2034 1648 vide-

222 1683 353 1716 antur
379 1669 665 1729 antiquorum
698 1686 865 1715 errores
894 1686 981 1715 esse
1011 1668 1239 1716 confutati.
1271 1668 1479 1729 Orpheus
1509 1669 1627 1715 enim
1658 1686 1750 1716 non
1779 1669 1931 1716 inscite
1960 1683 2033 1716 aut

222 1736 458 1797 irreligiose
483 1736 535 1784 de
558 1740 659 1784 Deo
681 1737 884 1784 cecinisse
908 1736 1083 1784 videtur
1104 1755 1205 1784 cum
1229 1737 1454 1797 inquit—si
1481 1737 1623 1784 Latini
1646 1736 1690 1783 hi
1714 1755 1861 1784 versus
1886 1738 2033 1784 nescio

221 1824 245 1852 a
266 1823 356 1866 quo
379 1805 570 1852 traducti
593 1806 710 1865 (nam
736 1806 824 1866 ipse
848 1808 1015 1852 Graece
1038 1823 1129 1852 non
1153 1806 1272 1866 novi)
1299 1805 1422 1852 illum
1447 1799 1757 1866 exprimunt¹—

423 1908 575 1956 Solum
602 1905 761 1955 illum13
786 1909 952 1969 suscipe
977 1908 1131 1955 mundi

425 1981 652 2037 Ingentem
675 1991 901 2024 auctorem
923 1976 1080 2033 solum,
1107 1978 1373 2038 interituque
1396 1991 1631 2033 carentem,

425 2049 575 2104 Quem
600 2063 680 2092 nos
701 2046 894 2106 presenti
916 2045 1022 2106 quid
1042 2046 1095 2092 sit
1117 2063 1319 2092 sermone
1343 2045 1564 2092 docemus:

423 2118 552 2161 Unus
574 2113 795 2174 perfectus
816 2116 937 2161 Deus
960 2128 1036 2170 est,
1060 2114 1134 2174 qui
1156 2128 1313 2161 cuncta
1332 2114 1507 2170 creavit,

424 2185 599 2228 Cuncta
621 2181 775 2228 fovens
799 2196 927 2242 atque
949 2182 1037 2242 ipse
1062 2181 1203 2229 ferens
1224 2200 1353 2243 super
1375 2183 1525 2229 omnia
1546 2200 1649 2238 sese,

424 2251 517 2310 Qui
541 2251 712 2311 capitur
733 2265 880 2297 mente
903 2264 1090 2307 tantum,
1115 2251 1189 2311 qui
1212 2265 1358 2298 mente
1381 2250 1567 2307 videtur,

424 2320 604 2379 Quique
629 2318 794 2365 malum
819 2318 989 2365 nullum
1015 2318 1272 2366 mortalibus
1297 2318 1464 2366 invehit
1485 2337 1695 2379 unquam,

423 2390 574 2445 Quem
596 2401 771 2447 praeter
791 2404 882 2433 non
906 2401 967 2433 est
990 2386 1107 2433 alius.

220 2491 511 2548 Quapropter
538 2503 579 2535 et
605 2491 911 2548 Protogonum
943 2487 1143 2548 appellat,
1171 2488 1291 2548 quod
1319 2488 1535 2548 ingenitus
1562 2488 1650 2548 ipse
1678 2488 1946 2549 principium
1974 2488 2029 2535 sit

220 2557 425 2603 omnium
449 2574 596 2603 rerum
616 2557 921 2616 generationis.
944 2560 1054 2603 Item
1072 2556 1266 2603 Phaneta
1282 2556 1402 2616 quod
1422 2571 1548 2603 antea
1565 2557 1696 2603 etiam
1716 2574 1847 2616 quam
1867 2555 2032 2616 aliquid

220 2639 328 2672 esset
352 2639 548 2671 creatum
571 2625 659 2685 ipse
684 2625 945 2700 apparuerit,
969 2638 1016 2671 ut
1039 2624 1170 2671 audio
1194 2625 1481 2684 interpretari.

305 2693 552 2739 Mercurius
585 2693 717 2739 etiarn
751 2692 835 2748 ille,
869 2693 943 2753 qui
975 2692 1087 2752 leges
1118 2710 1166 2739 ac
1196 2692 1360 2739 litteras
1389 2692 1564 2739 edocuit
1598 2692 1840 2752 Aegyptios
1874 2692 2030 2768 cuique

218 2775 404 2821 propter
433 2761 660 2807 scientiam
690 2761 893 2807 Maximo
925 2760 1006 2807 fuit
1038 2778 1300 2820 cognomen,
1332 2778 1471 2807 unum
1506 2778 1593 2807 esse
1623 2759 1727 2806 dicit
1756 2763 1904 2806 Deum
1936 2760 2028 2806 sine

221 2829 417 2884 nomine,
439 2829 531 2875 sine
551 2843 688 2888 patre,
708 2829 952 2888 ingenitum
975 2829 1125 2875 omnia
1143 2843 1462 2888 procreantem.
1484 2832 1594 2874 Item
1613 2827 1698 2875 alio
1718 2827 1818 2874 loco
1838 2826 2029 2887 Asclepi-

300 3114 317 3138 k

300 3171 308 3196 ¹
327 3123 582 3221 {segg-De
599 3188 804 3225 evangprep.
827 3176 947 3214 transl.
968 3179 1099 3224 Georg.
1120 3177 1389 3224 Trapezuntius,
1410 3179 1537 3219 ΧΙΠ,6.
