2118 3444
225 164 315 204 218
1812 171 1950 204 PART
1975 172 2028 205 111

226 309 383 355 maiori
415 325 516 355 cum
549 307 746 368 periculo
778 308 980 354 omnium
1017 325 1162 354 rerum
1194 307 1381 354 aberrari
1413 322 1556 368 queat,
1586 322 1735 355 utrum
1769 309 2038 369 navigatoria

225 375 405 423 tandem
427 375 734 435 gubernatore,
760 374 1001 422 domestica
1020 389 1142 435 patre
1165 374 1361 431 familias,
1385 373 1680 423 armentaria²⁵
1702 390 1889 436 pastore,
1912 394 2032 437 gym-

227 445 390 491 nastica
417 444 625 504 magistro
655 442 840 504 regetur,
871 441 970 490 res26
1000 458 1145 490 autem
1176 458 1216 490 et
1244 443 1493 504 disciplinae
1525 443 1735 501 militaris,
1766 462 1851 505 qua
1879 462 2033 493 omnes

225 513 362 559 totius
385 512 572 559 civitatis
593 511 796 558 fortunae
820 512 1119 568 continentur,
1142 512 1232 559 sine
1257 526 1425 559 rectore
1447 513 1831 572 erit—praesertim
1851 514 1886 560 si
1910 531 2034 573 grues

226 581 271 627 in
291 580 442 627 volatu
461 581 723 641 principem,
745 580 779 627 si
802 598 900 641 apes
918 579 999 627 sibi
1020 598 1164 640 regem
1186 581 1254 628 cui
1272 578 1503 641 pareant?7
1524 598 1655 641 quern
1674 595 1912 641 sequantur
1931 599 2032 629 con·

223 650 413 696 stituunt
452 663 582 709 atque
620 649 869 709 imaginem,
909 663 956 696 ut
996 648 1104 695 mihi
1143 648 1320 709 quidem
1358 646 1580 705 videtur,2⁸
1619 663 1660 696 et
1695 649 2030 697 similitudinem

225 717 353 764 nobis
371 717 584 778 praebent
603 716 824 777 quandam
843 718 903 764 rei
919 717 1118 777 publicae
1137 717 1463 777 gubernandae?
1485 721 1632 778 Atque
1652 717 1716 764 his
1735 717 1914 778 quidem
1932 719 2033 775 iarn,

225 803 334 846 quae
352 785 555 841 diximus,
574 786 675 832 satis
692 799 768 841 est,
783 799 831 832 ut
849 785 1051 841 arbitror,
1068 785 1336 846 patefactum
1350 800 1520 846 partem
1538 803 1625 832 esse
1643 785 1831 846 aliquam
1849 786 2035 834 civitatis

224 868 266 900 et
288 854 451 900 civium
474 853 655 900 alteram
677 853 926 910 militarem,
949 871 1089 914 neque
1113 853 1271 901 milites
1292 854 1382 901 sine
1407 868 1528 901 certo
1546 868 1828 915 praeceptore
1850 872 1898 901 ac
1915 855 2031 915 prin-

224 923 318 983 cipe
342 936 458 969 recte
479 937 693 978 constare,
715 936 763 969 ut
787 940 879 968 non
902 922 1040 969 modo
1063 923 1148 969 iam
1171 940 1291 969 arma
1312 923 1356 968 in
1380 922 1506 969 rebus
1529 922 1824 983 temperandis
1845 922 2031 983 publicis

224 991 462 1037 necessaria
478 991 578 1046 sint,
598 1008 753 1037 verum
771 990 863 1037 sine
883 1008 936 1037 eo
954 1008 1144 1050 quoque,
1165 991 1238 1051 qui
1255 1008 1304 1037 ea
1319 1005 1474 1037 tractet
1489 991 1734 1051 praesitque
1753 1005 1882 1051 atque
1899 991 2032 1052 impe-

224 1073 288 1106 ret
308 1058 373 1105 his
395 1059 470 1119 qui
491 1058 730 1114 induerint,
753 1058 923 1105 inutilia
945 1057 1072 1105 fuisse
1095 1072 1223 1119 atque
1243 1076 1330 1105 esse
1352 1076 1482 1119 quam
1502 1058 1743 1119 plurimum
1769 1073 1810 1106 et
1831 1058 1970 1106 multa
1989 1073 2031 1106 et

223 1144 381 1186 magna
400 1144 605 1186 persaepe
629 1126 819 1173 attulisse
843 1126 1107 1173 detrimenta
1126 1126 1385 1173 civitatibus.

308 1194 626 1254 Exemplorum
657 1209 804 1241 autem
829 1209 929 1241 sunt
954 1194 1084 1255 plena
1109 1195 1271 1241 omnia.
1300 1199 1466 1241 Verum
1495 1194 1556 1241 fas
1580 1212 1667 1241 esse
1695 1194 2032 1255 haudquaquam

221 1263 470 1323 putaverim
492 1263 728 1323 quicquam
751 1262 881 1309 hodie
900 1280 923 1309 a
942 1280 1011 1309 me
1032 1263 1112 1309 nisi
1131 1262 1293 1309 laetum
1315 1262 1641 1323 iocundumque
1662 1262 1864 1323 proferri.
1886 1267 2034 1324 Itaque

223 1330 275 1378 de
299 1332 579 1391 imperatore,
605 1330 669 1377 his
692 1331 1019 1391 praetermissis,
1045 1330 1096 1378 de
1120 1349 1209 1391 quo
1234 1330 1342 1377 mihi
1366 1331 1559 1378 secundo
1582 1331 1724 1378 dicere
1747 1330 1847 1378 loco
1870 1349 2030 1392 propo-

221 1397 444 1455 sueram,29
476 1400 562 1446 iam
592 1398 805 1446 exordiar.
838 1400 931 1458 Qui
962 1399 1139 1459 quidem
1168 1398 1289 1446 locus
1320 1400 1398 1446 etsi
1425 1414 1575 1459 suapte
1605 1399 1715 1446 solet
1745 1414 1899 1446 natura
1928 1417 2029 1446 cum

222 1467 380 1514 decore
409 1468 542 1514 etiam
568 1467 850 1527 splendorem
882 1466 1037 1514 afferre
1066 1468 1256 1514 orationi
1285 1482 1413 1527 atque
1441 1465 1736 1523 ubertatem,³⁰
1763 1482 1912 1514 tamen
1941 1468 2031 1514 eius

222 1536 368 1595 ipsius,
392 1535 444 1582 de
462 1553 552 1595 quo
570 1553 635 1582 res
653 1549 729 1591 est,
749 1549 1007 1595 conspectus
1026 1534 1234 1582 admonet
1253 1535 1491 1582 modestiae
1508 1534 1737 1582 excellenti
1753 1534 1941 1595 quadam
1957 1553 2034 1582 sua

221 1603 514 1664 singularique
540 1603 767 1650 modestia.
793 1602 938 1650 Multa
959 1618 1107 1650 tamen
1130 1621 1216 1650 esse
1241 1603 1442 1659 arbitror,
1467 1621 1575 1664 quae
1600 1603 1644 1649 in
1668 1621 1721 1650 eo
1744 1603 1818 1663 qui
1838 1603 1893 1650 sit
1916 1602 2034 1650 bello

222 1671 573 1719 administrando
594 1671 872 1732 praefuturus
894 1672 1184 1732 requirantur,
1207 1689 1315 1732 quae
1335 1676 1399 1718 M.
1421 1671 1589 1718 Tullius
1613 1672 1657 1717 in
1679 1672 1879 1718 oratione
1900 1689 2032 1732 quam

220 1758 304 1801 pro
336 1743 424 1787 Gn.
458 1740 674 1800 Pompeio
707 1739 759 1786 de
788 1739 1019 1800 deligendo
1050 1738 1346 1800 imperatore³¹
1382 1739 1549 1787 habuite
1579 1754 1789 1800 quattuor
1816 1740 1861 1786 in
1892 1740 2034 1800 capita

222 1808 442 1868 eleganter
455 1808 689 1855 distribuit:
710 1809 754 1854 in
772 1809 998 1855 scientiam
1014 1807 1176 1855 scilicet
1194 1809 1255 1855 rei
1271 1807 1481 1864 militaris,
1500 1809 1545 1854 in
1562 1808 1786 1864 virtutem,
1803 1808 2034 1855 auctorita—

222 1891 327 1933 tem,
349 1876 618 1923 felicitatem.
641 1876 919 1923 Onoxander
941 1891 1101 1932 autem,
1124 1877 1198 1936 qui
1221 1876 1274 1923 ad
1292 1877 1532 1923 Veranium
1557 1875 1609 1923 de
1628 1875 1828 1936 perfecto
1848 1876 2029 1936 impera-

222 1959 318 1992 tore
339 1948 507 1992 Graece
525 1938 726 2005 scripsit,f
744 1959 785 1991 et
804 1944 1057 1992 felicitatem
1074 1945 1296 2005 praeteriit
1315 1959 1356 1992 et
1376 1944 1588 2020 quaedam
1607 1943 1787 2000 addidit,
1806 1962 1915 2005 quae
1935 1958 2031 1991 tum

222 2014 461 2060 necessaria
483 2027 599 2068 sunt,
624 2027 671 2059 ut
697 2012 880 2059 idoneus
906 2031 993 2059 esse
1018 2013 1258 2073 imperator
1281 2013 1375 2073 quis
1398 2013 1549 2089 possit,
1575 2027 1671 2059 tum
1697 2012 1959 2073 expetibilia,
1983 2026 2032 2059 ut

223 2082 426 2128 omnium
447 2082 500 2128 sit
519 2099 665 2128 rerum
684 2099 794 2158 quae
810 2081 864 2128 ad
878 2099 978 2128 eum
997 2099 1178 2157 quoquo
1198 2080 1335 2128 modo
1350 2081 1569 2142 pertinere
1585 2081 1752 2142 possint
1773 2098 2032 2142 quacunque

222 2168 274 2197 ex
295 2164 418 2210 parte
440 2149 661 2206 omnibus,
687 2164 735 2196 ut
758 2150 893 2206 aiunt,
918 2150 1110 2197 numeris
1135 2168 1265 2210 quam
1289 2149 1665 2197 cumulatissimus.

308 2223 427 2265 Inter
443 2236 491 2265 ea
507 2236 616 2278 quae
637 2218 780 2265 adesse
799 2232 991 2278 oportet,
1011 2217 1184 2264 dicendi
1204 2236 1379 2278 quoque
1399 2217 1651 2264 facultatem
1667 2218 1735 2263 vir
1752 2217 1820 2264 ille
1841 2217 2032 2264 doctissi-

223 2304 319 2333 mus
352 2304 671 2333 connumerare
703 2287 818 2333 visus
850 2301 926 2342 est,
957 2301 998 2333 et
1030 2301 1144 2333 recte
1174 2286 1352 2347 quidem
1384 2304 1481 2333 mea
1510 2286 1737 2333 sententia.
1771 2289 1879 2344 Quo
1910 2285 2028 2332 enirn

220 2369 352 2415 pacto
371 2354 552 2401 consilia
570 2354 803 2415 explicabit
822 2357 917 2401 sua?
938 2354 1186 2413 Quomodo
1207 2354 1525 2410 adhortabitur,
1546 2353 1839 2400 inflammabit
1860 2354 1905 2399 in
1922 2354 2032 2414 peri-

222 2422 331 2479 cula,
350 2423 394 2468 in
414 2437 605 2469 mortem
624 2437 718 2483 aget
735 2422 907 2479 milites,
928 2422 1049 2483 quod
1066 2422 1161 2469 fieri
1178 2422 1441 2483 quandoque
1460 2440 1628 2469 necesse
1646 2436 1722 2478 est,
1741 2422 1815 2482 qui
1832 2421 2027 2482 elinguis,

222 2492 297 2552 qui
320 2490 451 2547 rudis,
475 2491 549 2551 qui
572 2491 745 2551 ineptus
768 2491 870 2538 erit?
892 2495 1054 2551 Magna
1074 2491 1138 2538 vis
1161 2505 1236 2547 est,
1260 2490 1368 2536 mihi
1392 2490 1568 2546 credite,
1590 2504 1879 2551 comptaeque
1901 2504 2031 2550 atque

222 2559 416 2606 eruditae
436 2560 660 2606 orationis.
683 2559 848 2615 Solent,
872 2577 971 2606 cum
994 2574 1055 2606 est
1075 2577 1175 2606 cum
1199 2558 1395 2606 hostibus
1417 2558 1805 2651 cpngrediendum,
1824 2576 1908 2619 pro
1929 2576 2030 2605 con-

221 2627 452 2674 suetudine
480 2645 556 2674 sua
584 2628 745 2703 quique
774 2628 948 2674 musicis
977 2628 1104 2674 variis
1131 2625 1451 2674 concentibus³²
1481 2641 1522 2673 et
1549 2626 1813 2673 clamoribus
1843 2626 2030 2673 excitare

222 2696 394 2742 animos
413 2713 567 2742 eorum
587 2696 661 2755 qui
679 2696 829 2742 inituri
846 2710 946 2742 sunt
963 2695 1182 2755 proelium
1202 2709 1330 2755 atque
1347 2694 1577 2741 incendere
1592 2695 1815 2741 virtutem.
1833 2693 1916 2741 Sed
1930 2711 2029 2754 pro-

223 2762 341 2810 fecto
358 2762 500 2809 nullae
520 2781 663 2818 voces,
685 2762 792 2809 nulli
812 2777 962 2809 cantus
980 2777 1147 2809 tantam
1166 2762 1351 2809 habere
1341 2780 1385 2808 1n
1403 2780 1492 2809 sese
1510 2763 1600 2807 vim
1619 2761 1672 2808 ad
1687 2761 1888 2808 stimulos
1908 2761 2030 2808 ardo-

224 2849 403 2891 remque
425 2831 581 2877 animis
604 2829 910 2877 iniciendum³³
932 2845 1114 2891 possunt
1138 2845 1346 2890 quantam
1367 2830 1486 2876 docti
1509 2830 1783 2890 imperatoris
1804 2829 2029 2889 eloquent-

224 2899 343 2959 isque
367 2899 586 2946 concinna
609 2898 1028 2958 accommodataque
1051 2899 1206 2945 oratio.
1231 2901 1358 2957 Quae
1380 2899 1413 2945 si
1439 2915 1614 2944 movere
1637 2897 1812 2958 lapides,
1837 2896 1958 2957 quod
1980 2896 2033 2943 de

304 3126 315 3140 ⁶
335 3123 476 3166 Cicero,
498 3125 621 3160 Oratio
639 3122 682 3160 de
700 3125 841 3170 imperio
863 3124 926 3159 Cn.
946 3124 1096 3170 Pompei,
1116 3125 1146 3159 6.

303 3173 314 3198 f
331 3179 558 3223 Onosander,
579 3182 785 3227 Strategicus,
807 3178 997 3216 translated
1016 3180 1093 3216 into
1112 3179 1215 3216 Latin
1231 3178 1279 3226 by
1298 3177 1432 3215 Nicolo
1451 3177 1653 3225 Sagundino
1673 3178 1711 3213 in
1732 3180 1829 3214 1456.
