2124 3458
94 177 268 211 POEMS
1803 167 1894 208 435

216 317 364 374 Atque
388 313 633 359 immaturis
656 326 809 359 onerat
830 329 906 358 sua
927 312 1122 371 germina
1144 311 1297 358 baccis.

215 380 411 428 Mascula
433 379 661 436 foetificat,
683 379 825 426 nullos
849 379 921 426 dat
942 378 1106 426 femina
1127 378 1307 435 fructus,

215 452 344 508 Quae
366 463 515 496 tamen
537 463 578 495 et
598 448 763 508 priscos
787 447 891 494 aluit
915 447 1033 494 nulla
1055 462 1144 494 arte
1164 461 1377 508 parentes.
1717 461 1781 492 370

215 517 526 573 Corna[item];
551 534 652 563 nam
676 533 785 576 quae
807 516 897 576 ipsa
919 514 1082 562 famem
1104 533 1280 576 quoque
1301 514 1461 576 pellere
1482 530 1680 576 possunt,

215 586 391 632 Irritent
413 585 612 645 quamvis
634 584 721 631 acri
741 598 909 644 gustata
928 601 1082 644 sapore

215 656 398 708 Guttur‚
418 652 495 699 sed
515 651 695 699 condita
715 666 864 698 tamen
886 651 1111 698 mitescere
1130 666 1323 698 suerunt.

214 721 357 768 Corni
380 735 526 767 autem
549 734 729 767 truncos
753 720 867 766 inter
887 719 1115 766 durissima
1138 718 1253 779 ligna

214 792 570 844 Connumerant,
595 806 686 835 mas
707 788 742 835 si
765 787 910 842 fuerit,
933 805 1034 834 nam
1058 786 1222 834 femina
1243 787 1399 834 mollis.
1717 802 1779 833 375

213 856 410 903 Mascula
431 856 590 903 duritie
610 870 799 916 praestat
820 870 861 902 et
881 855 1050 902 saecula
1070 856 1205 901 vincit

214 928 267 970 Et
289 924 410 970 buxo
432 938 474 970 et
495 924 605 970 taxis
625 938 761 970 certat
782 940 922 982 neque
944 922 1058 969 cedit
1079 923 1247 969 amaris.

214 991 412 1051 Quando
435 1006 582 1038 autem
604 991 755 1038 aetatis
773 991 941 1037 victum
963 1007 1231 1050 componere
1252 991 1420 1050 primae

214 1060 472 1120 Coepimus,
499 1059 728 1119 indignum
754 1076 845 1105 non
866 1059 920 1105 sit
941 1059 977 1105 si
999 1072 1155 1118 coepta
1174 1075 1419 1118 sequamur.

214 1131 450 1175 Castaneas
471 1128 603 1188 igitur
625 1145 742 1174 nunc
764 1126 943 1174 tandem
966 1141 1007 1174 et
1029 1144 1211 1173 munera
1233 1126 1375 1173 dicam
1717 1141 1781 1172 380

212 1196 428 1244 Silvarum
450 1197 594 1257 prima
616 1210 658 1243 et
679 1195 867 1255 corylos,
890 1213 966 1242 sua
988 1195 1106 1242 dona
1126 1194 1326 1251 deorum,

214 1264 440 1325 Iuglandes
460 1264 697 1325 longasque
721 1282 852 1311 nuces
872 1264 1088 1324 pinusque
1111 1263 1318 1319 valentes,

213 1336 352 1380 Poma
374 1332 534 1380 dehinc
556 1332 697 1388 huius,
722 1350 831 1392 quae
851 1350 950 1392 pars
972 1333 1053 1379 erit
1073 1331 1229 1379 ultima
1250 1349 1391 1387 curae3

212 1401 297 1448 Sed
315 1402 473 1461 pinum
497 1415 598 1447 ante
618 1400 733 1456 alias,
754 1401 897 1461 prima
918 1415 980 1447 est
1003 1418 1105 1447 nam
1127 1400 1265 1460 gloria
1284 1400 1391 1460 pini.

213 1470 392 1529 Egregia
415 1470 460 1515 in
481 1469 591 1529 pino
613 1469 776 1529 species
798 1486 1012 1529 comaque
1034 1468 1183 1515 inclita
1202 1469 1295 1529 pini
1318 1482 1380 1515 est
1717 1482 1779 1513 385

212 1541 267 1584 Et
290 1537 468 1584 nucleus
489 1537 631 1584 suavis
653 1536 848 1597 dapibus.
873 1536 957 1584 Sed
977 1551 1019 1584 et
1040 1536 1145 1583 utile
1167 1536 1334 1597 lignum

213 1606 466 1665 Mensisque
490 1620 531 1652 et
552 1605 687 1660 lectis,
710 1605 873 1651 ratibus
895 1604 1088 1652 tabulata
1108 1605 1286 1651 marinis

214 1673 319 1719 Inde
339 1687 496 1733 petunt
520 1687 689 1719 nautae.
712 1675 863 1731 Quam
884 1672 1011 1732 plura
1033 1672 1087 1719 ad
1106 1671 1344 1719 commoda
1365 1686 1407 1719 et
1428 1686 1540 1718 artes

213 1741 448 1787 Materiam
468 1740 647 1801 praebet
670 1739 801 1787 fabris
823 1740 1008 1800 urbique
1031 1739 1216 1800 forique!

212 1813 312 1855 Nec
333 1823 376 1855 te
397 1808 541 1855 forma
563 1823 712 1855 tamen
734 1809 888 1868 capiat,
910 1807 978 1855 vel
1000 1822 1122 1855 tanta
1140 1807 1279 1855 libido
1717 1823 1780 1853 390

212 1876 460 1937 Spectandi,
482 1891 530 1923 ut
551 1877 645 1937 pini
666 1876 863 1937 plantam
883 1894 1022 1937 prope
1045 1891 1160 1923 tecta
1176 1894 1400 1937 propages.

214 1944 365 1992 Arbor
385 1944 554 1992 letifera
574 1959 616 1992 et
635 1945 787 2005 Stygio
808 1959 973 1992 sacrata
991 1959 1183 2005 tyranno
1206 1959 1281 1991 est.

212 2017 333 2060 Nam
356 2014 391 2060 si
412 2014 517 2073 pina
539 2013 695 2060 cadant
716 2014 866 2060 rostris
886 2031 1088 2074 percussa
1108 2013 1355 2069 volucrum,

213 2081 391 2128 Pondus
416 2081 577 2128 habent
599 2082 841 2141 mortisque
864 2081 991 2128 dolos
1013 2099 1114 2128 cum
1135 2081 1332 2141 pondere
1352 2096 1546 2141 portant.

212 2148 421 2195 Turbinis
446 2149 490 2194 in
514 2167 685 2195 morem
709 2164 907 2195 crescunt
931 2148 1202 2209 implentque
1225 2148 1440 2196 trilibrem
1716 2164 1778 2194 395

213 2216 496 2276 Edurantque
517 2234 593 2263 sua
616 2218 660 2262 in
683 2231 793 2263 testa
812 2231 854 2263 et
873 2231 1103 2263 servantur
1123 2217 1168 2263 in
1190 2234 1329 2263 annos

213 2284 422 2339 Pinuclei,
446 2284 559 2331 binis
584 2299 724 2331 mater
743 2302 853 2344 quos
873 2285 1064 2345 protegit
1087 2285 1229 2331 armis.

214 2355 440 2399 Praeterea
458 2352 675 2412 liquidum
700 2352 877 2399 distillat
899 2353 1062 2399 cortice
1082 2352 1231 2412 gluten

214 2424 267 2466 Et
289 2421 378 2466 coit
402 2421 445 2465 in
468 2420 679 2466 baccham
699 2438 783 2480 pro
806 2420 985 2480 iureque
1007 2419 1146 2466 fumat
1168 2420 1223 2466 ad
1242 2438 1347 2475 aras,

215 2491 305 2534 Aut
329 2488 374 2533 in
395 2487 599 2548 praeduri
620 2488 808 2548 speciem
833 2502 1030 2534 mutatur
1050 2487 1210 2534 electri.
1717 2503 1780 2532 400

213 2559 324 2602 Non
347 2573 428 2615 ego
449 2570 491 2602 te
513 2555 738 2611 indictam,
761 2573 892 2616 quam
914 2555 998 2602 fert
1019 2556 1272 2611 Germania,
1292 2556 1448 2616 pinum

214 2626 501 2670 Praeteream.
523 2627 758 2670 Autumno
780 2623 937 2670 sudant
960 2623 1013 2670 de
1033 2624 1195 2670 viscere
1215 2638 1376 2683 guttae,

214 2694 338 2750 Quas
361 2691 486 2752 adipe
509 2692 702 2738 incoctas
721 2709 880 2752 porcae
902 2691 1101 2738 lactentis
1120 2691 1175 2738 ad
1193 2709 1293 2738 usus

213 2759 423 2806 Traducit
445 2759 662 2806 medicina
682 2759 825 2806 bonos
849 2774 891 2807 et
910 2760 1085 2807 succina
1105 2759 1265 2807 lucent.

215 2899 305 2941 Iam
329 2913 469 2955 neque
492 2896 700 2942 castaneis
721 2896 955 2956 quicquam
980 2895 1237 2942 mortalibus
1261 2896 1395 2955 aegris
1717 2910 1778 2940 405

214 2962 380 3010 Utilius
404 2978 559 3010 natura
579 2963 699 3010 dedit
721 2964 906 3010 nutricia
928 2978 1079 3010 mater.

216 3031 337 3077 Hinc
358 3046 484 3091 potes
507 3046 549 3078 et
569 3032 718 3091 pecori
740 3031 918 3078 stabulis
940 3031 1148 3078 alimenta
1169 3046 1342 3078 retento

216 3098 426 3145 Praebere
447 3113 489 3145 et
508 3116 678 3145 servare
698 3099 859 3145 bovem
884 3100 1165 3159 iumentaque
1187 3097 1309 3145 laeta.

215 3166 342 3212 Vitae
364 3165 520 3212 adsunt
542 3167 674 3213 etiam
697 3181 884 3222 nostrae,
909 3184 1010 3213 nam
1032 3166 1191 3226 pabula
1211 3180 1431 3226 praestant
