2124 3458
139 174 322 208 ESSAYS
1846 164 1937 205 367

884 314 921 356 5.
946 310 1202 356 Innocentia

962 377 1025 432 Bi,
1046 383 1125 423 44r

139 481 399 528 Calumniae
420 480 566 541 plures
587 479 774 526 ministri
796 479 1105 538 ministraeque
1124 478 1350 525 adstabant
1370 492 1526 525 nutum
1550 477 1677 524 herae
1695 492 1942 538 exspectan-

138 564 214 596 tes.
243 548 463 609 Imprimis
491 546 669 594 insidiae
695 561 817 594 erant
841 561 883 593 et
909 545 1046 593 malus
1071 545 1210 602 dolus,
1239 545 1396 607 quibus
1423 545 1494 593 illa
1519 546 1707 593 maxime
1732 560 1941 592 uteretur.

138 621 257 664 Cum
285 634 392 663 vero
417 615 524 676 quid
549 615 593 662 id
618 630 725 662 esset
748 614 982 675 spectaculi
1009 615 1202 670 mirarer,
1227 632 1324 661 ecce
1350 615 1649 661 circumventa
1673 614 1944 670 Innocentia‚

139 684 340 732 manibus
370 698 470 744 post
500 680 690 743 tergum⁶
719 683 890 738 vinctis,
921 682 1152 729 adducitur
1179 697 1220 729 et
1249 683 1334 729 iam
1363 682 1569 729 damnata
1595 681 1649 728 ad
1675 681 1938 742 supplicium

138 753 407 808 trahebatur,
430 752 510 798 nisi
533 752 691 798 veritas
712 751 914 797 invocata
933 750 1116 797 salutem
1140 750 1363 797 attulisset.

881 891 918 933 6.
941 886 1202 947 Simplicitas

908 955 971 1010 Bi,
992 960 1178 1001 44r—45r

139 1059 401 1113 Hominem,
421 1075 522 1104 cum
539 1057 735 1117 primum
756 1057 968 1116 apparuit,
987 1055 1162 1116 Aplotis
1181 1056 1356 1111 amavit,
1373 1055 1585 1102 delectata
1598 1055 1789 1102 humana
1807 1054 1947 1115 figura

138 1141 180 1173 et
197 1126 560 1172 liniamentorum
582 1124 804 1184 elegantia.
823 1128 883 1170 Ea
901 1124 1056 1184 insigni
1077 1123 1220 1170 forma
1236 1123 1381 1184 puella
1399 1122 1480 1170 fuit
1499 1137 1628 1183 atque
1645 1141 1697 1169 ex
1713 1123 1879 1169 semine
1897 1137 1946 1169 ut

137 1193 372 1254 perhibent
394 1196 597 1239 Deorum
619 1206 728 1239 orta.
750 1192 930 1238 Amavit
951 1206 1097 1238 autem
1118 1190 1275 1238 eodem
1295 1205 1496 1251 tempore
1516 1205 1558 1237 et
1577 1190 1940 1251 Dolophrosyne‚

138 1279 191 1308 ex
214 1264 336 1308 Gaea
359 1275 460 1307 nata
481 1259 679 1320 nympha
705 1274 747 1306 et
769 1259 1004 1320 Cupidine.
1031 1263 1152 1306 Nam
1177 1273 1218 1306 et
1242 1259 1330 1320 ipse
1356 1258 1464 1306 olim
1489 1257 1729 1319 fugientem
1754 1259 1947 1305 Dianam

137 1329 312 1390 spiculis
330 1346 431 1376 cum
449 1327 682 1375 infeliciter
694 1329 979 1375 insectaretur
990 1341 1282 1388 tractaretque
1291 1327 1542 1388 pharetram
1559 1341 1601 1374 et
1614 1327 1788 1387 sagittas
1803 1327 1945 1373 incau-

138 1399 237 1454 tius,
265 1415 447 1444 manum
474 1396 719 1444 vulneravit
746 1411 788 1443 et
810 1414 891 1443 suo
916 1397 1026 1443 ictus
1051 1395 1141 1443 telo
1165 1396 1325 1443 amavit
1352 1413 1555 1442 amorum
1582 1410 1747 1442 auctor.
1774 1395 1945 1442 Ambae

138 1466 393 1526 coniugium
426 1465 635 1526 petebant
664 1479 706 1512 et
735 1464 911 1525 Aplotis
943 1464 1121 1525 quidem
1152 1465 1323 1511 interna
1350 1464 1569 1511 ambiebat
1599 1463 1809 1524 dignitate
1839 1463 1949 1510 freta

138 1549 268 1595 atque
289 1552 378 1590 sua,
401 1533 749 1594 Dolophrosyne
778 1532 989 1580 industria
1009 1533 1157 1593 potius
1180 1550 1352 1580 causam
1376 1531 1637 1579 defendebat
1657 1547 1699 1579 et
1721 1529 1943 1579 muliebri7

139 1600 293 1650 modo⁸
324 1602 487 1649 divitiis
514 1619 690 1662 quoque
718 1601 831 1648 clara
854 1602 1091 1662 peregrinis
1119 1615 1161 1648 et
1186 1601 1452 1648 muneribus.
1485 1598 1665 1647 Procus⁹
1694 1600 1874 1647 tandem
1900 1601 1946 1646 in

137 1670 507 1731 Dolophrosynes
531 1670 743 1716 concessit
762 1687 959 1716 amorem
980 1684 1109 1730 atque
1128 1669 1253 1716 inivit
1273 1687 1374 1716 cum
1393 1686 1442 1715 ea
1459 1669 1645 1729 nuptias,
1666 1668 1945 1729 simplicitate

139 1756 316 1786 morum
339 1753 605 1799 naturaeque
622 1737 887 1799 posthabita,
895 1735 926 1762 ¹⁰
944 1737 1065 1798 quod
1084 1738 1253 1784 externi
1271 1738 1404 1797 magis
1424 1736 1747 1797 mendicatique
1764 1751 1945 1783 ornatus

138 1807 481 1854 delectavissent.
512 1811 576 1853 Ita
603 1821 761 1867 spreta,
791 1805 967 1866 Aplotis
999 1805 1116 1853 unde
1146 1820 1243 1852 orta
1271 1805 1353 1852 fuit
1385 1805 1586 1852 caelestes
1614 1805 1785 1866 repetit.
1818 1808 1947 1863 Quae

138 1875 296 1922 deinde
315 1893 396 1935 per
416 1875 631 1921 rarissima
654 1874 881 1921 intervalla
901 1892 980 1920 nec
1003 1874 1082 1920 nisi
1107 1873 1296 1920 multum
1322 1888 1471 1934 rogata
1490 1874 1589 1920 visit
1611 1888 1758 1920 terras.

896 2015 934 2056 7.
957 2012 1190 2070 Paupertas

934 2078 997 2134 Bi,
1018 2083 1154 2125 45r-v

136 2182 302 2243 Nupsit
332 2181 511 2229 tandem
538 2181 810 2242 Philosopho
838 2184 1071 2242 Paupertas
1094 2196 1380 2242 posteaquam
1408 2180 1516 2228 nulli
1539 2195 1763 2242 praeterea
1786 2195 1946 2227 morta-

138 2250 246 2297 lium
268 2250 403 2297 locari
422 2250 582 2310 potuit.
605 2249 794 2297 Sordido
814 2251 932 2296 enim
955 2264 1113 2296 ornatu
1135 2264 1263 2310 atque
1284 2249 1495 2296 indecoro
1515 2249 1654 2305 vultu,
1676 2250 1754 2296 etsi
1775 2248 1946 2309 reliquo

138 2336 324 2378 corpore
347 2318 530 2378 elegans,
554 2317 678 2364 facile
698 2317 1027 2378 despiciebatur.
1052 2322 1166 2378 Ergo
1187 2336 1239 2364 ex
1259 2318 1357 2364 viro
1377 2317 1760 2378 Tranquillitatem
1782 2318 1946 2377 genuit,

138 2401 260 2433 tanta
277 2387 419 2446 specie
440 2401 569 2446 atque
589 2385 799 2446 dignitate
818 2400 865 2432 ut
887 2386 1019 2432 etiam
1039 2385 1251 2432 referrent
1271 2386 1315 2431 in
1337 2385 1521 2432 deorum
1544 2403 1640 2432 eam
1662 2385 1864 2431 homines
1886 2384 1945 2431 ob

138 2453 330 2500 formam
352 2471 587 2500 numerum
608 2454 823 2513 sacrisque
842 2467 1166 2500 venerarentur.
1186 2457 1352 2499 Verum
1373 2467 1435 2499 est
1455 2453 1526 2499 illa
1544 2452 1723 2512 quidem
1743 2467 1785 2499 et
1802 2452 1945 2499 adhuc

140 2536 294 2568 nostro
315 2522 463 2582 generi
484 2520 697 2577 infestior,
719 2536 887 2582 spretae
910 2520 1017 2567 olim
1040 2521 1189 2568 matris
1210 2520 1268 2567 ob
1292 2521 1509 2567 iniuriam.
1534 2521 1619 2567 Vix
1641 2521 1723 2567 nisi
1746 2520 1821 2581 qui
1843 2537 1943 2566 cum

139 2589 211 2637 illa
230 2590 351 2650 prius
376 2589 551 2636 redierit
573 2590 618 2635 in
640 2590 822 2650 gratiam
847 2586 953 2649 (itall
978 2590 1022 2635 in
1043 2604 1271 2650 parentem
1291 2589 1363 2650 pia
1384 2603 1485 2636 nata
1504 2589 1581 2649 est)
1606 2588 1739 2635 audit.

903 2729 941 2771 8.
965 2728 1183 2784 Aegrotus

907 2793 969 2848 Bi,
991 2797 1183 2839 45v—46r

139 2893 341 2940 Medicus
359 2893 475 2940 idem
495 2908 537 2940 et
553 2893 858 2954 philosophiae
879 2893 1111 2949 studiosus,
1134 2911 1234 2940 curn
1255 2893 1448 2940 delatum
1466 2892 1520 2940 ad
1536 2910 1579 2939 se
1597 2907 1825 2953 aegrotum
1846 2910 1947 2939 con-

140 2961 429 3023 templaretur
449 2976 490 3009 et
511 2961 663 3009 lateret
686 2961 831 3008 morbi
855 2979 993 3017 causa,
1016 2961 1299 3022 aperiendum
1322 2961 1403 3008 sibi
1429 2961 1657 3008 hominem
1682 2975 1724 3008 et
1747 2960 1946 3007 rimanda

139 3031 304 3077 viscera
318 3031 503 3090 putavit.
520 3034 667 3077 Aurea
681 3048 784 3090 ergo
799 3030 997 3090 apparuit
1013 3030 1174 3090 species
1190 3047 1299 3090 quae
1314 3030 1558 3089 superiores
1573 3043 1717 3089 partes
1732 3043 1948 3089 caputque

141 3098 672 3158 occupaverat—arbitror
693 3112 741 3144 ut
763 3115 894 3158 quam
917 3097 1045 3157 longe
1069 3097 1121 3144 ab
1145 3097 1342 3144 hostibus
1365 3098 1521 3144 stativa
1542 3096 1718 3143 haberet
1741 3110 1870 3156 atque
1892 3113 1944 3142 ex

141 3165 232 3212 alto
248 3165 350 3212 loco
368 3166 459 3211 vim
480 3165 706 3225 repelleret
723 3164 901 3212 facilius.
921 3165 1005 3212 Sed
1021 3183 1045 3212 a
1061 3165 1193 3211 corde
1211 3183 1259 3211 ac
1276 3165 1417 3211 iecore
1435 3163 1605 3211 fibellae
1623 3179 1833 3224 tanquam
1851 3163 1949 3223 liga·
