2124 3464
147 178 376 213 PRIVATE
402 177 630 211 LETTERS
1857 169 1940 210 101

1013 319 1090 360 109

421 390 499 430 To
521 390 826 429 GIOVANNI
845 389 1303 428 ALDOBRANDINI
1325 389 1390 427 IN
1411 387 1678 428 SARZANA

896 459 945 496 16
962 458 1074 507 June
1098 458 1199 496 1481

228 551 315 591 Min
346 554 402 599 11,
431 549 498 590 fol.
526 553 635 590 219v.
665 549 867 602 Chancery
892 548 1002 597 draft,
1030 548 1182 589 headed:
1215 549 1361 589 ‘Ioanni
1386 548 1678 589 Aldobrandino
1709 549 1867 589 nomine

229 606 379 647 domini
399 605 684 646 Bartholomei.'

146 701 181 758 1³:
202 725 318 758 stato
341 711 416 771 qui
437 727 507 757 ser
528 708 844 757 Bartholomeo
868 708 922 756 da
940 712 1125 756 Serzana
1147 723 1189 755 et
1211 708 1265 756 da
1285 708 1346 756 lui
1368 709 1403 755 si
1427 707 1449 755 ὲ
1473 709 1615 755 inteso
1639 707 1676 755 el
1698 708 1885 768 bisogno
1912 722 1953 755 et

145 778 362 827 desiderio
381 777 483 825 delli
503 777 675 825 homini
696 777 741 824 di
758 776 1018 824 Serzanello.
1038 781 1150 824 Non
1168 777 1203 824 si
1220 776 1421 838 potendo
1442 794 1650 837 ragunare
1668 775 1871 823 l’Uficio⁸
1890 777 1951 822 in-

145 862 256 903 tero,
277 847 338 893 mi
358 846 507 894 hanno
526 863 773 893 commesso
793 846 837 892 vi
853 846 991 892 scriva
1007 844 1047 892 13
1063 844 1162 892 loro
1182 845 1441 892 intentione.
1460 849 1572 891 Non
1591 844 1613 891 ὲ
1631 859 1785 905 tempo
1804 844 1842 891 al
1858 862 1952 905 pre-

143 930 266 963 sente
288 914 333 962 di
352 929 521 962 tentare
540 913 695 961 alcuna
714 913 865 961 novita
885 931 913 960 o
936 914 1072 960 nuovi
1092 912 1295 969 scandali,
1316 927 1358 960 et
1376 912 1485 973 pero
1506 912 1684 973 quando
1704 913 1779 959 voi
1802 930 1894 959 non
1915 913 1954 959 ci

145 982 382 1030 intendessi
401 982 560 1030 dentro
578 981 691 1029 altro
705 981 915 1043 pericolo,
935 982 970 1028 si
989 980 1350 1028 acorderebbono
1368 998 1391 1028 a
1406 995 1671 1042 permettere
1688 980 1768 1028 che
1783 981 1818 1028 si
1837 998 1955 1028 com-

142 1051 382 1113 ponessino
401 1068 487 1098 con
505 1051 661 1097 cotesti
675 1049 775 1097 loro
790 1050 924 1097 vicini
940 1049 985 1097 di
999 1052 1184 1097 Serzana
1201 1050 1246 1096 in
1264 1049 1402 1096 modo
1419 1049 1498 1096 che
1513 1049 1739 1110 potessino
1756 1048 1953 1096 lavorare

144 1134 186 1167 et
209 1119 398 1166 fructare
419 1122 455 1166 e'
479 1118 579 1166 loro
602 1119 779 1175 terreni,
800 1117 960 1179 perche
983 1117 1222 1165 altrimenti
1245 1117 1492 1165 intendono
1516 1135 1652 1164 essere
1673 1135 1781 1164 vero
1803 1117 1951 1178 quello

144 1187 224 1236 che
244 1187 339 1235 dice
357 1186 487 1234 decto
502 1190 579 1234 Ser
596 1186 926 1243 Bartholomeo,
947 1186 1026 1233 che
1045 1185 1067 1233 ὲ
1087 1185 1353 1247 impossibile
1374 1186 1408 1233 si
1427 1186 1607 1247 possino
1628 1200 1883 1233 sostentare.
1901 1189 1953 1233 Se

144 1274 168 1304 a
183 1257 259 1303 voi
277 1274 370 1303 non
390 1254 621 1303 occorrera
637 1254 743 1302 altre
760 1255 928 1315 ragioni
946 1255 991 1301 in
1012 1255 1248 1310 contrario,
1268 1255 1307 1301 ci
1324 1255 1451 1301 tirete
1467 1253 1522 1301 ad
1539 1253 1701 1301 effecto
1717 1269 1873 1315 questo
1890 1272 1954 1301 ac-

144 1323 283 1372 cordo
304 1323 418 1371 infra
437 1323 549 1370 loro.
575 1322 682 1370 Cosi
707 1322 728 1370 ὲ
749 1323 790 1370 13
811 1323 1058 1370 intentione
1080 1322 1196 1370 dello
1216 1322 1381 1370 Uficio.
1404 1323 1491 1369 Die
1512 1323 1586 1369 xvi
1600 1323 1721 1381 Junii
1748 1327 1866 1369 1481.

1011 1464 1088 1505 110

603 1534 681 1574 To
703 1534 982 1574 ANTONIO
1006 1535 1246 1573 RIDOLFI
1267 1536 1333 1573 IN
1353 1535 1488 1573 P18A²

823 1605 976 1650 [ιε-18
993 1604 1106 1652 June
1129 1595 1270 1650 1481]b

225 1697 313 1736 Min
331 1699 386 1744 11,
401 1695 485 1736 fols.
499 1698 725 1736 219v-220r.
741 1694 943 1748 Chancery
955 1694 1065 1743 draft,
1080 1694 1232 1735 headed:
1251 1695 1437 1735 ‘Domino
1451 1695 1627 1735 Antonio
1643 1694 1689 1735 de
1703 1693 1863 1735 Ridolfis

216 1752 385 1793 nomine
405 1751 555 1792 domini
574 1751 859 1792 Bartholomei.'

141 1855 380 1917 Magnifice
401 1874 450 1903 ac
467 1855 699 1903 clarissime
722 1874 865 1916 eques,
884 1870 1010 1917 pater
1027 1870 1069 1902 et
1086 1855 1342 1903 benefactor
1360 1856 1434 1902 mi.
1457 1854 1620 1902 Perche
1639 1854 1824 1902 l'Uficio
1846 1854 1947 1902 delli

143 1928 261 1972 Otto
276 1942 357 1986 per
373 1924 695 1985 impedimento
714 1942 806 1971 non
823 1925 859 1971 si
875 1942 1070 1985 possono
1090 1942 1297 1984 ragunare
1315 1925 1361 1970 in
1379 1923 1534 1971 officio
1553 1924 1711 1980 intero,
1730 1923 1949 1971 essendosi

142 1993 341 2053 ragunati
362 1992 495 2053 quelli
516 1992 596 2039 che
617 1993 652 2039 si
672 2010 868 2053 possono
893 2010 1100 2052 ragunare
1123 2007 1165 2039 et
1185 1991 1405 2039 conferito
1426 2010 1512 2039 con
1535 1991 1735 2039 cittadini
1753 1991 1949 2039 secondo

141 2061 182 2108 13
196 2078 357 2108 usanza
374 2060 487 2117 loro,
507 2060 619 2107 della
634 2060 760 2121 quale
775 2061 880 2107 siate
899 2059 1274 2116 informatissimo,
1295 2061 1357 2106 mi
1375 2059 1524 2107 hanno
1543 2078 1790 2107 commesso
1809 2059 1888 2107 che
1907 2060 1951 2107 io

141 2129 185 2175 vi
207 2129 346 2176 scriva
369 2129 414 2175 in
438 2146 572 2176 nome
597 2129 695 2190 mio
712 2128 753 2175 la
772 2128 872 2175 loro
896 2129 1156 2185 intentione,
1180 2128 1221 2176 la
1243 2128 1368 2189 quale
1391 2128 1413 2175 ὲ
1437 2128 1516 2175 che
1539 2129 1613 2175 voi
1637 2129 1840 2175 riceviate
1862 2127 1952 2175 cosi

142 2196 224 2244 alla
245 2196 423 2257 guardia
444 2196 556 2243 della
575 2196 681 2243 citta
701 2211 743 2243 et
764 2196 1058 2257 consegnateli
1078 2196 1118 2243 le
1139 2211 1463 2243 stanze—-come
1487 2196 1508 2243 ὲ
1532 2196 1849 2243 consuetudine
1871 2214 1951 2257 per

142 2264 172 2311 li
195 2264 380 2312 altri—el
404 2267 570 2325 Pasqua
592 2264 635 2311 di
658 2268 866 2321 Arezzo,c
887 2279 1138 2325 aportatore
1161 2264 1273 2312 della
1291 2279 1507 2325 presente,
1529 2282 1615 2311 con
1638 2269 1692 2311 25
1715 2265 1948 2325 compagni

142 2332 180 2379 al
199 2347 415 2393 presente,
438 2333 452 2378 i
472 2332 589 2393 quali
610 2331 701 2379 fara
718 2333 867 2379 venire
889 2332 943 2379 da
959 2332 1220 2388 Sarzanello,
1244 2332 1324 2379 che
1343 2350 1456 2379 sono
1477 2333 1578 2379 stati
1598 2332 1679 2379 alla
1697 2332 1875 2392 guardia
1895 2331 1949 2388 la3

142 2415 184 2447 et
203 2400 231 2446 il
251 2414 368 2447 resto
387 2400 500 2447 della
515 2418 591 2447 sua
610 2401 882 2461 compagnia,
905 2400 984 2447 che
1002 2418 1115 2447 sono
1136 2400 1234 2447 altri
1251 2405 1319 2456 25,
1340 2418 1426 2447 con
1445 2418 1507 2447 un
1527 2418 1637 2461 capo
1655 2399 1723 2447 de’
1742 2401 1853 2456 suoi,
1874 2418 1954 2460 per

143 2468 252 2515 hora
272 2469 307 2516 si
330 2467 468 2515 fanno
491 2483 650 2515 restare
669 2467 721 2516 la.

226 2541 268 2583 A
291 2538 432 2598 questi
455 2536 499 2584 di
521 2538 565 2583 vi
587 2536 702 2584 decti
724 2538 883 2584 notitia
905 2537 949 2584 di
971 2537 1118 2598 quello
1141 2537 1220 2584 che
1244 2538 1283 2584 ci
1304 2555 1376 2584 era
1396 2537 1531 2584 allora
1554 2537 1621 2584 del
1644 2539 1806 2584 Turco.
1831 2537 1950 2584 Hab-

141 2605 292 2652 biamo
321 2604 365 2652 di
390 2605 467 2666 poi
496 2604 594 2652 altri
622 2605 757 2652 advisi
784 2605 863 2652 che
893 2623 985 2652 non
1013 2620 1197 2652 mutano
1227 2605 1380 2652 alcuna
1406 2623 1506 2652 cosa
1531 2605 1643 2652 della
1670 2599 1849 2661 morte,d
1879 2623 1950 2652 ma

141 2672 307 2720 dicono
324 2673 392 2720 del
409 2691 607 2720 successo
625 2673 864 2720 altrimenti
882 2673 961 2721 che
978 2674 1023 2720 in
1041 2673 1183 2734 quella
1200 2691 1292 2721 non
1308 2674 1343 2721 si
1361 2688 1617 2721 conteneva.
1636 2676 1718 2720 Per
1734 2674 1952 2734 occupati·

222 2902 234 2917 ²
252 2897 330 2936 The
348 2900 442 2936 Otto
460 2897 499 2936 di
516 2899 662 2942 Pratioe,
678 2912 735 2936 see
752 2898 858 2936 letter
876 2902 938 2936 108
957 2899 1081 2936 above.

221 2961 235 2976 ²
252 2956 460 2995 Florentine
476 2957 618 3006 captain
635 2958 675 2994 in
692 2958 778 3001 Pisa,
798 2956 842 2995 cf.
860 2958 943 2994 Min
963 2961 1015 3002 11,
1032 2956 1096 2995 fol.
1115 2961 1216 2995 211v.

221 3008 237 3033 b
254 3014 373 3053 Dated
390 3015 440 3063 by
457 3016 502 3053 its
518 3016 682 3064 position
698 3016 738 3052 in
753 3016 837 3053 Min
856 3019 908 3053 11.

222 3077 236 3091 '³
253 3071 311 3110 Cf.
329 3071 436 3110 letter
454 3076 529 3117 108,
548 3084 635 3111 note
653 3072 701 3121 b).

221 3125 238 3150 d
262 3133 375 3168 News
401 3130 443 3168 of
465 3130 528 3168 the
551 3130 659 3168 death
684 3130 726 3169 of
747 3131 810 3169 the
834 3131 953 3169 sultan
977 3131 1160 3169 Mehemet
1188 3134 1218 3168 11
1242 3131 1391 3169 reached
1415 3131 1477 3169 the
1504 3133 1598 3169 Otto
1624 3145 1677 3168 on
1701 3134 1746 3168 30
1771 3134 1869 3179 May,
1895 3144 1953 3168 see

142 3185 320 3226 Lorenzo,
337 3185 477 3226 Latere,
495 3185 539 3226 V,
559 3186 637 3226 219,
655 3194 743 3220 note
760 3186 792 3220 2.
