2118 3444
189 159 280 200 288
1801 165 1938 198 PART
1963 165 1995 198 V

190 308 243 351 Et
264 303 398 364 paulo
420 317 520 364 post
544 302 671 349 utiles
694 320 781 349 esse
805 302 1054 349 existimans
1078 296 1386 349 eiulationes:dd

393 405 523 452 Fidae
545 423 664 452 casus
688 405 827 451 nostri
850 405 1033 451 comites

392 473 549 520 solvite
572 474 753 528 crinem,

392 559 472 601 per
493 540 605 588 colla
626 540 765 587 fluant
790 554 951 587 maesta
972 539 1114 600 capilli

393 608 546 670 tepido
566 609 725 655 Troiae
746 608 925 669 pulvere
948 622 1095 669 turpes
1100 648 1214 655 .....

392 692 515 738 paret
537 691 709 724 exertos
730 676 859 723 turba
879 676 1075 723 lacertos.

190 783 491 839 Demumque,
510 796 611 825 cum
632 796 700 825 eas
716 777 852 825 veluti
870 777 924 825 ad
937 795 1129 838 pugnam
1150 777 1338 838 aliquam
1358 777 1484 825 rebus
1503 777 1709 825 omnibus
1731 778 1998 835 instruxerit,

190 847 416 895 concludit
440 848 648 894 iterum:ee

394 951 554 997 iterum
576 950 718 997 luctus
742 949 920 997 redeant
940 963 1107 996 veteres

392 1018 573 1065 solitum
599 1017 736 1065 flendi
757 1018 918 1065 vincite
942 1036 1126 1065 morem.

394 1091 592 1134 Hectora
612 1086 781 1133 flemus.

191 1192 286 1236 Cur
310 1206 402 1235 non
428 1189 518 1249 ipsa
543 1202 717 1235 tantum
742 1187 832 1244 flet,
856 1187 931 1235 sed
955 1202 1116 1235 ceteras
1139 1188 1292 1235 invitat
1317 1187 1371 1235 ad
1391 1187 1580 1235 luctum?
1607 1191 1702 1235 Cur
1725 1187 1796 1235 illa
1819 1187 1999 1235 tandem

190 1258 378 1304 vertitur
400 1257 445 1302 in
471 1274 625 1303 canem
649 1274 672 1303 a
692 1250 862 1317 poetisff
884 1257 965 1303 nisi
990 1257 1103 1317 quia,
1127 1257 1280 1303 amissa
1304 1256 1361 1303 ob
1388 1256 1575 1303 nimium
1602 1255 1803 1303 dolorem
1828 1257 1998 1304 ratione

191 1340 232 1372 et
253 1339 402 1372 mente
422 1325 620 1381 alienata,
641 1325 719 1371 etsi
742 1324 933 1371 hominis
955 1324 1093 1384 figura
1113 1339 1305 1381 restaret,
1324 1325 1494 1372 animus
1516 1339 1665 1372 tamen
1685 1325 1730 1371 in
1749 1324 1869 1372 bruti
1889 1324 2000 1372 abie-

191 1408 288 1440 rant
311 1395 535 1440 naturam?

276 1461 587 1520 Quamobrem
625 1462 684 1508 ita
716 1460 957 1508 dolendum
992 1461 1174 1507 minime
1211 1461 1427 1517 existimo,
1462 1478 1602 1521 neque
1634 1460 1882 1521 putandum
1916 1478 1998 1508 nos

189 1530 352 1586 statim,
369 1530 404 1576 si
422 1529 529 1590 quid
545 1528 710 1576 accidat
727 1528 1016 1585 incommodi,
1035 1543 1268 1589 propterea
1285 1547 1372 1576 esse
1390 1529 1583 1585 miseros,
1603 1529 1813 1590 quoniam
1832 1529 1892 1576 ita
1907 1529 1998 1576 nati

188 1616 339 1645 sumus
359 1613 407 1645 ut
426 1615 558 1658 quam
576 1597 777 1658 plurimis
798 1597 1000 1644 fortunae
1018 1597 1114 1644 telis
1133 1597 1325 1644 obnoxia
1344 1598 1397 1644 sit
1415 1598 1504 1644 vita
1522 1611 1682 1644 nostra.
1702 1597 1793 1644 Etsi
1812 1598 1930 1644 enim
1951 1615 2000 1644 ea

189 1667 281 1713 vim
308 1666 437 1713 habet
464 1666 831 1726 dominatumque
858 1665 1037 1712 fortuna
1058 1680 1106 1712 ut
1131 1683 1301 1713 necesse
1325 1665 1560 1726 aliquando
1584 1666 1637 1712 sit
1662 1666 1821 1713 sentire
1846 1664 2000 1713 ferien-

189 1750 295 1791 tem,
312 1752 404 1781 non
421 1749 571 1781 tamen
587 1735 758 1781 animus
776 1735 974 1794 ratioque
991 1733 1166 1781 fortiter
1178 1735 1371 1781 resistere
1389 1751 1714 1795 repugnareque
1731 1751 1823 1781 non
1837 1747 1997 1795 potest.

190 1807 253 1850 Ita
271 1802 322 1849 fit
340 1817 388 1850 ut
408 1820 533 1849 causa
551 1802 693 1849 adlata
710 1802 903 1858 dolendi,
923 1802 1045 1863 quod
1060 1802 1303 1863 plerunque
1325 1802 1494 1858 accidit,
1512 1820 1603 1849 non
1620 1803 1837 1863 possimus
1858 1801 2000 1849 fundi-

189 1886 258 1918 tus
285 1889 377 1918 non
404 1870 567 1927 dolere,
594 1870 715 1931 quod
740 1870 849 1917 velle
874 1870 1081 1917 videntur
1106 1870 1322 1927 nonnulli,
1351 1870 1395 1918 id
1420 1885 1481 1918 est
1508 1870 1640 1918 duros
1666 1888 1746 1918 nos
1770 1869 1934 1931 lapides
1958 1884 2000 1918 et

190 1957 282 1986 non
304 1939 486 1986 mollem
510 1938 696 1986 humum
717 1953 884 1999 putare.
904 1943 1064 1999 Neque
1084 1957 1228 1986 rursus
1250 1957 1403 1986 manus
1424 1938 1580 1986 dedere
1598 1938 1832 1986 debeamus
1852 1938 1997 1986 dolori

190 2025 330 2067 eoque
357 2007 592 2083 prosterni,
623 2021 834 2067 tanquam
863 2007 937 2067 qui
965 2007 1009 2052 in
1040 2007 1235 2053 maximo
1263 2007 1491 2054 constituti
1520 2006 1752 2063 malorum,
1783 2006 1891 2052 nihil
1922 2024 2000 2053 cur

190 2093 283 2122 non
306 2076 541 2122 miserrimi
564 2075 698 2122 simus
722 2074 869 2122 videre
890 2074 1137 2122 valeamus'

275 2146 526 2190 ‹SCALA.›
549 2142 731 2190 ‘Audire
751 2142 861 2189 mihi
879 2144 1020 2190 visum
1041 2161 1152 2199 sum,
1172 2146 1364 2199 Cosme,’
1387 2144 1581 2203 inquam,
1602 2142 1788 2189 ‘dicente
1805 2157 1862 2199 te,
1880 2156 2002 2190 natu-

190 2229 283 2258 ram
309 2212 446 2271 ipsam
473 2225 552 2258 tuo
576 2229 664 2258 sese
691 2211 818 2258 nobis
845 2229 920 2258 ore
945 2211 1226 2271 aperientem.
1252 2215 1305 2258 Et
1330 2210 1526 2258 mirabile
1553 2210 1672 2258 dictu
1697 2225 1758 2258 est
1782 2224 1998 2271 quantum

189 2283 385 2326 Graecos
400 2278 691 2340 philosophos
712 2297 815 2340 prae
832 2294 874 2326 te
892 2279 1247 2340 contempserim,
1268 2280 1342 2340 qui
1359 2280 1526 2340 impetu
1546 2278 1738 2340 quodam
1755 2278 1994 2326 verborum

187 2347 504 2408 subtiliumque
539 2347 766 2394 dumtaxat
797 2348 1243 2408 argumentationum,
1278 2348 1398 2408 quasi
1430 2347 1643 2394 machinis
1675 2348 1996 2408 tormentisque

189 2415 451 2476 quibusdam
470 2415 673 2472 admotis,
691 2434 783 2463 non
800 2416 995 2463 assentiri
1010 2416 1221 2472 animum,
1241 2415 1361 2476 quod
1378 2430 1425 2463 tu
1441 2416 1605 2476 egregie
1621 2415 1760 2463 fecisti
1773 2416 1996 2476 superiore

189 2485 390 2532 oratione
416 2499 503 2540 tua,
528 2484 604 2531 sed
628 2502 880 2545 oppugnare
906 2485 1054 2544 potius
1081 2485 1390 2545 captivumque
1416 2502 1507 2531 non
1533 2483 1704 2540 ducere,
1727 2483 1803 2531 sed
1826 2483 1998 2531 trahere

188 2552 408 2599 videntur.
434 2552 556 2599 Illam
582 2553 715 2608 enim,
740 2567 787 2599 ut
814 2553 873 2599 ita
894 2552 1093 2608 dixerim,
1119 2553 1406 2608 Stoicitatem,
1430 2570 1561 2612 quam
1586 2566 1633 2599 tu
1657 2569 1774 2598 nunc
1797 2552 1994 2612 primum

189 2620 329 2667 fecisti
348 2635 395 2667 ut
415 2638 508 2667 non
526 2620 729 2680 probem,
751 2621 829 2667 etsi
848 2635 974 2667 antea
988 2638 1086 2667 sum
1105 2635 1304 2676 sectatus,
1325 2621 1458 2680 magis
1477 2637 1546 2667 me
1567 2619 1740 2667 hercule
1757 2620 1995 2680 Epicureos

189 2703 230 2735 et
262 2688 539 2749 voluptatem
574 2688 774 2735 callidam
810 2688 987 2748 quidem
1021 2702 1062 2735 et
1094 2687 1299 2735 blandam
1333 2689 1446 2735 vitae
1479 2702 1651 2735 nostrae
1685 2687 1997 2734 insidiatricem

189 2756 372 2817 fugiens,
399 2774 546 2817 quam,
570 2756 691 2817 quod
717 2756 777 2802 illi
801 2756 909 2802 mihi
934 2757 1121 2803 omnino
1145 2755 1454 2812 satisfacerent,
1477 2756 1562 2803 iam
1585 2773 1676 2802 non
1698 2773 1878 2816 possum
1904 2772 1997 2802 non

189 2824 424 2885 despicere,
441 2842 590 2885 eaque,
607 2842 716 2885 quae
730 2824 852 2871 soleo
867 2824 1099 2884 splendore
1116 2824 1271 2871 ductus
1284 2825 1458 2871 virtutis
1472 2838 1600 2884 atque
1616 2823 1854 2871 honestatis
1870 2822 1996 2870 laude

268 3052 301 3077 dd
318 3058 404 3096 lbid.
425 3061 547 3096 83-87.

270 3121 295 3135 ⁶⁶
312 3117 399 3155 [bid.
419 3120 542 3155 96-98.

269 3168 289 3193 ff
308 3177 367 3222 Eg.
389 3174 499 3218 Ovid‚
516 3177 596 3212 Met.
617 3177 780 3217 xn1,4oo
798 3173 836 3211 ff.
