<?xml version="1.0" encoding="UTF-8"?>
<!DOCTYPE html PUBLIC "-//W3C//DTD XHTML 1.0 Transitional//EN"
    "http://www.w3.org/TR/xhtml1/DTD/xhtml1-transitional.dtd">
<html xmlns="http://www.w3.org/1999/xhtml" xml:lang="en" lang="en">
 <head>
  <title>
</title>
<meta http-equiv="Content-Type" content="text/html;charset=utf-8" />
  <meta name='ocr-system' content='tesseract 3.04.00' />
  <meta name='ocr-capabilities' content='ocr_page ocr_carea ocr_par ocr_line ocrx_word'/>
</head>
<body>
  <div class='ocr_page' id='page_1' title='image "bartolomeoscalah00scaluoft_0159.png"; bbox 0 0 2118 3444; ppageno 0'>
   <div class='ocr_carea' id='block_1_1' title="bbox 118 174 1920 217">
    <p class='ocr_par' dir='ltr' id='par_1_1' title="bbox 118 174 1920 217">
     <span class='ocr_line' id='line_1_1' title="bbox 118 174 1920 217; baseline -0.002 0"><span class='ocrx_word' id='word_1_1' title='bbox 118 182 347 217; x_wconf 87' lang='lat' dir='ltr'><strong>PRIVATE</strong></span> <span class='ocrx_word' id='word_1_2' title='bbox 374 182 602 216; x_wconf 87' lang='lat' dir='ltr'><strong>LETTERS</strong></span> <span class='ocrx_word' id='word_1_3' title='bbox 1833 174 1920 215; x_wconf 83' lang='lat'>119</span> 
     </span>
    </p>
   </div>
   <div class='ocr_carea' id='block_1_2' title="bbox 112 318 1930 1934">
    <p class='ocr_par' dir='ltr' id='par_1_2' title="bbox 112 318 1930 1934">
     <span class='ocr_line' id='line_1_2' title="bbox 118 318 1925 379; baseline -0.001 -11"><span class='ocrx_word' id='word_1_4' title='bbox 118 321 162 368; x_wconf 94' lang='lat' dir='ltr'>di</span> <span class='ocrx_word' id='word_1_5' title='bbox 183 321 289 377; x_wconf 92' lang='lat' dir='ltr'>Dio,</span> <span class='ocrx_word' id='word_1_6' title='bbox 313 319 509 368; x_wconf 89' lang='lat' dir='ltr'>secondo</span> <span class='ocrx_word' id='word_1_7' title='bbox 532 319 559 366; x_wconf 93' lang='lat' dir='ltr'>il</span> <span class='ocrx_word' id='word_1_8' title='bbox 582 333 734 366; x_wconf 92' lang='lat' dir='ltr'>vostro</span> <span class='ocrx_word' id='word_1_9' title='bbox 759 318 986 366; x_wconf 90' lang='lat' dir='ltr'>desiderio.</span> <span class='ocrx_word' id='word_1_10' title='bbox 1012 322 1059 365; x_wconf 94' lang='lat' dir='ltr'>In</span> <span class='ocrx_word' id='word_1_11' title='bbox 1083 318 1181 379; x_wconf 88' lang='lat' dir='ltr'>quel</span> <span class='ocrx_word' id='word_1_12' title='bbox 1204 322 1445 366; x_wconf 90' lang='lat' dir='ltr'>Convento</span> <span class='ocrx_word' id='word_1_13' title='bbox 1468 336 1581 366; x_wconf 91' lang='lat' dir='ltr'>sono</span> <span class='ocrx_word' id='word_1_14' title='bbox 1606 333 1761 366; x_wconf 89' lang='lat' dir='ltr'>restate</span> <span class='ocrx_word' id='word_1_15' title='bbox 1782 319 1925 379; x_wconf 93' lang='lat' dir='ltr'>poche</span> 
     </span>
     <span class='ocr_line' id='line_1_3' title="bbox 116 386 1928 450; baseline -0.001 -14"><span class='ocrx_word' id='word_1_16' title='bbox 116 407 303 450; x_wconf 89' lang='lat' dir='ltr'>persone</span> <span class='ocrx_word' id='word_1_17' title='bbox 328 388 372 436; x_wconf 95' lang='lat' dir='ltr'>di</span> <span class='ocrx_word' id='word_1_18' title='bbox 394 406 592 449; x_wconf 87' lang='lat' dir='ltr'>governo</span> <span class='ocrx_word' id='word_1_19' title='bbox 618 405 645 434; x_wconf 97' lang='lat' dir='ltr'>o</span> <span class='ocrx_word' id='word_1_20' title='bbox 670 386 906 434; x_wconf 74' lang='lat' dir='ltr'>d’autorita</span> <span class='ocrx_word' id='word_1_21' title='bbox 929 386 1095 443; x_wconf 90' lang='lat' dir='ltr'>alcuna,</span> <span class='ocrx_word' id='word_1_22' title='bbox 1119 386 1278 447; x_wconf 74' lang='lat' dir='ltr'>perche</span> <span class='ocrx_word' id='word_1_23' title='bbox 1302 386 1324 434; x_wconf 81' lang='grc' dir='ltr'>ὲ</span> <span class='ocrx_word' id='word_1_24' title='bbox 1347 401 1463 434; x_wconf 89' lang='lat' dir='ltr'>stato</span> <span class='ocrx_word' id='word_1_25' title='bbox 1486 388 1727 434; x_wconf 90' lang='lat' dir='ltr'>necessario</span> <span class='ocrx_word' id='word_1_26' title='bbox 1754 386 1928 434; x_wconf 90' lang='lat' dir='ltr'>indurvi</span> 
     </span>
     <span class='ocr_line' id='line_1_4' title="bbox 117 454 1927 517; baseline -0.001 -13"><span class='ocrx_word' id='word_1_27' title='bbox 117 457 161 505; x_wconf 94' lang='lat' dir='ltr'>di</span> <span class='ocrx_word' id='word_1_28' title='bbox 183 456 299 504; x_wconf 88' lang='lat' dir='ltr'>fuori</span> <span class='ocrx_word' id='word_1_29' title='bbox 320 456 400 504; x_wconf 91' lang='lat' dir='ltr'>che</span> <span class='ocrx_word' id='word_1_30' title='bbox 420 457 616 517; x_wconf 89' lang='lat' dir='ltr'>governi,</span> <span class='ocrx_word' id='word_1_31' title='bbox 640 455 667 502; x_wconf 90' lang='lat' dir='ltr'>il</span> <span class='ocrx_word' id='word_1_32' title='bbox 687 455 766 502; x_wconf 93' lang='lat' dir='ltr'>che</span> <span class='ocrx_word' id='word_1_33' title='bbox 789 473 879 502; x_wconf 94' lang='lat' dir='ltr'>non</span> <span class='ocrx_word' id='word_1_34' title='bbox 900 454 991 516; x_wconf 80' lang='lat' dir='ltr'>puo</span> <span class='ocrx_word' id='word_1_35' title='bbox 1013 473 1148 502; x_wconf 86' lang='lat' dir='ltr'>essere</span> <span class='ocrx_word' id='word_1_36' title='bbox 1168 473 1297 502; x_wconf 91' lang='lat' dir='ltr'>sanza</span> <span class='ocrx_word' id='word_1_37' title='bbox 1315 455 1498 516; x_wconf 84' lang='lat' dir='ltr'>qualche</span> <span class='ocrx_word' id='word_1_38' title='bbox 1520 456 1621 502; x_wconf 93' lang='lat' dir='ltr'>noia</span> <span class='ocrx_word' id='word_1_39' title='bbox 1642 455 1686 502; x_wconf 93' lang='lat' dir='ltr'>di</span> <span class='ocrx_word' id='word_1_40' title='bbox 1706 455 1838 516; x_wconf 92' lang='lat' dir='ltr'>quelli</span> <span class='ocrx_word' id='word_1_41' title='bbox 1859 455 1927 503; x_wconf 92' lang='lat' dir='ltr'>del</span> 
     </span>
     <span class='ocr_line' id='line_1_5' title="bbox 117 523 1927 584; baseline -0.001 -12"><span class='ocrx_word' id='word_1_42' title='bbox 117 539 356 581; x_wconf 91' lang='lat' dir='ltr'>convento;</span> <span class='ocrx_word' id='word_1_43' title='bbox 382 539 423 571; x_wconf 93' lang='lat' dir='ltr'>et</span> <span class='ocrx_word' id='word_1_44' title='bbox 446 542 489 571; x_wconf 92' lang='lat' dir='ltr'>se</span> <span class='ocrx_word' id='word_1_45' title='bbox 513 524 581 571; x_wconf 73' lang='lat' dir='ltr'>v&#39;e</span> <span class='ocrx_word' id='word_1_46' title='bbox 605 523 825 584; x_wconf 92' lang='lat' dir='ltr'>qualcuno</span> <span class='ocrx_word' id='word_1_47' title='bbox 850 523 877 569; x_wconf 96' lang='lat' dir='ltr'>il</span> <span class='ocrx_word' id='word_1_48' title='bbox 902 523 1026 584; x_wconf 89' lang='lat' dir='ltr'>quale</span> <span class='ocrx_word' id='word_1_49' title='bbox 1050 524 1084 570; x_wconf 92' lang='lat' dir='ltr'>si</span> <span class='ocrx_word' id='word_1_50' title='bbox 1107 523 1319 584; x_wconf 86' lang='lat' dir='ltr'>persuada</span> <span class='ocrx_word' id='word_1_51' title='bbox 1341 538 1382 570; x_wconf 91' lang='lat' dir='ltr'>et</span> <span class='ocrx_word' id='word_1_52' title='bbox 1405 523 1529 570; x_wconf 85' lang='lat' dir='ltr'>fidasi</span> <span class='ocrx_word' id='word_1_53' title='bbox 1552 538 1696 584; x_wconf 91' lang='lat' dir='ltr'>punto</span> <span class='ocrx_word' id='word_1_54' title='bbox 1721 523 1764 570; x_wconf 92' lang='lat' dir='ltr'>di</span> <span class='ocrx_word' id='word_1_55' title='bbox 1786 523 1844 580; x_wconf 79' lang='lat' dir='ltr'>se,</span> <span class='ocrx_word' id='word_1_56' title='bbox 1869 542 1927 571; x_wconf 90' lang='lat' dir='ltr'>es-</span> 
     </span>
     <span class='ocr_line' id='line_1_6' title="bbox 115 591 1929 654; baseline -0.002 -13"><span class='ocrx_word' id='word_1_57' title='bbox 115 592 313 654; x_wconf 91' lang='lat' dir='ltr'>sendogli</span> <span class='ocrx_word' id='word_1_58' title='bbox 334 593 537 649; x_wconf 91' lang='lat' dir='ltr'>molesto,</span> <span class='ocrx_word' id='word_1_59' title='bbox 561 610 653 639; x_wconf 91' lang='lat' dir='ltr'>non</span> <span class='ocrx_word' id='word_1_60' title='bbox 672 592 706 639; x_wconf 91' lang='lat' dir='ltr'>si</span> <span class='ocrx_word' id='word_1_61' title='bbox 725 591 817 653; x_wconf 79' lang='lat' dir='ltr'>puo</span> <span class='ocrx_word' id='word_1_62' title='bbox 838 591 927 639; x_wconf 84' lang='lat' dir='ltr'>fare</span> <span class='ocrx_word' id='word_1_63' title='bbox 945 591 1025 639; x_wconf 91' lang='lat' dir='ltr'>che</span> <span class='ocrx_word' id='word_1_64' title='bbox 1046 592 1090 638; x_wconf 93' lang='lat' dir='ltr'>in</span> <span class='ocrx_word' id='word_1_65' title='bbox 1111 591 1292 652; x_wconf 89' lang='lat' dir='ltr'>qualche</span> <span class='ocrx_word' id='word_1_66' title='bbox 1310 606 1433 653; x_wconf 89' lang='lat' dir='ltr'>parte</span> <span class='ocrx_word' id='word_1_67' title='bbox 1452 610 1544 639; x_wconf 93' lang='lat' dir='ltr'>non</span> <span class='ocrx_word' id='word_1_68' title='bbox 1561 592 1596 639; x_wconf 92' lang='lat' dir='ltr'>si</span> <span class='ocrx_word' id='word_1_69' title='bbox 1617 591 1864 639; x_wconf 89' lang='lat' dir='ltr'>dimonstri.</span> <span class='ocrx_word' id='word_1_70' title='bbox 1889 596 1929 638; x_wconf 90' lang='lat' dir='ltr'><strong>A</strong></span> 
     </span>
     <span class='ocr_line' id='line_1_7' title="bbox 117 660 1929 721; baseline -0.001 -12"><span class='ocrx_word' id='word_1_71' title='bbox 117 680 187 709; x_wconf 90' lang='lat' dir='ltr'>me</span> <span class='ocrx_word' id='word_1_72' title='bbox 207 661 524 709; x_wconf 89' lang='lat' dir='ltr'>occorrerebbe</span> <span class='ocrx_word' id='word_1_73' title='bbox 544 660 623 708; x_wconf 91' lang='lat' dir='ltr'>che</span> <span class='ocrx_word' id='word_1_74' title='bbox 644 660 822 721; x_wconf 92' lang='lat' dir='ltr'>quando</span> <span class='ocrx_word' id='word_1_75' title='bbox 840 661 999 721; x_wconf 90' lang='lat' dir='ltr'>paressi</span> <span class='ocrx_word' id='word_1_76' title='bbox 1020 660 1101 708; x_wconf 92' lang='lat' dir='ltr'>alla</span> <span class='ocrx_word' id='word_1_77' title='bbox 1118 664 1277 708; x_wconf 86' lang='lat' dir='ltr'>Vostra</span> <span class='ocrx_word' id='word_1_78' title='bbox 1297 660 1531 717; x_wconf 75' lang='lat' dir='ltr'>Paternita,</span> <span class='ocrx_word' id='word_1_79' title='bbox 1550 660 1586 708; x_wconf 92' lang='lat' dir='ltr'>el</span> <span class='ocrx_word' id='word_1_80' title='bbox 1606 678 1803 721; x_wconf 87' lang='lat' dir='ltr'>governo</span> <span class='ocrx_word' id='word_1_81' title='bbox 1822 661 1856 708; x_wconf 91' lang='lat' dir='ltr'>si</span> <span class='ocrx_word' id='word_1_82' title='bbox 1878 661 1929 707; x_wconf 87' lang='lat' dir='ltr'>ri-</span> 
     </span>
     <span class='ocr_line' id='line_1_8' title="bbox 116 722 1927 789; baseline -0.001 -13"><span class='ocrx_word' id='word_1_83' title='bbox 116 730 283 777; x_wconf 93' lang='lat' dir='ltr'>ducessi</span> <span class='ocrx_word' id='word_1_84' title='bbox 305 732 373 776; x_wconf 86' lang='lat' dir='ltr'>ne&#39;</span> <span class='ocrx_word' id='word_1_85' title='bbox 394 728 690 784; x_wconf 85' lang='lat' dir='ltr'>conventuali,</span> <span class='ocrx_word' id='word_1_86' title='bbox 712 728 825 775; x_wconf 84' lang='lat' dir='ltr'>infra</span> <span class='ocrx_word' id='word_1_87' title='bbox 843 728 959 789; x_wconf 91' lang='lat' dir='ltr'>quali</span> <span class='ocrx_word' id='word_1_88' title='bbox 975 746 1088 775; x_wconf 90' lang='lat' dir='ltr'>sono</span> <span class='ocrx_word' id='word_1_89' title='bbox 1110 728 1206 775; x_wconf 90' lang='lat' dir='ltr'>due:</span> <span class='ocrx_word' id='word_1_90' title='bbox 1226 733 1423 775; x_wconf 88' lang='lat' dir='ltr'>Maestro</span> <span class='ocrx_word' id='word_1_91' title='bbox 1442 722 1652 784; x_wconf 77' lang='lat' dir='ltr'>Andrea,b</span> <span class='ocrx_word' id='word_1_92' title='bbox 1675 728 1702 774; x_wconf 93' lang='lat' dir='ltr'>il</span> <span class='ocrx_word' id='word_1_93' title='bbox 1721 728 1847 789; x_wconf 92' lang='lat' dir='ltr'>quale</span> <span class='ocrx_word' id='word_1_94' title='bbox 1867 747 1927 775; x_wconf 91' lang='lat' dir='ltr'>re-</span> 
     </span>
     <span class='ocr_line' id='line_1_9' title="bbox 116 795 1922 858; baseline -0.001 -13"><span class='ocrx_word' id='word_1_95' title='bbox 116 815 216 845; x_wconf 90' lang='lat' dir='ltr'>cusa</span> <span class='ocrx_word' id='word_1_96' title='bbox 232 811 388 858; x_wconf 90' lang='lat' dir='ltr'>questo</span> <span class='ocrx_word' id='word_1_97' title='bbox 403 814 523 857; x_wconf 89' lang='lat' dir='ltr'>peso,</span> <span class='ocrx_word' id='word_1_98' title='bbox 544 811 585 843; x_wconf 92' lang='lat' dir='ltr'>et</span> <span class='ocrx_word' id='word_1_99' title='bbox 602 797 646 843; x_wconf 94' lang='lat' dir='ltr'>io</span> <span class='ocrx_word' id='word_1_100' title='bbox 664 796 796 843; x_wconf 90' lang='lat' dir='ltr'>credo</span> <span class='ocrx_word' id='word_1_101' title='bbox 812 796 891 843; x_wconf 91' lang='lat' dir='ltr'>che</span> <span class='ocrx_word' id='word_1_102' title='bbox 910 795 1018 843; x_wconf 87' lang='lat' dir='ltr'>faeci</span> <span class='ocrx_word' id='word_1_103' title='bbox 1032 796 1413 857; x_wconf 84' lang='lat' dir='ltr'>prudentemente3</span> <span class='ocrx_word' id='word_1_104' title='bbox 1431 811 1472 843; x_wconf 93' lang='lat' dir='ltr'>et</span> <span class='ocrx_word' id='word_1_105' title='bbox 1489 801 1686 843; x_wconf 92' lang='lat' dir='ltr'>Maestro</span> <span class='ocrx_word' id='word_1_106' title='bbox 1702 796 1922 857; x_wconf 91' lang='lat' dir='ltr'>Philippo,</span> 
     </span>
     <span class='ocr_line' id='line_1_10' title="bbox 116 864 1927 926; baseline -0.001 -13"><span class='ocrx_word' id='word_1_107' title='bbox 116 866 153 913; x_wconf 89' lang='lat' dir='ltr'>al</span> <span class='ocrx_word' id='word_1_108' title='bbox 178 865 303 926; x_wconf 93' lang='lat' dir='ltr'>quale</span> <span class='ocrx_word' id='word_1_109' title='bbox 328 880 369 912; x_wconf 94' lang='lat' dir='ltr'>et</span> <span class='ocrx_word' id='word_1_110' title='bbox 390 883 469 925; x_wconf 92' lang='lat' dir='ltr'>per</span> <span class='ocrx_word' id='word_1_111' title='bbox 490 864 530 911; x_wconf 87' lang='lat' dir='ltr'>la</span> <span class='ocrx_word' id='word_1_112' title='bbox 553 864 754 911; x_wconf 91' lang='lat' dir='ltr'>doctrina</span> <span class='ocrx_word' id='word_1_113' title='bbox 776 879 817 911; x_wconf 93' lang='lat' dir='ltr'>et</span> <span class='ocrx_word' id='word_1_114' title='bbox 839 883 918 925; x_wconf 92' lang='lat' dir='ltr'>per</span> <span class='ocrx_word' id='word_1_115' title='bbox 937 864 977 911; x_wconf 91' lang='lat' dir='ltr'>la</span> <span class='ocrx_word' id='word_1_116' title='bbox 1000 864 1068 911; x_wconf 78' lang='lat' dir='ltr'>eta</span> <span class='ocrx_word' id='word_1_117' title='bbox 1088 879 1129 911; x_wconf 91' lang='lat' dir='ltr'>et</span> <span class='ocrx_word' id='word_1_118' title='bbox 1150 883 1230 925; x_wconf 92' lang='lat' dir='ltr'>per</span> <span class='ocrx_word' id='word_1_119' title='bbox 1252 865 1354 924; x_wconf 89' lang='lat' dir='ltr'>ogni</span> <span class='ocrx_word' id='word_1_120' title='bbox 1378 865 1566 925; x_wconf 91' lang='lat' dir='ltr'>rispecto</span> <span class='ocrx_word' id='word_1_121' title='bbox 1591 864 1612 911; x_wconf 83' lang='grc' dir='ltr'>ὲ</span> <span class='ocrx_word' id='word_1_122' title='bbox 1635 866 1927 912; x_wconf 88' lang='lat' dir='ltr'>conveniente</span> 
     </span>
     <span class='ocr_line' id='line_1_11' title="bbox 116 932 1929 994; baseline 0 -14"><span class='ocrx_word' id='word_1_123' title='bbox 116 934 219 994; x_wconf 90' lang='lat' dir='ltr'>ogni</span> <span class='ocrx_word' id='word_1_124' title='bbox 250 933 434 989; x_wconf 86' lang='lat' dir='ltr'>honore3</span> <span class='ocrx_word' id='word_1_125' title='bbox 466 947 507 980; x_wconf 93' lang='lat' dir='ltr'>et</span> <span class='ocrx_word' id='word_1_126' title='bbox 537 932 591 979; x_wconf 89' lang='lat' dir='ltr'>ha</span> <span class='ocrx_word' id='word_1_127' title='bbox 618 932 735 979; x_wconf 88' lang='lat' dir='ltr'>facto</span> <span class='ocrx_word' id='word_1_128' title='bbox 761 933 1041 993; x_wconf 86' lang='lat' dir='ltr'>experientia,</span> <span class='ocrx_word' id='word_1_129' title='bbox 1070 932 1148 979; x_wconf 94' lang='lat' dir='ltr'>che</span> <span class='ocrx_word' id='word_1_130' title='bbox 1175 951 1219 980; x_wconf 86' lang='lat' dir='ltr'>sa</span> <span class='ocrx_word' id='word_1_131' title='bbox 1246 951 1499 993; x_wconf 89' lang='lat' dir='ltr'>governare,</span> <span class='ocrx_word' id='word_1_132' title='bbox 1528 947 1569 980; x_wconf 92' lang='lat' dir='ltr'>et</span> <span class='ocrx_word' id='word_1_133' title='bbox 1596 932 1617 980; x_wconf 83' lang='grc' dir='ltr'>ὲ</span> <span class='ocrx_word' id='word_1_134' title='bbox 1644 947 1760 980; x_wconf 89' lang='lat' dir='ltr'>stato</span> <span class='ocrx_word' id='word_1_135' title='bbox 1787 948 1829 980; x_wconf 92' lang='lat' dir='ltr'>et</span> <span class='ocrx_word' id='word_1_136' title='bbox 1858 932 1929 980; x_wconf 85' lang='grc' dir='ltr'>ὲ-</span> 
     </span>
     <span class='ocr_line' id='line_1_12' title="bbox 115 1000 1923 1062; baseline -0.001 -13"><span class='ocrx_word' id='word_1_137' title='bbox 115 1020 243 1049; x_wconf 90' lang='lat' dir='ltr'>come</span> <span class='ocrx_word' id='word_1_138' title='bbox 270 1001 291 1048; x_wconf 82' lang='grc' dir='ltr'>ὲ</span> <span class='ocrx_word' id='word_1_139' title='bbox 316 1019 397 1048; x_wconf 89' lang='lat' dir='ltr'>suo</span> <span class='ocrx_word' id='word_1_140' title='bbox 425 1000 796 1061; x_wconf 88' lang='lat' dir='ltr'>debito—sempre</span> <span class='ocrx_word' id='word_1_141' title='bbox 823 1001 1069 1061; x_wconf 89' lang='lat' dir='ltr'>partigiano</span> <span class='ocrx_word' id='word_1_142' title='bbox 1096 1015 1137 1048; x_wconf 94' lang='lat' dir='ltr'>et</span> <span class='ocrx_word' id='word_1_143' title='bbox 1163 1000 1381 1048; x_wconf 87' lang='lat' dir='ltr'>difensore</span> <span class='ocrx_word' id='word_1_144' title='bbox 1408 1000 1520 1048; x_wconf 87' lang='lat' dir='ltr'>della</span> <span class='ocrx_word' id='word_1_145' title='bbox 1542 1005 1702 1048; x_wconf 90' lang='lat' dir='ltr'>Vostra</span> <span class='ocrx_word' id='word_1_146' title='bbox 1728 1001 1923 1062; x_wconf 76' lang='lat' dir='ltr'>Dignita.</span> 
     </span>
     <span class='ocr_line' id='line_1_13' title="bbox 115 1068 1930 1130; baseline 0 -14"><span class='ocrx_word' id='word_1_147' title='bbox 115 1070 397 1117; x_wconf 89' lang='lat' dir='ltr'>Parrebbemi</span> <span class='ocrx_word' id='word_1_148' title='bbox 421 1069 477 1129; x_wconf 88' lang='lat' dir='ltr'>gli</span> <span class='ocrx_word' id='word_1_149' title='bbox 501 1069 671 1116; x_wconf 89' lang='lat' dir='ltr'>dovessi</span> <span class='ocrx_word' id='word_1_150' title='bbox 695 1070 880 1116; x_wconf 88' lang='lat' dir='ltr'>scrivere</span> <span class='ocrx_word' id='word_1_151' title='bbox 904 1069 983 1116; x_wconf 93' lang='lat' dir='ltr'>che</span> <span class='ocrx_word' id='word_1_152' title='bbox 1005 1070 1171 1116; x_wconf 89' lang='lat' dir='ltr'>venisse</span> <span class='ocrx_word' id='word_1_153' title='bbox 1196 1087 1219 1116; x_wconf 90' lang='lat' dir='ltr'>a</span> <span class='ocrx_word' id='word_1_154' title='bbox 1242 1069 1434 1130; x_wconf 91' lang='lat' dir='ltr'>capitolo</span> <span class='ocrx_word' id='word_1_155' title='bbox 1458 1068 1702 1116; x_wconf 82' lang='lat' dir='ltr'>diffinitore</span> <span class='ocrx_word' id='word_1_156' title='bbox 1726 1087 1853 1116; x_wconf 92' lang='lat' dir='ltr'>come</span> <span class='ocrx_word' id='word_1_157' title='bbox 1878 1069 1930 1116; x_wconf 93' lang='lat' dir='ltr'>de</span> 
     </span>
     <span class='ocr_line' id='line_1_14' title="bbox 115 1137 1927 1198; baseline -0.001 -13"><span class='ocrx_word' id='word_1_158' title='bbox 115 1139 207 1185; x_wconf 87' lang='lat' dir='ltr'>iure</span> <span class='ocrx_word' id='word_1_159' title='bbox 227 1152 269 1185; x_wconf 93' lang='lat' dir='ltr'>et</span> <span class='ocrx_word' id='word_1_160' title='bbox 288 1137 597 1184; x_wconf 87' lang='lat' dir='ltr'>consuetudini</span> <span class='ocrx_word' id='word_1_161' title='bbox 618 1151 779 1193; x_wconf 85' lang='lat' dir='ltr'>vostre,</span> <span class='ocrx_word' id='word_1_162' title='bbox 799 1155 842 1184; x_wconf 91' lang='lat' dir='ltr'>se</span> <span class='ocrx_word' id='word_1_163' title='bbox 861 1137 891 1183; x_wconf 94' lang='lat' dir='ltr'>li</span> <span class='ocrx_word' id='word_1_164' title='bbox 910 1138 1138 1193; x_wconf 84' lang='lat' dir='ltr'>conviene3</span> <span class='ocrx_word' id='word_1_165' title='bbox 1160 1137 1306 1184; x_wconf 89' lang='lat' dir='ltr'>donde</span> <span class='ocrx_word' id='word_1_166' title='bbox 1328 1137 1383 1184; x_wconf 90' lang='lat' dir='ltr'>ha</span> <span class='ocrx_word' id='word_1_167' title='bbox 1401 1155 1424 1184; x_wconf 94' lang='lat' dir='ltr'>a</span> <span class='ocrx_word' id='word_1_168' title='bbox 1441 1137 1671 1184; x_wconf 89' lang='lat' dir='ltr'>succedere</span> <span class='ocrx_word' id='word_1_169' title='bbox 1690 1138 1793 1198; x_wconf 89' lang='lat' dir='ltr'>ogni</span> <span class='ocrx_word' id='word_1_170' title='bbox 1814 1137 1927 1185; x_wconf 88' lang='lat' dir='ltr'>altro</span> 
     </span>
     <span class='ocr_line' id='line_1_15' title="bbox 115 1205 1926 1267; baseline 0 -14"><span class='ocrx_word' id='word_1_171' title='bbox 115 1206 270 1254; x_wconf 91' lang='lat' dir='ltr'>ordine</span> <span class='ocrx_word' id='word_1_172' title='bbox 290 1220 331 1253; x_wconf 91' lang='lat' dir='ltr'>et</span> <span class='ocrx_word' id='word_1_173' title='bbox 352 1207 456 1266; x_wconf 88' lang='lat' dir='ltr'>ogni</span> <span class='ocrx_word' id='word_1_174' title='bbox 476 1205 589 1252; x_wconf 89' lang='lat' dir='ltr'>altro</span> <span class='ocrx_word' id='word_1_175' title='bbox 609 1205 720 1252; x_wconf 92' lang='lat' dir='ltr'>bene</span> <span class='ocrx_word' id='word_1_176' title='bbox 740 1205 783 1252; x_wconf 91' lang='lat' dir='ltr'>di</span> <span class='ocrx_word' id='word_1_177' title='bbox 804 1220 959 1266; x_wconf 90' lang='lat' dir='ltr'>questo</span> <span class='ocrx_word' id='word_1_178' title='bbox 979 1220 1216 1262; x_wconf 87' lang='lat' dir='ltr'>convento,</span> <span class='ocrx_word' id='word_1_179' title='bbox 1239 1205 1266 1252; x_wconf 92' lang='lat' dir='ltr'>il</span> <span class='ocrx_word' id='word_1_180' title='bbox 1287 1205 1411 1266; x_wconf 92' lang='lat' dir='ltr'>quale</span> <span class='ocrx_word' id='word_1_181' title='bbox 1432 1206 1613 1266; x_wconf 91' lang='lat' dir='ltr'>bisogna</span> <span class='ocrx_word' id='word_1_182' title='bbox 1635 1224 1720 1253; x_wconf 95' lang='lat' dir='ltr'>con</span> <span class='ocrx_word' id='word_1_183' title='bbox 1742 1206 1926 1267; x_wconf 86' lang='lat' dir='ltr'>qualche</span> 
     </span>
     <span class='ocr_line' id='line_1_16' title="bbox 114 1274 1927 1334; baseline 0.001 -13"><span class='ocrx_word' id='word_1_184' title='bbox 114 1274 305 1322; x_wconf 74' lang='lat' dir='ltr'>autorita</span> <span class='ocrx_word' id='word_1_185' title='bbox 328 1274 496 1321; x_wconf 91' lang='lat' dir='ltr'>ridurlo</span> <span class='ocrx_word' id='word_1_186' title='bbox 522 1292 545 1321; x_wconf 87' lang='grc'>3</span> <span class='ocrx_word' id='word_1_187' title='bbox 568 1274 763 1334; x_wconf 89' lang='lat' dir='ltr'>regulato</span> <span class='ocrx_word' id='word_1_188' title='bbox 786 1275 945 1321; x_wconf 87' lang='lat' dir='ltr'>vivere.</span> <span class='ocrx_word' id='word_1_189' title='bbox 969 1278 1047 1321; x_wconf 90' lang='lat' dir='ltr'>Ma</span> <span class='ocrx_word' id='word_1_190' title='bbox 1070 1274 1113 1321; x_wconf 92' lang='lat' dir='ltr'>di</span> <span class='ocrx_word' id='word_1_191' title='bbox 1137 1288 1287 1334; x_wconf 91' lang='lat' dir='ltr'>questa</span> <span class='ocrx_word' id='word_1_192' title='bbox 1309 1289 1351 1321; x_wconf 91' lang='lat' dir='ltr'>et</span> <span class='ocrx_word' id='word_1_193' title='bbox 1374 1274 1523 1334; x_wconf 88' lang='lat' dir='ltr'>d’ogni</span> <span class='ocrx_word' id='word_1_194' title='bbox 1550 1274 1657 1321; x_wconf 89' lang='lat' dir='ltr'>altra</span> <span class='ocrx_word' id='word_1_195' title='bbox 1679 1292 1779 1321; x_wconf 90' lang='lat' dir='ltr'>cosa</span> <span class='ocrx_word' id='word_1_196' title='bbox 1800 1279 1927 1322; x_wconf 88' lang='lat' dir='ltr'>Frate</span> 
     </span>
     <span class='ocr_line' id='line_1_17' title="bbox 112 1341 1925 1403; baseline 0.001 -14"><span class='ocrx_word' id='word_1_197' title='bbox 112 1343 234 1390; x_wconf 86' lang='lat' dir='ltr'>Santi</span> <span class='ocrx_word' id='word_1_198' title='bbox 250 1343 377 1389; x_wconf 89' lang='lat' dir='ltr'>viene</span> <span class='ocrx_word' id='word_1_199' title='bbox 395 1342 506 1389; x_wconf 92' lang='lat' dir='ltr'>bene</span> <span class='ocrx_word' id='word_1_200' title='bbox 527 1341 783 1398; x_wconf 84' lang='lat' dir='ltr'>informato,</span> <span class='ocrx_word' id='word_1_201' title='bbox 804 1342 832 1388; x_wconf 93' lang='lat' dir='ltr'>il</span> <span class='ocrx_word' id='word_1_202' title='bbox 852 1342 977 1403; x_wconf 89' lang='lat' dir='ltr'>quale</span> <span class='ocrx_word' id='word_1_203' title='bbox 996 1342 1188 1389; x_wconf 88' lang='lat' dir='ltr'>anchora</span> <span class='ocrx_word' id='word_1_204' title='bbox 1205 1357 1246 1389; x_wconf 92' lang='lat' dir='ltr'>et</span> <span class='ocrx_word' id='word_1_205' title='bbox 1265 1360 1288 1389; x_wconf 91' lang='lat' dir='ltr'>a</span> <span class='ocrx_word' id='word_1_206' title='bbox 1306 1347 1508 1389; x_wconf 91' lang='lat' dir='ltr'>Lorenzo</span> <span class='ocrx_word' id='word_1_207' title='bbox 1528 1357 1569 1389; x_wconf 94' lang='lat' dir='ltr'>et</span> <span class='ocrx_word' id='word_1_208' title='bbox 1587 1361 1610 1389; x_wconf 90' lang='grc'>3</span> <span class='ocrx_word' id='word_1_209' title='bbox 1629 1361 1699 1389; x_wconf 92' lang='lat' dir='ltr'>me</span> <span class='ocrx_word' id='word_1_210' title='bbox 1718 1342 1773 1389; x_wconf 92' lang='lat' dir='ltr'>ha</span> <span class='ocrx_word' id='word_1_211' title='bbox 1790 1342 1925 1403; x_wconf 88' lang='lat' dir='ltr'>parla-</span> 
     </span>
     <span class='ocr_line' id='line_1_18' title="bbox 113 1410 1926 1471; baseline -0.001 -13"><span class='ocrx_word' id='word_1_212' title='bbox 113 1426 162 1458; x_wconf 96' lang='lat' dir='ltr'>to</span> <span class='ocrx_word' id='word_1_213' title='bbox 181 1410 225 1458; x_wconf 93' lang='lat' dir='ltr'>di</span> <span class='ocrx_word' id='word_1_214' title='bbox 246 1410 353 1458; x_wconf 90' lang='lat' dir='ltr'>altre</span> <span class='ocrx_word' id='word_1_215' title='bbox 372 1428 470 1457; x_wconf 89' lang='lat' dir='ltr'>cose</span> <span class='ocrx_word' id='word_1_216' title='bbox 490 1410 570 1457; x_wconf 91' lang='lat' dir='ltr'>che</span> <span class='ocrx_word' id='word_1_217' title='bbox 591 1410 740 1457; x_wconf 91' lang='lat' dir='ltr'>hanno</span> <span class='ocrx_word' id='word_1_218' title='bbox 762 1411 951 1470; x_wconf 90' lang='lat' dir='ltr'>rispecto</span> <span class='ocrx_word' id='word_1_219' title='bbox 971 1410 1057 1457; x_wconf 90' lang='lat' dir='ltr'>allo</span> <span class='ocrx_word' id='word_1_220' title='bbox 1078 1410 1247 1457; x_wconf 92' lang='lat' dir='ltr'>honore</span> <span class='ocrx_word' id='word_1_221' title='bbox 1269 1425 1310 1457; x_wconf 93' lang='lat' dir='ltr'>et</span> <span class='ocrx_word' id='word_1_222' title='bbox 1331 1410 1496 1471; x_wconf 72' lang='lat' dir='ltr'>dignita</span> <span class='ocrx_word' id='word_1_223' title='bbox 1514 1426 1673 1458; x_wconf 88' lang='lat' dir='ltr'>vostra.</span> <span class='ocrx_word' id='word_1_224' title='bbox 1693 1414 1765 1458; x_wconf 90' lang='lat' dir='ltr'>Da</span> <span class='ocrx_word' id='word_1_225' title='bbox 1782 1411 1843 1458; x_wconf 91' lang='lat' dir='ltr'>lui</span> <span class='ocrx_word' id='word_1_226' title='bbox 1866 1412 1926 1457; x_wconf 93' lang='lat' dir='ltr'>in-</span> 
     </span>
     <span class='ocr_line' id='line_1_19' title="bbox 113 1477 1923 1539; baseline 0 -14"><span class='ocrx_word' id='word_1_227' title='bbox 113 1478 339 1525; x_wconf 89' lang='lat' dir='ltr'>tenderete</span> <span class='ocrx_word' id='word_1_228' title='bbox 365 1478 490 1538; x_wconf 92' lang='lat' dir='ltr'>quale</span> <span class='ocrx_word' id='word_1_229' title='bbox 517 1479 578 1524; x_wconf 90' lang='lat' dir='ltr'>sia</span> <span class='ocrx_word' id='word_1_230' title='bbox 604 1477 644 1524; x_wconf 93' lang='lat' dir='ltr'>la</span> <span class='ocrx_word' id='word_1_231' title='bbox 671 1492 820 1524; x_wconf 85' lang='lat' dir='ltr'>nostra</span> <span class='ocrx_word' id='word_1_232' title='bbox 848 1478 1148 1538; x_wconf 90' lang='lat' dir='ltr'>dispositione,</span> <span class='ocrx_word' id='word_1_233' title='bbox 1180 1478 1259 1525; x_wconf 90' lang='lat' dir='ltr'>che</span> <span class='ocrx_word' id='word_1_234' title='bbox 1287 1493 1554 1525; x_wconf 90' lang='lat' dir='ltr'>certamente</span> <span class='ocrx_word' id='word_1_235' title='bbox 1580 1479 1841 1539; x_wconf 88' lang='lat' dir='ltr'>agiugnamo</span> <span class='ocrx_word' id='word_1_236' title='bbox 1871 1478 1923 1525; x_wconf 91' lang='lat' dir='ltr'>ell</span> 
     </span>
     <span class='ocr_line' id='line_1_20' title="bbox 114 1545 1928 1606; baseline -0.001 -13"><span class='ocrx_word' id='word_1_237' title='bbox 114 1545 331 1593; x_wconf 90' lang='lat' dir='ltr'>desiderio</span> <span class='ocrx_word' id='word_1_238' title='bbox 353 1545 396 1592; x_wconf 91' lang='lat' dir='ltr'>di</span> <span class='ocrx_word' id='word_1_239' title='bbox 419 1563 609 1592; x_wconf 88' lang='lat' dir='ltr'>crescere</span> <span class='ocrx_word' id='word_1_240' title='bbox 628 1545 668 1592; x_wconf 92' lang='lat' dir='ltr'>la</span> <span class='ocrx_word' id='word_1_241' title='bbox 689 1560 836 1592; x_wconf 88' lang='lat' dir='ltr'>vostra</span> <span class='ocrx_word' id='word_1_242' title='bbox 857 1545 1023 1606; x_wconf 77' lang='lat' dir='ltr'>dignita</span> <span class='ocrx_word' id='word_1_243' title='bbox 1042 1545 1079 1592; x_wconf 90' lang='lat' dir='ltr'>al</span> <span class='ocrx_word' id='word_1_244' title='bbox 1103 1560 1256 1593; x_wconf 91' lang='lat' dir='ltr'>nostro</span> <span class='ocrx_word' id='word_1_245' title='bbox 1278 1546 1533 1593; x_wconf 89' lang='lat' dir='ltr'>medesimo.</span> <span class='ocrx_word' id='word_1_246' title='bbox 1558 1547 1714 1593; x_wconf 92' lang='lat' dir='ltr'>Diravi</span> <span class='ocrx_word' id='word_1_247' title='bbox 1734 1546 1928 1593; x_wconf 85' lang='lat' dir='ltr'>anchora</span> 
     </span>
     <span class='ocr_line' id='line_1_21' title="bbox 114 1613 1926 1675; baseline 0.001 -14"><span class='ocrx_word' id='word_1_248' title='bbox 114 1613 244 1661; x_wconf 93' lang='lat' dir='ltr'>decto</span> <span class='ocrx_word' id='word_1_249' title='bbox 263 1618 390 1661; x_wconf 88' lang='lat' dir='ltr'>Frate</span> <span class='ocrx_word' id='word_1_250' title='bbox 411 1614 531 1661; x_wconf 87' lang='lat' dir='ltr'>Santi</span> <span class='ocrx_word' id='word_1_251' title='bbox 554 1613 736 1674; x_wconf 92' lang='lat' dir='ltr'>qualche</span> <span class='ocrx_word' id='word_1_252' title='bbox 761 1632 860 1661; x_wconf 88' lang='lat' dir='ltr'>cosa</span> <span class='ocrx_word' id='word_1_253' title='bbox 882 1614 926 1660; x_wconf 94' lang='lat' dir='ltr'>in</span> <span class='ocrx_word' id='word_1_254' title='bbox 950 1614 1038 1661; x_wconf 90' lang='lat' dir='ltr'>mia</span> <span class='ocrx_word' id='word_1_255' title='bbox 1056 1613 1365 1674; x_wconf 73' lang='lat' dir='ltr'>particularita.</span> <span class='ocrx_word' id='word_1_256' title='bbox 1389 1614 1576 1675; x_wconf 89' lang='lat' dir='ltr'>Priegho</span> <span class='ocrx_word' id='word_1_257' title='bbox 1598 1614 1638 1662; x_wconf 88' lang='lat' dir='ltr'>la</span> <span class='ocrx_word' id='word_1_258' title='bbox 1659 1619 1820 1662; x_wconf 88' lang='lat' dir='ltr'>Vostra</span> <span class='ocrx_word' id='word_1_259' title='bbox 1841 1615 1926 1675; x_wconf 87' lang='lat' dir='ltr'>Sig-</span> 
     </span>
     <span class='ocr_line' id='line_1_22' title="bbox 114 1681 1926 1743; baseline 0 -14"><span class='ocrx_word' id='word_1_260' title='bbox 114 1683 240 1729; x_wconf 91' lang='lat' dir='ltr'>noria</span> <span class='ocrx_word' id='word_1_261' title='bbox 262 1681 342 1729; x_wconf 91' lang='lat' dir='ltr'>che</span> <span class='ocrx_word' id='word_1_262' title='bbox 366 1683 410 1727; x_wconf 94' lang='lat' dir='ltr'>in</span> <span class='ocrx_word' id='word_1_263' title='bbox 434 1681 581 1742; x_wconf 93' lang='lat' dir='ltr'>quello</span> <span class='ocrx_word' id='word_1_264' title='bbox 606 1681 685 1728; x_wconf 92' lang='lat' dir='ltr'>che</span> <span class='ocrx_word' id='word_1_265' title='bbox 709 1682 1042 1729; x_wconf 91' lang='lat' dir='ltr'>honestamente</span> <span class='ocrx_word' id='word_1_266' title='bbox 1065 1682 1367 1729; x_wconf 89' lang='lat' dir='ltr'>adomandassi</span> <span class='ocrx_word' id='word_1_267' title='bbox 1390 1683 1424 1729; x_wconf 91' lang='lat' dir='ltr'>si</span> <span class='ocrx_word' id='word_1_268' title='bbox 1448 1682 1577 1743; x_wconf 89' lang='lat' dir='ltr'>degni</span> <span class='ocrx_word' id='word_1_269' title='bbox 1599 1684 1926 1743; x_wconf 89' lang='lat' dir='ltr'>compiacermi,</span> 
     </span>
     <span class='ocr_line' id='line_1_23' title="bbox 113 1749 1923 1812; baseline 0.001 -16"><span class='ocrx_word' id='word_1_270' title='bbox 113 1764 155 1797; x_wconf 92' lang='lat' dir='ltr'>et</span> <span class='ocrx_word' id='word_1_271' title='bbox 175 1751 219 1796; x_wconf 95' lang='lat' dir='ltr'>io</span> <span class='ocrx_word' id='word_1_272' title='bbox 238 1750 281 1796; x_wconf 94' lang='lat' dir='ltr'>vi</span> <span class='ocrx_word' id='word_1_273' title='bbox 299 1764 529 1810; x_wconf 91' lang='lat' dir='ltr'>prometto</span> <span class='ocrx_word' id='word_1_274' title='bbox 549 1749 629 1797; x_wconf 88' lang='lat' dir='ltr'>che</span> <span class='ocrx_word' id='word_1_275' title='bbox 648 1749 686 1796; x_wconf 89' lang='lat' dir='ltr'>le</span> <span class='ocrx_word' id='word_1_276' title='bbox 707 1751 794 1797; x_wconf 91' lang='lat' dir='ltr'>mia</span> <span class='ocrx_word' id='word_1_277' title='bbox 814 1768 945 1811; x_wconf 91' lang='lat' dir='ltr'>opere</span> <span class='ocrx_word' id='word_1_278' title='bbox 964 1768 1151 1797; x_wconf 90' lang='lat' dir='ltr'>saranno</span> <span class='ocrx_word' id='word_1_279' title='bbox 1172 1750 1215 1797; x_wconf 93' lang='lat' dir='ltr'>di</span> <span class='ocrx_word' id='word_1_280' title='bbox 1235 1765 1389 1798; x_wconf 87' lang='lat' dir='ltr'>natura</span> <span class='ocrx_word' id='word_1_281' title='bbox 1408 1750 1487 1798; x_wconf 92' lang='lat' dir='ltr'>che</span> <span class='ocrx_word' id='word_1_282' title='bbox 1507 1751 1610 1811; x_wconf 89' lang='lat' dir='ltr'>ogni</span> <span class='ocrx_word' id='word_1_283' title='bbox 1631 1750 1675 1798; x_wconf 80' lang='lat' dir='ltr'>di</span> <span class='ocrx_word' id='word_1_284' title='bbox 1692 1765 1830 1798; x_wconf 90' lang='lat' dir='ltr'>sarete</span> <span class='ocrx_word' id='word_1_285' title='bbox 1847 1750 1923 1812; x_wconf 77' lang='lat' dir='ltr'>piu</span> 
     </span>
     <span class='ocr_line' id='line_1_24' title="bbox 113 1818 1926 1879; baseline 0.001 -14"><span class='ocrx_word' id='word_1_286' title='bbox 113 1833 329 1866; x_wconf 93' lang='lat' dir='ltr'>contento</span> <span class='ocrx_word' id='word_1_287' title='bbox 345 1818 541 1865; x_wconf 92' lang='lat' dir='ltr'>havermi</span> <span class='ocrx_word' id='word_1_288' title='bbox 556 1819 866 1879; x_wconf 90' lang='lat' dir='ltr'>compiaciuto.</span> <span class='ocrx_word' id='word_1_289' title='bbox 886 1818 1263 1866; x_wconf 86' lang='lat' dir='ltr'>Raccomandomi</span> <span class='ocrx_word' id='word_1_290' title='bbox 1279 1818 1359 1866; x_wconf 93' lang='lat' dir='ltr'>alla</span> <span class='ocrx_word' id='word_1_291' title='bbox 1372 1823 1533 1866; x_wconf 91' lang='lat' dir='ltr'>Vostra</span> <span class='ocrx_word' id='word_1_292' title='bbox 1547 1819 1926 1866; x_wconf 85' lang='lat' dir='ltr'>Reverendissima</span> 
     </span>
     <span class='ocr_line' id='line_1_25' title="bbox 113 1886 878 1934; baseline 0.001 -1"><span class='ocrx_word' id='word_1_293' title='bbox 113 1886 347 1934; x_wconf 73' lang='lat' dir='ltr'>Paternita.</span> <span class='ocrx_word' id='word_1_294' title='bbox 369 1887 455 1934; x_wconf 91' lang='lat' dir='ltr'>Die</span> <span class='ocrx_word' id='word_1_295' title='bbox 478 1905 601 1934; x_wconf 92' lang='lat' dir='ltr'>nono</span> <span class='ocrx_word' id='word_1_296' title='bbox 625 1887 734 1934; x_wconf 91' lang='lat' dir='ltr'>Maii</span> <span class='ocrx_word' id='word_1_297' title='bbox 760 1891 878 1934; x_wconf 85' lang='lat'>1482.</span> 
     </span>
    </p>
   </div>
   <div class='ocr_carea' id='block_1_3' title="bbox 210 2030 1833 2220">
    <p class='ocr_par' dir='ltr' id='par_1_3' title="bbox 210 2030 1833 2220">
     <span class='ocr_line' id='line_1_26' title="bbox 982 2030 1060 2071; baseline 0.013 -1"><span class='ocrx_word' id='word_1_298' title='bbox 982 2030 1060 2071; x_wconf 87' lang='lat'>138</span> 
     </span>
     <span class='ocr_line' id='line_1_27' title="bbox 210 2090 1833 2146; baseline 0.001 -8"><span class='ocrx_word' id='word_1_299' title='bbox 210 2099 288 2139; x_wconf 84' lang='lat' dir='ltr'>To</span> <span class='ocrx_word' id='word_1_300' title='bbox 312 2101 657 2139; x_wconf 85' lang='lat' dir='ltr'>GUILLAUME</span> <span class='ocrx_word' id='word_1_301' title='bbox 678 2090 1177 2146; x_wconf 75' lang='lat' dir='ltr'>D’ESTOUTEVILLE,</span> <span class='ocrx_word' id='word_1_302' title='bbox 1201 2101 1503 2140; x_wconf 86' lang='lat' dir='ltr'>CARDINAL</span> <span class='ocrx_word' id='word_1_303' title='bbox 1525 2102 1600 2140; x_wconf 89' lang='lat' dir='ltr'>OF</span> <span class='ocrx_word' id='word_1_304' title='bbox 1624 2102 1833 2140; x_wconf 85' lang='lat' dir='ltr'>ROUEN</span> 
     </span>
     <span class='ocr_line' id='line_1_28' title="bbox 882 2171 1153 2220; baseline -0.004 -12"><span class='ocrx_word' id='word_1_305' title='bbox 882 2171 903 2208; x_wconf 83' lang='lat'>9</span> <span class='ocrx_word' id='word_1_306' title='bbox 924 2171 1026 2220; x_wconf 86' lang='lat' dir='ltr'>May</span> <span class='ocrx_word' id='word_1_307' title='bbox 1049 2171 1153 2208; x_wconf 86' lang='lat'>1482</span> 
     </span>
    </p>
   </div>
   <div class='ocr_carea' id='block_1_4' title="bbox 195 2259 1835 2314">
    <p class='ocr_par' dir='ltr' id='par_1_4' title="bbox 195 2259 1835 2314">
     <span class='ocr_line' id='line_1_29' title="bbox 195 2259 1835 2314; baseline 0.002 -15"><span class='ocrx_word' id='word_1_308' title='bbox 195 2263 280 2308; x_wconf 94' lang='lat' dir='ltr'>Mo,</span> <span class='ocrx_word' id='word_1_309' title='bbox 297 2259 381 2300; x_wconf 87' lang='lat' dir='ltr'>fols.</span> <span class='ocrx_word' id='word_1_310' title='bbox 403 2263 483 2300; x_wconf 91' lang='lat' dir='ltr'>13v.</span> <span class='ocrx_word' id='word_1_311' title='bbox 500 2260 613 2300; x_wconf 84' lang='lat' dir='ltr'>Draft</span> <span class='ocrx_word' id='word_1_312' title='bbox 628 2260 680 2312; x_wconf 93' lang='lat' dir='ltr'>by</span> <span class='ocrx_word' id='word_1_313' title='bbox 696 2261 822 2301; x_wconf 85' lang='lat' dir='ltr'>Scribe</span> <span class='ocrx_word' id='word_1_314' title='bbox 836 2263 885 2308; x_wconf 88' lang='lat' dir='ltr'>A,</span> <span class='ocrx_word' id='word_1_315' title='bbox 903 2260 1056 2301; x_wconf 88' lang='lat' dir='ltr'>headed:</span> <span class='ocrx_word' id='word_1_316' title='bbox 1076 2261 1310 2301; x_wconf 72' lang='lat' dir='ltr'>‘Gmlielmm</span> <span class='ocrx_word' id='word_1_317' title='bbox 1330 2261 1523 2302; x_wconf 84' lang='lat' dir='ltr'>Cardinali</span> <span class='ocrx_word' id='word_1_318' title='bbox 1539 2263 1835 2314; x_wconf 88' lang='lat' dir='ltr'>Rotomagensi.’</span> 
     </span>
    </p>
   </div>
   <div class='ocr_carea' id='block_1_5' title="bbox 110 2363 1926 2903">
    <p class='ocr_par' dir='ltr' id='par_1_5' title="bbox 110 2363 1926 2903">
     <span class='ocr_line' id='line_1_30' title="bbox 113 2363 1924 2425; baseline 0.002 -15"><span class='ocrx_word' id='word_1_319' title='bbox 113 2363 490 2411; x_wconf 90' lang='lat' dir='ltr'>Reverendissime</span> <span class='ocrx_word' id='word_1_320' title='bbox 510 2365 554 2410; x_wconf 92' lang='lat' dir='ltr'>in</span> <span class='ocrx_word' id='word_1_321' title='bbox 574 2363 756 2412; x_wconf 89' lang='lat' dir='ltr'>Christo</span> <span class='ocrx_word' id='word_1_322' title='bbox 773 2379 899 2425; x_wconf 90' lang='lat' dir='ltr'>pater</span> <span class='ocrx_word' id='word_1_323' title='bbox 914 2379 955 2412; x_wconf 90' lang='lat' dir='ltr'>et</span> <span class='ocrx_word' id='word_1_324' title='bbox 973 2364 1152 2412; x_wconf 92' lang='lat' dir='ltr'>domine</span> <span class='ocrx_word' id='word_1_325' title='bbox 1173 2366 1234 2411; x_wconf 92' lang='lat' dir='ltr'>mi</span> <span class='ocrx_word' id='word_1_326' title='bbox 1254 2365 1657 2413; x_wconf 88' lang='lat' dir='ltr'>observandissime.</span> <span class='ocrx_word' id='word_1_327' title='bbox 1680 2369 1762 2413; x_wconf 92' lang='lat' dir='ltr'>Per</span> <span class='ocrx_word' id='word_1_328' title='bbox 1778 2365 1816 2413; x_wconf 94' lang='lat' dir='ltr'>le</span> <span class='ocrx_word' id='word_1_329' title='bbox 1835 2366 1924 2413; x_wconf 87' lang='lat' dir='ltr'>mia</span> 
     </span>
     <span class='ocr_line' id='line_1_31' title="bbox 113 2433 1922 2495; baseline 0.002 -17"><span class='ocrx_word' id='word_1_330' title='bbox 113 2433 395 2493; x_wconf 88' lang='lat' dir='ltr'>occupationi</span> <span class='ocrx_word' id='word_1_331' title='bbox 417 2451 509 2479; x_wconf 94' lang='lat' dir='ltr'>non</span> <span class='ocrx_word' id='word_1_332' title='bbox 528 2451 641 2480; x_wconf 92' lang='lat' dir='ltr'>sono</span> <span class='ocrx_word' id='word_1_333' title='bbox 662 2433 855 2480; x_wconf 89' lang='lat' dir='ltr'>anchora</span> <span class='ocrx_word' id='word_1_334' title='bbox 871 2448 1034 2494; x_wconf 95' lang='lat' dir='ltr'>potuto</span> <span class='ocrx_word' id='word_1_335' title='bbox 1054 2433 1211 2481; x_wconf 86' lang='lat' dir='ltr'>andare</span> <span class='ocrx_word' id='word_1_336' title='bbox 1231 2452 1254 2481; x_wconf 88' lang='lat' dir='ltr'>a</span> <span class='ocrx_word' id='word_1_337' title='bbox 1271 2434 1447 2495; x_wconf 90' lang='lat' dir='ltr'>Empoli</span> <span class='ocrx_word' id='word_1_338' title='bbox 1469 2449 1511 2481; x_wconf 92' lang='lat' dir='ltr'>et</span> <span class='ocrx_word' id='word_1_339' title='bbox 1531 2434 1716 2482; x_wconf 86' lang='lat' dir='ltr'>fermare</span> <span class='ocrx_word' id='word_1_340' title='bbox 1735 2449 1777 2482; x_wconf 91' lang='lat' dir='ltr'>et</span> <span class='ocrx_word' id='word_1_341' title='bbox 1795 2434 1922 2482; x_wconf 86' lang='lat' dir='ltr'>stabi-</span> 
     </span>
     <span class='ocr_line' id='line_1_32' title="bbox 112 2500 1924 2563; baseline 0.002 -16"><span class='ocrx_word' id='word_1_342' title='bbox 112 2500 189 2548; x_wconf 93' lang='lat' dir='ltr'>lire</span> <span class='ocrx_word' id='word_1_343' title='bbox 212 2500 354 2561; x_wconf 92' lang='lat' dir='ltr'>quelle</span> <span class='ocrx_word' id='word_1_344' title='bbox 377 2519 475 2548; x_wconf 91' lang='lat' dir='ltr'>cose</span> <span class='ocrx_word' id='word_1_345' title='bbox 499 2501 566 2548; x_wconf 90' lang='lat' dir='ltr'>del</span> <span class='ocrx_word' id='word_1_346' title='bbox 590 2505 831 2548; x_wconf 90' lang='lat' dir='ltr'>Convento</span> <span class='ocrx_word' id='word_1_347' title='bbox 854 2501 966 2549; x_wconf 89' lang='lat' dir='ltr'>colla</span> <span class='ocrx_word' id='word_1_348' title='bbox 988 2503 1281 2563; x_wconf 78' lang='lat' dir='ltr'>Compagniaa</span> <span class='ocrx_word' id='word_1_349' title='bbox 1302 2502 1497 2550; x_wconf 90' lang='lat' dir='ltr'>secondo</span> <span class='ocrx_word' id='word_1_350' title='bbox 1519 2502 1559 2550; x_wconf 88' lang='lat' dir='ltr'>la</span> <span class='ocrx_word' id='word_1_351' title='bbox 1579 2517 1727 2550; x_wconf 88' lang='lat' dir='ltr'>vostra</span> <span class='ocrx_word' id='word_1_352' title='bbox 1749 2504 1924 2550; x_wconf 91' lang='lat' dir='ltr'>intenti-</span> 
     </span>
     <span class='ocr_line' id='line_1_33' title="bbox 112 2569 1924 2632; baseline 0.002 -17"><span class='ocrx_word' id='word_1_353' title='bbox 112 2587 197 2616; x_wconf 93' lang='lat' dir='ltr'>one</span> <span class='ocrx_word' id='word_1_354' title='bbox 218 2583 259 2616; x_wconf 93' lang='lat' dir='ltr'>et</span> <span class='ocrx_word' id='word_1_355' title='bbox 278 2570 370 2616; x_wconf 94' lang='lat' dir='ltr'>mio</span> <span class='ocrx_word' id='word_1_356' title='bbox 389 2569 619 2626; x_wconf 85' lang='lat' dir='ltr'>desideri03</span> <span class='ocrx_word' id='word_1_357' title='bbox 637 2584 678 2617; x_wconf 92' lang='lat' dir='ltr'>et</span> <span class='ocrx_word' id='word_1_358' title='bbox 696 2570 971 2617; x_wconf 90' lang='lat' dir='ltr'>nondimeno</span> <span class='ocrx_word' id='word_1_359' title='bbox 991 2570 1029 2617; x_wconf 91' lang='lat' dir='ltr'>le</span> <span class='ocrx_word' id='word_1_360' title='bbox 1049 2589 1146 2618; x_wconf 91' lang='lat' dir='ltr'>cose</span> <span class='ocrx_word' id='word_1_361' title='bbox 1163 2589 1275 2618; x_wconf 91' lang='lat' dir='ltr'>sono</span> <span class='ocrx_word' id='word_1_362' title='bbox 1297 2571 1341 2617; x_wconf 90' lang='lat' dir='ltr'>in</span> <span class='ocrx_word' id='word_1_363' title='bbox 1359 2589 1531 2618; x_wconf 91' lang='lat' dir='ltr'>somma</span> <span class='ocrx_word' id='word_1_364' title='bbox 1549 2589 1654 2632; x_wconf 89' lang='lat' dir='ltr'>pace</span> <span class='ocrx_word' id='word_1_365' title='bbox 1673 2586 1715 2618; x_wconf 95' lang='lat' dir='ltr'>et</span> <span class='ocrx_word' id='word_1_366' title='bbox 1732 2572 1924 2632; x_wconf 90' lang='lat' dir='ltr'>tranqui-</span> 
     </span>
     <span class='ocr_line' id='line_1_34' title="bbox 111 2637 1923 2700; baseline 0.002 -17"><span class='ocrx_word' id='word_1_367' title='bbox 111 2637 201 2693; x_wconf 74' lang='lat' dir='ltr'>lita,</span> <span class='ocrx_word' id='word_1_368' title='bbox 222 2655 307 2684; x_wconf 94' lang='lat' dir='ltr'>con</span> <span class='ocrx_word' id='word_1_369' title='bbox 327 2655 504 2684; x_wconf 92' lang='lat' dir='ltr'>sommo</span> <span class='ocrx_word' id='word_1_370' title='bbox 528 2652 894 2685; x_wconf 89' lang='lat' dir='ltr'>contentamento</span> <span class='ocrx_word' id='word_1_371' title='bbox 913 2638 980 2686; x_wconf 90' lang='lat' dir='ltr'>de’</span> <span class='ocrx_word' id='word_1_372' title='bbox 1003 2638 1103 2686; x_wconf 84' lang='lat' dir='ltr'>frati</span> <span class='ocrx_word' id='word_1_373' title='bbox 1120 2653 1162 2686; x_wconf 91' lang='lat' dir='ltr'>et</span> <span class='ocrx_word' id='word_1_374' title='bbox 1181 2639 1511 2699; x_wconf 88' lang='lat' dir='ltr'>degl’huomini.</span> <span class='ocrx_word' id='word_1_375' title='bbox 1537 2644 1615 2686; x_wconf 93' lang='lat' dir='ltr'>Ma</span> <span class='ocrx_word' id='word_1_376' title='bbox 1633 2657 1759 2686; x_wconf 92' lang='lat' dir='ltr'>come</span> <span class='ocrx_word' id='word_1_377' title='bbox 1778 2640 1923 2700; x_wconf 91' lang='lat' dir='ltr'>prima</span> 
     </span>
     <span class='ocr_line' id='line_1_35' title="bbox 113 2705 1924 2768; baseline 0.002 -17"><span class='ocrx_word' id='word_1_378' title='bbox 113 2705 221 2752; x_wconf 81' lang='lat' dir='ltr'>haro</span> <span class='ocrx_word' id='word_1_379' title='bbox 241 2720 386 2766; x_wconf 93' lang='lat' dir='ltr'>punto</span> <span class='ocrx_word' id='word_1_380' title='bbox 408 2705 452 2752; x_wconf 90' lang='lat' dir='ltr'>di</span> <span class='ocrx_word' id='word_1_381' title='bbox 471 2707 572 2753; x_wconf 92' lang='lat' dir='ltr'>ocio</span> <span class='ocrx_word' id='word_1_382' title='bbox 593 2705 703 2753; x_wconf 87' lang='lat' dir='ltr'>dalle</span> <span class='ocrx_word' id='word_1_383' title='bbox 724 2707 811 2753; x_wconf 92' lang='lat' dir='ltr'>mia</span> <span class='ocrx_word' id='word_1_384' title='bbox 831 2706 1036 2754; x_wconf 85' lang='lat' dir='ltr'>faccende</span> <span class='ocrx_word' id='word_1_385' title='bbox 1055 2707 1122 2754; x_wconf 92' lang='lat' dir='ltr'>del</span> <span class='ocrx_word' id='word_1_386' title='bbox 1144 2707 1330 2768; x_wconf 89' lang='lat' dir='ltr'>Palagio‚</span> <span class='ocrx_word' id='word_1_387' title='bbox 1351 2707 1449 2754; x_wconf 79' lang='lat' dir='ltr'>saro</span> <span class='ocrx_word' id='word_1_388' title='bbox 1470 2707 1523 2764; x_wconf 73' lang='lat' dir='ltr'>la,</span> <span class='ocrx_word' id='word_1_389' title='bbox 1545 2722 1587 2754; x_wconf 94' lang='lat' dir='ltr'>et</span> <span class='ocrx_word' id='word_1_390' title='bbox 1606 2725 1698 2754; x_wconf 93' lang='lat' dir='ltr'>non</span> <span class='ocrx_word' id='word_1_391' title='bbox 1720 2707 1862 2755; x_wconf 91' lang='lat' dir='ltr'>dubiti</span> <span class='ocrx_word' id='word_1_392' title='bbox 1883 2707 1924 2755; x_wconf 93' lang='lat' dir='ltr'>la</span> 
     </span>
     <span class='ocr_line' id='line_1_36' title="bbox 110 2774 1926 2836; baseline 0.002 -16"><span class='ocrx_word' id='word_1_393' title='bbox 110 2774 309 2834; x_wconf 88' lang='lat' dir='ltr'>Signoria</span> <span class='ocrx_word' id='word_1_394' title='bbox 332 2778 493 2821; x_wconf 90' lang='lat' dir='ltr'>Vostra</span> <span class='ocrx_word' id='word_1_395' title='bbox 515 2774 594 2821; x_wconf 92' lang='lat' dir='ltr'>che</span> <span class='ocrx_word' id='word_1_396' title='bbox 617 2789 737 2821; x_wconf 91' lang='lat' dir='ltr'>tutto</span> <span class='ocrx_word' id='word_1_397' title='bbox 757 2775 977 2822; x_wconf 77' lang='lat' dir='ltr'>s&#39;asettera</span> <span class='ocrx_word' id='word_1_398' title='bbox 997 2793 1020 2822; x_wconf 92' lang='lat' dir='ltr'>a</span> <span class='ocrx_word' id='word_1_399' title='bbox 1041 2790 1268 2831; x_wconf 91' lang='lat' dir='ltr'>contento,</span> <span class='ocrx_word' id='word_1_400' title='bbox 1293 2777 1569 2836; x_wconf 89' lang='lat' dir='ltr'>reputatione</span> <span class='ocrx_word' id='word_1_401' title='bbox 1592 2790 1633 2823; x_wconf 93' lang='lat' dir='ltr'>et</span> <span class='ocrx_word' id='word_1_402' title='bbox 1654 2775 1791 2836; x_wconf 89' lang='lat' dir='ltr'>gloria</span> <span class='ocrx_word' id='word_1_403' title='bbox 1814 2775 1926 2823; x_wconf 88' lang='lat' dir='ltr'>della</span> 
     </span>
     <span class='ocr_line' id='line_1_37' title="bbox 110 2842 901 2903; baseline 0.003 -15"><span class='ocrx_word' id='word_1_404' title='bbox 110 2846 272 2889; x_wconf 88' lang='lat' dir='ltr'>Vostra</span> <span class='ocrx_word' id='word_1_405' title='bbox 294 2842 673 2889; x_wconf 90' lang='lat' dir='ltr'>Reverendissima</span> <span class='ocrx_word' id='word_1_406' title='bbox 693 2843 901 2903; x_wconf 90' lang='lat' dir='ltr'>Signoria.</span> 
     </span>
    </p>
   </div>
   <div class='ocr_carea' id='block_1_6' title="bbox 191 3126 1023 3229">
    <p class='ocr_par' dir='ltr' id='par_1_6' title="bbox 191 3126 1023 3229">
     <span class='ocr_line' id='line_1_38' title="bbox 191 3126 1023 3172; baseline 0.002 -2"><span class='ocrx_word' id='word_1_407' title='bbox 191 3126 207 3150; x_wconf 76' lang='lat'>&#39;³</span> <span class='ocrx_word' id='word_1_408' title='bbox 225 3132 371 3171; x_wconf 89' lang='lat' dir='ltr'>Andrea</span> <span class='ocrx_word' id='word_1_409' title='bbox 387 3133 425 3171; x_wconf 92' lang='lat' dir='ltr'>di</span> <span class='ocrx_word' id='word_1_410' title='bbox 443 3136 573 3171; x_wconf 89' lang='lat' dir='ltr'>Trotto</span> <span class='ocrx_word' id='word_1_411' title='bbox 594 3136 607 3171; x_wconf 86' lang='lat'>?</span> <span class='ocrx_word' id='word_1_412' title='bbox 627 3133 792 3172; x_wconf 85' lang='lat' dir='ltr'>Cf.letter</span> <span class='ocrx_word' id='word_1_413' title='bbox 812 3138 875 3172; x_wconf 90' lang='lat'>154</span> <span class='ocrx_word' id='word_1_414' title='bbox 893 3134 1023 3172; x_wconf 63' lang='lat' dir='ltr'>below</span> 
     </span>
     <span class='ocr_line' id='line_1_39' title="bbox 192 3190 631 3229; baseline 0.002 -1"><span class='ocrx_word' id='word_1_415' title='bbox 192 3195 205 3209; x_wconf 82' lang='lat'>²</span> <span class='ocrx_word' id='word_1_416' title='bbox 222 3192 284 3228; x_wconf 88' lang='lat' dir='ltr'>See</span> <span class='ocrx_word' id='word_1_417' title='bbox 301 3190 407 3228; x_wconf 85' lang='lat' dir='ltr'>letter</span> <span class='ocrx_word' id='word_1_418' title='bbox 425 3194 487 3228; x_wconf 88' lang='lat'>128</span> <span class='ocrx_word' id='word_1_419' title='bbox 506 3191 631 3229; x_wconf 90' lang='lat' dir='ltr'>above.</span> 
     </span>
    </p>
   </div>
  </div>
 </body>
</html>
