2118 3444
124 165 307 199 ESSAYS
1832 150 1922 190 315

125 300 271 359 cere‚⁷⁸
300 300 422 362 quod
450 315 491 347 et
518 300 570 347 de
597 299 682 347 deo
709 298 869 354 ferunt,
895 311 1105 358 perpetua
1133 294 1212 343 in⁷⁹
1242 297 1431 351 iuventa,
1459 295 1600 342 oleam
1630 294 1809 342 demum
1838 311 1931 355 per-

125 371 307 418 duxerat
325 369 379 416 ad
393 383 634 415 extremam
655 367 852 413 maciem.
873 370 935 412 Ita
950 383 1051 412 cum
1069 379 1175 411 esset
1193 363 1325 425 paulo
1341 378 1440 424 post
1460 362 1782 418 emoriendum,
1802 361 1933 408 Palla-

125 438 190 485 dis
217 436 468 497 imploravit
498 452 675 482 numen.
707 433 847 492 Quod
873 447 1019 480 autem
1045 450 1140 479 eam
1169 433 1258 492 ipsa
1283 431 1557 491 produxisset
1583 430 1751 490 sibique
1781 429 1928 476 suisset

126 518 392 553 ornamento
410 502 650 564 quondam,
667 501 933 563 perbenigne
950 501 1124 561 cognita
1139 517 1264 547 causa
1280 498 1517 559 respondit:
1539 501 1614 545 ‘At
1631 498 1790 545 cavisse
1806 512 1932 544 antea
1997 539 2001 544 .

124 572 309 634 provide
333 572 545 632 oportuit.
571 574 708 617 Nunc
731 569 889 616 frustra
910 572 1001 616 est.’

882 709 948 751 29.
972 697 1183 751 Victorias

126 811 391 859 Perdomitis
418 809 502 857 late
527 809 741 870 gentibus,
770 808 967 855 Victoria
992 822 1039 854 ut
1067 806 1358 867 triumphanti
1383 805 1464 852 sibi
1491 805 1646 852 urbem
1676 800 1859 851 invehi⁸⁰
1888 803 1934 850 li-

126 894 242 927 ceret
257 896 358 926 cum
375 877 694 939 postulavisset,
715 875 882 923 Invidia
897 875 1149 922 intercessit.
1167 877 1313 921 Patres
1326 888 1474 921 tamen
1490 872 1767 933 triumphum
1787 873 1935 919 Victo-

128 949 213 994 riae
236 947 537 994 decreverunt.
560 949 635 992 ‘At
658 944 902 992 cohibuisse
926 944 1150 990 avaritiam
1170 943 1317 1003 prius‚'
1343 943 1484 1002 inquit
1509 941 1689 997 Invidia,
1712 944 1932 1001 ‘oportue-

127 1030 206 1071 rat,
232 1015 540 1075 temperavisse
568 1012 892 1074 cupiditatibus,
921 1011 1122 1058 libidines
1151 1010 1382 1058 frenavisse
1408 1024 1537 1070 atque
1563 1027 1587 1056 a
1612 1008 1867 1056 crudelitate
1892 1023 1934 1055 et

125 1084 333 1144 sanguine
350 1083 655 1129 innocentium
671 1082 894 1128 sociorum
911 1081 1108 1127 animum
1127 1079 1322 1126 habuisse
1339 1078 1664 1125 abhorrentem.
1680 1079 1828 1124 Tanto
1843 1076 1934 1124 her-

127 1152 190 1199 cle
209 1152 449 1212 speciosior
469 1151 550 1197 erit
569 1149 621 1196 de
639 1148 940 1209 triumphante
960 1147 1222 1208 triumphus.
1246 1151 1337 1194 Vos
1358 1146 1466 1192 nihil
1487 1161 1636 1192 tamen
1655 1146 1791 1205 agitis,
1812 1145 1933 1200 dum,

127 1220 202 1280 qui
223 1220 343 1274 vicit,
365 1219 585 1264 vincitur.’

836 1356 902 1398 30.
927 1351 1229 1411 Imperatoriag

128 1457 260 1503 Binae
296 1456 340 1501 in
375 1472 533 1515 campo
567 1453 900 1514 gloriosissimae
937 1453 1047 1499 acies
1080 1470 1101 1499 e
1137 1452 1311 1512 regione
1346 1451 1580 1498 instructae
1615 1447 1933 1510 adversaeque⁸¹

129 1525 244 1571 inter
263 1541 306 1570 se
329 1523 630 1570 constiterant.
655 1526 802 1582 Atque
828 1521 932 1568 haec
952 1520 1130 1581 quidem
1152 1519 1353 1579 clangore
1375 1519 1581 1566 tubarum
1606 1516 1682 1565 et²³2
1706 1535 1932 1565 armorum

129 1591 297 1652 fulgore
330 1589 412 1638 ac⁸³
443 1591 627 1651 strepitu
656 1589 915 1650 praestabat,
946 1588 1017 1635 illa
1045 1606 1151 1635 vero
1181 1588 1432 1648 cognitione
1464 1604 1611 1633 rerum
1642 1586 1776 1646 magis
1807 1600 1936 1646 atque

129 1659 381 1720 eloquentia
401 1673 491 1706 erat
513 1657 791 1705 admirabilis.
815 1661 868 1704 Et
890 1656 1165 1717 imperatoris
1186 1655 1364 1716 quidem
1387 1672 1569 1702 munera
1591 1654 1693 1701 hinc
1716 1653 1936 1700 Gradivus

128 1732 249 1776 Mars
267 1727 432 1783 obibat,
453 1726 572 1773 illinc
590 1725 770 1773 Bellona
786 1724 934 1772 Pallas.
951 1729 1204 1785 Utrumque
1222 1741 1347 1784 saepe
1364 1723 1604 1770 exercitum
1621 1722 1858 1769 vehemens
1877 1722 1937 1767 in-

129 1810 311 1843 cesserat
331 1794 644 1855 congrediendi
666 1794 808 1841 ardor.
830 1796 977 1840 Duces
997 1807 1204 1840 eventum
1224 1809 1392 1853 pugnae
1416 1790 1727 1838 formidabant.
1750 1794 1865 1850 Ergo
1889 1791 1934 1835 in

130 1864 403 1924 colloquium
428 1862 607 1910 tandem
629 1880 730 1909 cum
753 1862 985 1917 venissent,
1008 1861 1265 1921 pepigerunt
1290 1859 1490 1906 indutias.
1514 1863 1634 1905 Inter
1653 1858 1936 1905 condiciones

130 1950 179 1979 ea
197 1933 341 1992 prima
363 1931 445 1978 fuit
467 1946 515 1977 ut
538 1930 718 1977 Bellona
739 1929 855 1990 apud
876 1929 1122 1976 Gradivum
1145 1929 1359 1975 continuo
1385 1927 1690 1987 hospitaretur.

906 2069 971 2112 31.
996 2065 1166 2125 Rapina

130 2170 242 2217 Elati
274 2169 406 2216 flores
438 2169 559 2230 quod
592 2186 684 2215 non
715 2167 853 2215 modo
885 2167 1085 2215 colorum
1118 2167 1325 2214 varietate
1354 2181 1395 2213 et
1424 2165 1752 2226 pulchritudine
1784 2164 1936 2211 oculos

131 2238 398 2285 delectarent
416 2253 457 2284 et
478 2237 688 2284 odoribus
710 2254 833 2283 nares
850 2235 925 2283 sed
945 2253 1044 2296 apes
1063 2253 1238 2296 quoque
1260 2234 1312 2281 ab
1331 2252 1374 2281 se
1395 2233 1523 2280 mella
1543 2248 1584 2280 et
1603 2251 1719 2280 ceras
1736 2247 1937 2293 peterent

131 2306 185 2353 ad
215 2306 477 2366 multiplices
508 2306 623 2352 vitae
651 2304 989 2352 commoditates
1020 2321 1205 2364 ususque
1238 2302 1507 2358 mortalium,
1539 2302 1767 2349 communi
1799 2301 1939 2361 gentis

131 2374 323 2421 concilio
343 2374 631 2421 decreverunt
651 2373 970 2420 hostimentum
992 2390 1093 2419 cum
1114 2371 1277 2432 apibus.
1301 2370 1349 2418 Id
1365 2389 1472 2417 vero
1491 2388 1591 2417 cum
1614 2370 1874 2416 innotuisset
1897 2383 1939 2415 et

132 2460 277 2502 regem
299 2460 398 2502 apes
420 2441 737 2501 cogitabundae
758 2442 1102 2487 circumstarent:
1126 2440 1361 2500 ‘Rapietis,'
1386 2457 1460 2485 rex
1481 2439 1637 2498 inquit,
1661 2441 1753 2484 ‘vos
1774 2452 1937 2492 tamen,

133 2511 214 2557 nisi
237 2509 467 2557 dederint.’

876 2649 941 2690 32.
967 2643 1198 2704 Zelotypia

134 2746 494 2806 Argutiusculum
525 2745 669 2806 puella
697 2762 927 2805 passerem,
956 2762 980 2791 a
1008 2744 1114 2791 nido
1143 2761 1274 2804 quern
1303 2743 1513 2790 nutrierat
1543 2742 1780 2797 delicatius,
1810 2741 1942 2788 verba

134 2815 266 2861 etiarn
291 2828 440 2860 nostra
461 2813 681 2860 blanditer
702 2813 949 2860 edocuerat:
973 2815 1058 2859 ‘Da
1078 2811 1322 2858 suaviolum
1349 2811 1423 2867 mi,
1448 2810 1503 2857 da
1523 2809 1791 2870 complexus,
1818 2826 1939 2855 meus

133 2881 414 2942 passerculus,
439 2899 536 2928 mea
555 2880 842 2928 suavitatula.'
866 2885 988 2927 Haec
1007 2898 1106 2927 cum
1130 2897 1256 2926 mane
1280 2878 1546 2939 meridieque
1568 2893 1609 2925 et
1628 2878 1810 2938 vesperi,
1836 2876 1940 2923 haec

215 3099 304 3144 ίΕει.
324 3106 395 3144 and
411 3106 533 3143 transl.
553 3108 628 3149 Par,
650 3109 792 3143 118-19.

216 3168 230 3190 Β
248 3163 310 3201 Ed.
330 3162 401 3201 and
417 3162 538 3200 transl.
559 3164 634 3206 Par,
656 3166 730 3200 120.
