2118 3444
157 171 339 205 ESSAYS
1866 164 1957 204 327

935 311 1000 353 66.
1026 307 1189 353 Anima

156 414 274 458 Cum
301 411 487 457 exissent
511 410 556 456 in
577 410 976 470 peregrinationem
1002 410 1208 470 quinque,
1234 427 1343 470 quos
1366 427 1418 456 ex
1441 409 1600 456 Calido
1625 414 1801 457 Humus
1827 425 1967 457 mater

156 478 314 526 eodem
346 474 526 539 partu¹⁶¹
563 477 716 524 fratres
745 478 1059 538 progenuisset,
1095 476 1208 524 forte
1242 474 1482 538 quadam¹⁶²
1519 496 1570 525 ex
1603 477 1776 525 diverso
1808 477 1964 525 adven-

156 547 263 594 ienti
282 546 576 593 nobilissimae
597 545 766 606 puellae
787 546 830 591 in
849 546 942 592 viae
958 546 1177 606 principio
1199 561 1498 602 occurrerunt,
1518 564 1706 607 cumque
1726 561 1833 593 esset
1854 546 1966 593 calli-

155 615 257 662 dula
277 615 366 661 visa
386 629 516 674 atque
535 614 815 674 ingeniosior,
842 614 920 674 ipsi
942 631 1050 660 vero
1067 614 1263 674 regiones
1284 615 1430 670 etiam,
1450 632 1529 674 per
1547 632 1651 674 quas
1672 615 1755 661 iter
1772 629 1879 661 esset
1900 614 1962 661 fu-

155 698 320 738 turum,
348 683 613 742 ignorarent,
638 696 686 728 ut
709 682 803 728 viae
826 681 913 728 dux
936 681 1114 728 tandem
1139 696 1366 742 praeesset,
1390 700 1413 729 a
1434 682 1578 742 puella
1602 683 1962 742 impetraverunt.

154 753 375 797 Tortuosa
399 764 490 796 erat
513 764 554 796 et
575 749 792 796 salebrosa
814 750 969 796 semita
991 764 1033 796 et
1054 767 1133 810 per
1154 749 1372 796 anfractus
1394 767 1518 810 saepe
1542 768 1715 810 asperos
1740 765 1781 796 et
1802 751 1963 810 praeci-

153 819 266 879 pites
292 835 419 878 rupes
445 817 746 877 gradiendum.
777 818 1067 877 Quingemini
1095 835 1201 864 vero
1226 817 1372 864 lascivi
1399 832 1441 864 et
1464 835 1670 878 procaces
1696 819 1884 864 nimium
1915 836 1963 865 ac

155 886 276 933 dicto
307 886 490 932 minime
521 899 644 932 erant
674 885 909 932 audientes.
943 890 1096 946 Ingens
1127 882 1323 946 itaque¹⁶³
1356 885 1592 946 aliquando
1623 885 1832 933 ductandi
1861 904 1962 933 cum

155 954 303 1001 fuisset
329 954 455 1001 labor
481 971 529 1000 ac
551 971 676 1014 saepe
703 953 755 1000 ab
781 950 892 1000 ita¹⁶⁴
918 954 1173 1014 vagantibus
1199 953 1486 1000 inconsultius
1514 955 1628 1001 vitae
1653 972 1828 1015 quoque
1855 955 1965 1015 peri-

154 1021 303 1069 culum
330 1022 568 1077 institisset,
594 1021 826 1068 consilium
853 1022 966 1081 cepit
990 1021 1117 1068 saluti
1140 1039 1240 1068 suae
1264 1021 1494 1068 consulens
1519 1021 1572 1068 ab
1596 1023 1655 1069 eis
1678 1021 1962 1082 digrediendi.

155 1090 238 1136 His
263 1090 408 1150 itaque
431 1090 590 1136 accitis:
615 1089 729 1136 ‘Nisi
753 1092 859 1145 vos‚’
886 1090 1043 1150 inquit,
1068 1090 1262 1136 ‘Rationi
1285 1090 1455 1150 reginae
1479 1089 1846 1151 obtemperarit1s‚
1869 1091 1963 1137 viae

153 1176 232 1205 vos
255 1175 424 1205 errores
446 1158 490 1203 in
514 1172 706 1204 mortem
730 1172 870 1218 agent.
893 1157 1059 1214 Valete‚
1080 1161 1247 1205 Sensus.
1274 1162 1369 1218 Ipsa
1390 1158 1435 1204 in
1457 1157 1626 1205 caelum
1648 1159 1819 1218 migro.’

899 1299 965 1341 67.
990 1294 1221 1355 Cupiditas

154 1400 325 1443 Avarus
348 1414 505 1443 acervo
524 1395 703 1443 studens
725 1410 766 1443 et
788 1396 1006 1456 augendae
1029 1397 1090 1443 rei
1111 1397 1318 1452 intentus,
1342 1414 1443 1443 cum
1465 1396 1676 1444 sollicitus
1699 1397 1964 1453 circumiret,

155 1463 307 1511 incidit
333 1465 376 1510 in
400 1463 544 1511 Ulixis
569 1479 699 1511 utres.
726 1463 866 1523 Quod
888 1479 1035 1511 autem
1058 1465 1151 1511 auri
1172 1464 1326 1525 plenos
1350 1479 1555 1525 putasset,
1579 1464 1724 1525 gladio
1748 1465 1964 1512 dissecuit.

153 1535 272 1579 Cum
296 1549 401 1578 mox
424 1533 545 1578 venti
568 1550 619 1578 ex
640 1532 811 1578 utribus
835 1532 1103 1579 exsiluissent
1127 1547 1168 1579 et
1189 1533 1304 1579 nacti
1325 1532 1504 1579 fuissent
1527 1532 1779 1580 liberiorem
1803 1551 1962 1589 aerem,

152 1600 347 1661 primum
376 1599 586 1647 sustulere
616 1618 667 1646 ex
694 1599 831 1647 oculis
857 1600 1150 1656 serenitatem,
1178 1600 1334 1647 deinde
1359 1601 1578 1648 concitata
1602 1615 1861 1662 tempestate
1884 1619 1965 1662 per

154 1669 296 1715 invios
315 1668 508 1728 improbi
529 1683 659 1728 atque
675 1668 994 1715 inextricabiles
1011 1686 1179 1716 errores
1196 1683 1447 1729 rapuerunt,
1465 1684 1513 1716 ut
1532 1687 1673 1730 neque
1691 1669 1858 1730 regredi
1876 1670 1963 1716 iarn

153 1754 295 1796 neque
316 1750 500 1796 portum
526 1737 738 1796 attingere
761 1754 944 1796 usquam
969 1736 1130 1783 liceret.
1154 1741 1268 1797 Ergo
1292 1755 1393 1783 cum
1418 1735 1660 1784 vovisset¹⁶⁵
1687 1755 1857 1797 agnam,
1883 1756 1964 1784 res-

150 1821 356 1864 ponsum:
386 1807 534 1850 ‘Utres
557 1818 599 1850 te
621 1803 791 1850 dissecti
814 1804 989 1864 agitant.
1014 1805 1238 1851 Resarcito
1259 1808 1404 1851 utres.’

886 1945 952 1987 68.
976 1941 1231 2001 Temptatio

152 2046 271 2090 Cum
288 2056 421 2090 staret
437 2042 491 2090 ad
506 2043 625 2090 urbis
642 2057 792 2104 portas
808 2043 1070 2090 subcallidus
1087 2043 1404 2105 blandulusque
1425 2043 1560 2091 hostis
1578 2045 1959 2105 irruptionemque

151 2125 403 2172 temptaret,
419 2112 494 2171 qui
512 2112 629 2158 intus
647 2126 769 2158 erant
785 2111 1048 2168 defensores,
1067 2111 1166 2159 freti
1182 2112 1373 2159 militum
1391 2131 1573 2160 suorum
1593 2114 1762 2170 animis,
1783 2112 1963 2174 refrege-

152 2194 254 2226 runt
279 2194 442 2239 portas.
472 2184 688 2239 Ingressus
717 2198 820 2240 ergo
846 2181 960 2227 intra
986 2181 1174 2236 moenia,
1202 2182 1279 2227 etsi
1304 2182 1457 2241 primis
1484 2182 1631 2228 statim
1658 2181 1958 2241 congressibus

150 2247 331 2323 paulum
350 2262 412 2294 est
429 2262 734 2307 repugnatum,
755 2266 845 2294 non
863 2247 1006 2295 multo
1022 2263 1170 2295 tamen
1187 2249 1380 2308 negotio,
1397 2267 1498 2295 cum
1516 2249 1726 2310 oppidani
1744 2249 1964 2305 cederent,

151 2316 296 2362 victor
325 2315 481 2362 urbem
514 2316 671 2371 tenuit,
702 2316 922 2363 veteribus
952 2317 1113 2376 partim
1144 2316 1290 2377 pulsis,
1323 2318 1485 2377 partim
1518 2316 1758 2408 interflectis
1789 2317 1956 2364 incolis.

150 2387 471 2430 Verumtamen
505 2398 547 2430 et
580 2384 659 2444 ipsi
695 2402 814 2440 mox,
849 2385 924 2444 qui
955 2385 1164 2440 vicerant,
1197 2386 1416 2432 contraria
1448 2386 1562 2432 inter
1592 2382 1690 2432 se¹⁶⁶
1725 2386 1963 2432 sentientes

151 2466 306 2498 coorta
325 2451 541 2498 seditione
564 2451 867 2499 incenderunt.
891 2449 1131 2499 Μοηιῐῐι167
1153 2467 1299 2500 autem
1322 2454 1537 2513 magister,
1561 2454 1636 2514 qui
1658 2468 1779 2500 extra
1795 2454 1962 2514 pericu-

151 2518 243 2566 lum
271 2537 363 2565 rem
387 2534 670 2579 spectaverat:
697 2523 806 2576 ‘En,'
837 2521 993 2580 inquit,
1022 2520 1368 2568 ‘similitudinem
1396 2539 1448 2568 ex
1472 2521 1627 2568 mediis
1651 2521 1958 2582 philosophiae

149 2586 459 2647 penetralibus.
480 2588 581 2634 Nisi
599 2588 717 2634 enim
735 2589 1018 2648 temptationi
1032 2589 1200 2649 primos
1221 2588 1361 2636 aditus
1377 2589 1657 2645 obstruxeris,
1677 2590 1829 2636 vitiata
1843 2607 1962 2636 men-

151 2655 205 2701 tis
224 2655 374 2715 primo
397 2672 514 2715 gaza,
536 2670 584 2702 ut
606 2655 728 2702 brevi
751 2657 810 2703 ita
830 2655 1069 2716 conflagret
1092 2657 1236 2704 omnis
1260 2671 1322 2704 est
1345 2661 1544 2704 necesse.’

883 2797 949 2839 69.
975 2793 1232 2853 Loquacitas

151 2892 409 2953 Capreolus,
432 2893 507 2953 qui
527 2911 708 2940 omnem
729 2894 811 2940 sibi
829 2894 993 2954 pedum
1015 2909 1055 2941 et
1074 2894 1304 2942 celeritatis
1321 2894 1495 2942 laudem
1515 2895 1631 2955 apud
1649 2913 1750 2942 suos
1771 2895 1960 2942 vindica-

150 2958 339 3016 verat,¹⁶⁸
378 2960 645 3021 leporarium
686 2961 880 3008 nobilem
921 2961 1127 3009 canem¹⁶9
1166 2963 1402 3009 incessebat
1441 2963 1694 3019 maledictis,
1732 2963 1854 3024 quod
1892 2963 1961 3010 ille

153 3029 196 3074 in
216 3028 424 3088 pusillum
447 3043 576 3089 atque
596 3029 754 3076 inbelle
773 3047 906 3089 genus
926 3030 1127 3090 leporum
1150 3030 1389 3077 insolenter
1406 3031 1516 3077 adeo
1535 3031 1787 3087 desaeviret3
1805 3049 1907 3078 nam
1927 3032 1962 3078 si

152 3097 312 3143 virium
342 3096 504 3157 gloriae
534 3098 752 3154 inserviat,
782 3097 909 3144 fuisse
940 3116 1040 3145 cum
1071 3099 1183 3159 apris
1213 3099 1250 3145 ei
1278 3099 1472 3159 ursisque
1504 3099 1894 3159 congrediendum,
1923 3100 1957 3146 si

151 3164 409 3220 velocitatis,
447 3183 548 3211 cum
587 3183 663 3212 sua
700 3180 828 3225 gente
867 3164 1144 3213 fortunam¹⁷⁰
1183 3164 1385 3213 venisse¹⁷
1389 3166 1399 3191 ¹
1439 3167 1603 3227 pedum
1644 3167 1958 3228 experiundam
