2118 3444
152 173 334 206 ESSAYS
1858 164 1950 206 267

237 309 382 369 Quid?
406 310 449 356 Si
473 326 599 356 amor
623 308 822 369 impellit,
849 326 997 355 nonne
1023 308 1180 355 ducere
1203 308 1378 355 debebit
1400 309 1569 369 sapiens
1594 311 1800 356 uxorem?
1826 309 1951 355 Nihil

152 378 309 425 minus.
330 381 451 424 Nam
467 378 502 424 si
522 378 566 423 in
583 377 824 437 sapientem
841 376 1115 437 perturbatio
1134 394 1225 423 non
1243 376 1357 424 cadit
1376 376 1512 437 (quod
1529 394 1683 424 omnes
1701 376 1789 424 fere
1806 377 1958 424 dicunt

150 445 405 506 philosophi
441 463 489 492 ac
518 445 706 491 maxime
735 445 884 500 Stoici,
916 462 1026 505 quos
1056 444 1274 505 appellant
1305 444 1532 505 masculos)
1567 444 1799 505 quomodo
1830 463 1957 492 amor

151 513 290 569 cadet,
316 512 666 560 manifestissima
695 513 879 560 insania?
906 512 990 559 Sed
1015 512 1067 559 de
1092 511 1291 559 amore¹²³
1320 514 1480 573 scripta
1503 527 1604 560 sunt
1634 513 1772 560 multa
1797 531 1820 560 a
1847 513 1954 560 mul-

151 582 218 637 tis,
243 595 284 628 et
307 582 397 641 ipsa
419 580 655 641 aliquando
676 580 813 641 plura.

234 653 372 696 Nunc
397 666 572 709 agamus
599 648 720 709 quod
746 649 888 695 instat.
915 649 1028 707 Quis
1055 663 1116 695 est
1142 650 1259 695 enim
1285 648 1352 696 vel
1379 667 1528 696 amore
1554 650 1648 709 ipso
1675 650 1858 705 caecior,
1884 650 1959 710 qui

152 734 243 764 non
278 716 423 763 videat
459 716 571 763 hanc
604 716 872 763 dementiam
908 734 995 763 esse
1030 734 1130 763 cum
1166 717 1376 777 sapientia
1409 716 1532 763 nullo
1567 731 1699 777 pacto
1731 719 1878 778 posse?
1915 718 1958 764 Si

151 783 338 841 enim,¹²⁴
368 799 416 831 ut
445 785 489 830 in
517 784 632 831 libro
659 784 711 832 de
738 802 887 832 amore
914 784 1019 831 dicit
1044 788 1235 841 Seneca,r
1262 788 1460 832 ‘Formae
1488 803 1614 832 amor
1639 786 1820 832 rationis
1848 785 1955 832 obli-

150 854 224 900 vio
242 867 304 900 est
323 867 364 900 et
383 853 572 900 insaniae
587 853 844 914 proximus,’
866 853 900 900 si
920 852 1080 900 ‘turbat
1099 852 1306 910 consilia,'
1325 854 1360 900 si
1381 853 1505 900 ‘altos
1523 871 1572 900 ac
1585 871 1819 914 generosos
1837 854 1957 915 spiri-

150 936 219 969 tus
237 921 425 982 frangit,'
442 922 477 968 si
496 925 534 968 ‘a
551 922 717 982 magnis
734 921 1073 982 cogitationibus
1091 921 1146 969 ad
1161 921 1426 969 humillimas
1447 921 1665 978 detrahit,’
1681 923 1716 969 si
1735 922 1954 983 querulos,

150 989 396 1045 iracundos,
437 990 706 1045 temerarios,
746 987 834 1036 si¹²⁵
876 989 997 1036 ‘dure
1037 990 1308 1050 imperiosos,
1350 990 1565 1037 serviliter
1601 990 1786 1037 blandos
1826 1005 1956 1051 atque

150 1057 357 1104 omnibus
378 1057 516 1104 efficit
533 1057 736 1113 inutiles,’
756 1058 925 1118 sapiens
942 1058 1095 1118 procul
1116 1058 1253 1104 dubio
1271 1058 1400 1105 simul
1421 1073 1550 1118 atque
1567 1073 1739 1105 amator
1755 1076 1842 1105 esse
1863 1077 1955 1105 non

147 1126 325 1185 poterit.
356 1125 482 1184 Quid
511 1125 632 1186 quod
659 1140 759 1172 sunt
790 1123 1158 1186 impedimenta¹²⁶
1188 1125 1242 1173 ad
1266 1125 1693 1187 philosophandum?
1725 1127 1815 1174 Etsi
1846 1144 1954 1174 non-

149 1193 257 1239 nulli
287 1193 331 1239 id
358 1207 531 1253 negent,
558 1197 622 1239 M.
651 1208 800 1240 tamen
826 1193 1008 1249 Tullius,
1039 1193 1263 1254 repudiata
1288 1212 1425 1241 uxore
1453 1195 1672 1250 Terentia,
1700 1209 1874 1254 rogatus
1902 1195 1954 1242 ab

149 1261 302 1307 Hirtio
330 1275 377 1307 ut
403 1278 602 1307 sororem
631 1279 754 1307 suam
781 1261 973 1317 duceret,
998 1262 1185 1308 omnino
1214 1261 1354 1308 facere
1377 1262 1632 1322 supersedit,
1661 1262 1887 1309 affirmans
1911 1280 1955 1309 se

149 1325 295 1374 non¹2⁷
318 1346 444 1388 posse
469 1342 510 1374 et
529 1328 835 1388 philosophiae
861 1343 903 1375 et
923 1329 1051 1375 uxori
1072 1330 1236 1389 pariter
1256 1347 1435 1390 operam
1459 1329 1573 1377 dare.

233 1395 374 1454 Quod
389 1397 424 1442 si
440 1395 722 1456 philosophia
738 1397 979 1456 sapientem
998 1396 1114 1452 facit,
1130 1397 1251 1457 quod
1266 1397 1409 1444 multo
1426 1412 1542 1444 certe
1558 1397 1837 1445 commodius
1855 1398 1958 1445 facit

148 1481 280 1523 quam
299 1478 466 1510 ceterae
482 1478 607 1519 artes,
626 1482 717 1510 non
737 1479 864 1511 erunt
880 1464 1163 1525 philosopho,
1187 1465 1351 1512 nedum
1369 1466 1567 1525 sapienti,
1587 1465 1711 1512 utilia
1728 1467 1952 1513 matrimo-

148 1532 231 1577 nia.
255 1532 460 1591 Denique
479 1535 543 1577 M.
566 1534 696 1587 Cato,
719 1531 840 1592 quod
859 1533 927 1578 vir
946 1531 1076 1579 refert
1096 1547 1138 1579 et
1158 1532 1313 1579 doctus
1333 1547 1374 1580 et
1393 1533 1561 1593 elegans
1581 1537 1635 1580 A.
1659 1533 1857 1590 Gellius,s
1877 1552 1955 1581 cur

148 1613 288 1646 essent
310 1617 468 1646 uxores
492 1598 715 1646 ducendae
735 1600 956 1647 verissime
981 1599 1381 1661 elegantissimeque
1405 1599 1663 1661 expressit¹²⁸
1689 1602 1734 1647 in
1758 1619 1807 1648 ea
1827 1603 1955 1649 orati-

147 1684 233 1713 one
261 1685 393 1727 quam
420 1667 572 1714 habuit
599 1667 653 1714 ad
678 1672 917 1724 Romanos,
946 1686 1047 1715 cum
1075 1668 1127 1716 de
1150 1687 1199 1716 ea
1223 1687 1267 1716 re
1293 1669 1525 1716 consilium
1555 1670 1750 1717 iniretur:
1781 1671 1837 1717 ‘Si
1860 1671 1952 1717 sine

146 1738 313 1791 uxore,’
337 1736 495 1796 inquit,
518 1739 621 1782 ‘esse
640 1754 879 1796 possemus,
904 1737 1116 1795 Quirites,
1137 1755 1291 1784 omnes
1312 1755 1361 1784 ea
1379 1737 1579 1785 molestia
1599 1756 1857 1794 careremus,
1877 1738 1953 1785 sed

147 1804 358 1863 quoniam
384 1818 539 1850 natura
561 1804 622 1850 sic
646 1821 726 1850 nos
752 1805 939 1851 instituit
964 1819 1013 1851 ut
1037 1823 1117 1852 nec
1141 1805 1376 1852 commode
1402 1823 1503 1852 cum
1530 1805 1625 1862 illis,
1650 1824 1731 1853 nec
1753 1807 1845 1853 sine
1872 1806 1954 1853 illis

146 1870 238 1917 ullo
271 1870 409 1918 modo
440 1889 527 1918 esse
556 1872 786 1932 possimus,
820 1887 1055 1933 perpetuae
1084 1872 1211 1920 saluti
1240 1874 1389 1934 potius
1421 1892 1553 1934 quam
1582 1874 1704 1921 brevi
1733 1874 1952 1935 voluptati

146 1936 262 1985 est¹²⁹
314 1939 663 1986 consulendum.'
716 1944 884 1987 Nonne
933 1939 1253 2001 apertissime¹³⁰
1302 1941 1561 2002 significavit
1611 1942 1815 1990 molestas
1863 1961 1951 1990 esse

145 2024 303 2053 uxores
320 2007 493 2067 quando
511 2007 684 2068 quidem
704 2009 853 2068 inquit:
874 2009 927 2055 ‘Si
942 2010 1029 2055 sine
1047 2013 1213 2066 [uxore]
1230 2028 1313 2056 esse
1329 2028 1562 2070 possemus,
1581 2029 1733 2058 omnes
1749 2029 1796 2058 ea
1814 2011 1963 2058 moles—

146 2075 203 2121 tia
232 2077 503 2122 careremus'?
534 2075 814 2136 Voluptatem
847 2091 996 2123 contra
1025 2078 1112 2124 sine
1143 2077 1349 2125 uxoribus
1378 2079 1530 2134 vivere,
1562 2079 1767 2139 quoniam
1801 2077 1953 2126 dixit¹³¹

144 2157 374 2202 perpetuae
393 2143 516 2190 saluti
534 2145 680 2204 potius
700 2162 829 2204 quam
850 2144 968 2191 brevi
988 2145 1198 2206 voluptati
1219 2144 1326 2193 est¹³2
1346 2146 1677 2194 consulendum?

229 2214 350 2257 Nam
372 2211 494 2271 quod
516 2211 719 2258 hortatur
737 2212 791 2258 ad
808 2213 1022 2273 coniugia,
1046 2231 1138 2260 non
1159 2213 1203 2260 id
1222 2213 1419 2274 loquitur
1437 2214 1491 2261 ad
1508 2215 1736 2275 sapientes,
1759 2233 1950 2276 quorum

146 2293 208 2324 est
225 2296 399 2338 semper
417 2297 624 2326 numerus
646 2298 777 2340 quam
796 2281 1018 2337 minimus,
1040 2281 1116 2328 sed
1133 2281 1187 2328 ad
1203 2283 1414 2341 Quirites,
1433 2282 1509 2330 sed
1527 2282 1581 2330 ad
1596 2287 1845 2330 Romanam
1863 2283 1951 2344 ple-

145 2344 314 2402 bem,¹³³
354 2364 407 2393 ne
439 2347 585 2407 proles
620 2347 839 2396 deficeret.
872 2353 932 2396 At
968 2349 1011 2396 id
1044 2349 1098 2397 ad
1127 2351 1367 2411 sapientem
1403 2350 1511 2397 nihil
1545 2350 1805 2412 pertinet.¹³⁴
1841 2351 1952 2399 Illud

145 2414 199 2461 ad
224 2415 467 2475 sapientem
496 2414 696 2476 potius¹³⁵
728 2418 933 2477 pertinet,
962 2418 1029 2464 vel
1058 2419 1133 2479 qui
1162 2419 1247 2465 iam
1276 2434 1337 2466 est
1366 2419 1433 2466 vel
1463 2420 1538 2480 qui
1566 2438 1653 2467 esse
1683 2418 1871 2481 cupit,¹³⁶
1902 2435 1950 2467 ut

145 2500 194 2529 ea
207 2482 500 2543 undecunque
520 2485 751 2544 conquirat
768 2503 876 2545 quae
893 2485 1085 2542 beatum,
1105 2486 1251 2547 quoad
1267 2486 1362 2534 fieri
1379 2488 1423 2533 in
1444 2487 1523 2535 hac
1538 2489 1628 2535 vita
1641 2503 1801 2548 potest,
1820 2488 1954 2536 effici-

144 2548 293 2606 unt,¹³7
333 2552 457 2597 omni
498 2569 613 2608 cura,
651 2554 775 2598 omni
816 2553 1098 2613 aegritudine,
1135 2555 1258 2601 omni
1299 2555 1486 2616 denique
1524 2557 1711 2603 omnino
1752 2556 1952 2604 molestia

144 2633 380 2665 carentem.
402 2618 450 2665 Id
467 2637 574 2666 vero
591 2621 626 2666 si
648 2635 710 2667 est
730 2621 935 2681 sapientis
952 2623 1231 2682 propositum
1256 2637 1297 2670 et
1317 2637 1526 2684 tanquam
1544 2642 1715 2684 scopos,
1738 2639 1786 2671 ut
1806 2624 1948 2685 appel-

143 2685 234 2732 lant
261 2687 435 2742 Graeci,
460 2687 581 2747 quod
607 2687 811 2747 profecto
836 2688 953 2736 aliud
978 2707 1065 2736 esse
1094 2708 1185 2736 non
1210 2705 1369 2750 potest,
1398 2709 1489 2738 non
1516 2693 1662 2738 veniat
1688 2693 1733 2738 in
1761 2692 1945 2739 dubium

142 2770 242 2799 suae
265 2754 591 2814 tranquillitatis
611 2756 946 2815 perturbandae,
968 2757 1089 2817 quod
1112 2773 1263 2805 monet
1286 2759 1509 2818 Epicurus.

227 2824 338 2867 Non
359 2820 483 2868 facile
499 2837 625 2882 putet
645 2822 716 2869 illa
733 2823 1027 2884 Theophrasti
1047 2839 1257 2885 quattuor
1272 2843 1397 2886 posse
1420 2844 1692 2873 concurrere.
1713 2831 1823 2873 Non
1844 2827 1949 2874 desi-

143 2887 264 2934 deret
289 2887 404 2935 filios
430 2907 540 2949 quos
567 2890 720 2937 habeat
747 2890 924 2938 heredes
948 2906 989 2938 et
1014 2892 1166 2939 odium
1191 2894 1338 2953 potius
1365 2892 1549 2954 quam¹³⁸
1575 2894 1780 2941 solatium
1807 2913 1950 2942 senec·

222 3112 450 3159 ‘Avaovm
476 3117 643 3157 1,49,318.

222 3173 232 3187 ⁸
250 3169 416 3207 Metellus
434 3170 660 3215 Numidicus,
681 3185 808 3209 censor
825 3173 864 3209 in
884 3176 947 3210 102
965 3183 1025 3216 BC,
1043 3187 1099 3211 see
1118 3173 1233 3212 Aulus
1251 3174 1398 3218 Gellius,
1418 3178 1537 3212 Noeta
1552 3178 1687 3213 Atticae
1706 3177 1860 3219 1,vi,1-2.
