2118 3444
108 190 337 224 PRIVATE
363 189 590 223 LETTERS
1817 181 1898 220 171

108 326 471 374 Bartholomaeus
497 325 617 373 Scala
643 324 816 385 Angelo
844 324 1063 371 Politiano
1090 342 1171 371 suo
1197 324 1380 371 salutem
1409 323 1545 371 dicit.¹
1577 322 1909 371 Convenerant²

108 396 153 441 in
174 411 365 441 coronae
387 393 571 440 modum
595 392 788 453 quidam,
810 392 930 439 docti
951 391 1152 438 videlicet
1172 406 1213 438 et
1233 391 1411 438 litterati
1432 391 1647 447 homines,
1670 409 1719 438 ac
1737 409 1838 438 cum
1861 391 1913 438 de

106 462 260 509 studiis
282 462 344 521 (ut
365 460 453 508 fere
472 460 538 520 fit)
557 478 703 507 sermo
724 459 956 515 incidisset,
977 459 1030 506 de
1048 459 1152 507 divo
1171 460 1454 519 Hieronymo
1477 458 1751 519 frequentior
1768 460 1912 506 oratio

107 523 225 585 fuit,b
249 543 297 576 ut
320 546 374 575 ne
395 528 577 575 verbera
595 525 835 588 pateretur³
857 527 1034 588 quidem
1058 542 1158 574 ante
1178 527 1342 574 aeterni
1363 526 1519 574 Iudicis
1541 525 1768 582 tribunal‚⁴
1791 526 1913 587 quod

106 597 439 652 Ciceronianus,
464 614 555 643 non
578 610 725 643 autem
747 595 1036 651 Christianus,
1060 592 1202 651 esset,⁵
1222 593 1454 642 taceretur⁶
1472 594 1735 641 Theodorus
1758 598 1912 650 Gaza,c

106 666 181 726 qui
202 679 244 712 et
265 665 354 725 ipse
374 663 489 711 forte
510 663 671 719 aderat,
690 664 758 710 vir
773 663 991 724 profecto,
1013 678 1226 724 quantum
1246 681 1424 724 possum
1449 660 1546 723 ego⁷
1566 662 1755 710 iudicare
1776 662 1829 710 de
1847 662 1912 710 lit-

106 734 222 789 teris,
239 732 459 794 praeclara
476 732 740 793 eloquentia,
759 731 903 779 ridens
921 730 1057 779 facete
1073 731 1313 778 admodum
1333 746 1508 792 questus
1527 730 1688 778 dicitur
1704 731 1908 778 iniuriam

106 802 203 848 viro
222 798 514 848 sanctissimo⁸
536 801 874 847 immeritissime
897 799 1073 847 illatam.
1095 803 1158 846 Ita
1174 817 1274 846 cum
1295 800 1380 846 risu
1399 799 1542 846 soluta
1561 800 1714 846 contio
1734 813 1809 846 est.
1829 799 1914 846 Sed

106 887 318 930 quorsum
344 868 514 925 fabella,
539 869 720 929 inquies,
747 869 808 914 mi
832 867 1059 924 Politiane,
1085 867 1256 915 delitiae
1277 867 1396 915 urbis
1423 867 1570 914 huius?
1596 865 1846 926 Quoniam⁹
1870 882 1912 914 et

107 937 216 984 mihi
242 954 419 998 quoque
445 954 562 984 nunc
585 936 827 983 Theodoro
852 935 999 996 aliquo
1023 953 1133 996 opus
1159 950 1221 982 est
1245 936 1318 996 qui
1344 933 1449 982 me¹⁰
1473 936 1634 982 eximat
1659 935 1712 982 de
1734 936 1911 982 Cicero-

106 1006 342 1052 nianorum
366 1023 505 1065 grege.
528 1009 649 1051 Nam
675 1004 770 1064 quis
792 1018 854 1050 est
877 1003 1055 1050 tandem
1078 1004 1152 1064 qui
1176 1021 1245 1050 me
1268 1021 1451 1064 usquam
1476 1002 1763 1050 huiusmodill
1791 1018 1912 1050 nota·

106 1074 232 1129 verit,
256 1074 331 1133 qui
353 1090 407 1120 ne
430 1074 545 1120 inter
566 1072 848 1119 mediocriter
868 1071 1046 1132 quidem
1070 1071 1264 1119 eruditos
1286 1072 1594 1118 connumerari
1618 1072 1709 1118 iure
1732 1074 1911 1132 queam?

105 1145 210 1188 Sum
234 1141 353 1188 enim
375 1138 627 1201 quispiam¹²
652 1139 704 1187 de
723 1139 893 1200 populo
920 1141 968 1199 (si
992 1158 1116 1187 nosse
1140 1158 1209 1187 me
1229 1140 1307 1199 vis)
1333 1139 1607 1200 eloquentiae
1630 1140 1807 1186 Latinae
1827 1154 1912 1186 stu-

106 1208 253 1256 diosus
270 1223 590 1268 assectatorque
604 1222 734 1268 atque
748 1207 989 1255 admirator
1001 1208 1219 1255 bonarum
1235 1208 1409 1263 artium,
1427 1208 1515 1268 ipse
1531 1222 1681 1254 tamen
1695 1207 1912 1254 trivialem

105 1275 212 1323 vix¹³
235 1276 425 1337 aliquam
446 1276 745 1337 eloquentiam
766 1275 1101 1336 doctrinamque
1123 1290 1393 1323 consecutus.
1417 1280 1538 1322 Nam
1559 1290 1689 1322 testes
1707 1275 1912 1336 profecto

105 1346 180 1406 qui
200 1344 245 1392 id
263 1344 317 1392 ad
335 1359 378 1392 te
397 1344 613 1391 mendacii
632 1344 882 1391 detulerunt
903 1343 1058 1391 falsum
1079 1359 1122 1391 te
1140 1345 1350 1391 nimirum
1373 1344 1562 1391 habuere
1582 1362 1635 1391 ne
1656 1362 1726 1391 me
1746 1344 1911 1391 indicta

105 1431 231 1460 causa
252 1412 533 1460 condemnes.
560 1417 634 1459 An
656 1430 737 1473 ego
758 1412 1007 1460 Sallustium
1032 1430 1086 1459 an
1110 1413 1282 1459 Livium
1305 1412 1597 1473 despexerim?
1621 1415 1831 1471 Quorum
1857 1412 1911 1459 al-

105 1496 202 1528 tero
220 1481 329 1527 nihil
349 1482 394 1527 in
413 1481 647 1528 scribendo
666 1481 929 1541 ingeniosius
950 1495 1023 1528 aut
1042 1481 1232 1528 exactius
1249 1480 1523 1537 crediderim,
1542 1481 1716 1528 alterius
1734 1482 1914 1541 gravita-

104 1564 196 1597 tem
225 1550 438 1597 orationis
467 1564 596 1610 atque
625 1550 894 1596 maiestatem
922 1549 1126 1596 admirari
1153 1550 1253 1597 satis
1277 1567 1361 1610 pro
1390 1550 1557 1596 meritis
1586 1567 1720 1596 nemo
1747 1564 1907 1610 potest.

103 1622 225 1665 Nam
246 1617 368 1678 quod
387 1617 440 1665 de
457 1617 740 1677 Quintiliano
762 1617 882 1664 addis
899 1632 941 1664 et
957 1621 1119 1664 Seneca
1135 1632 1177 1664 et
1195 1617 1344 1665 Pliniis
1362 1617 1590 1674 ambobus,
1614 1617 1783 1664 diversa
1799 1618 1912 1664 ratio

105 1701 182 1742 est,
203 1686 328 1733 valde
350 1686 529 1746 quidem
550 1701 647 1733 tum
670 1686 798 1733 rebus
821 1687 934 1746 ipsis,
958 1701 1055 1733 tum
1078 1686 1338 1733 elocutionis
1361 1704 1516 1746 genere
1539 1686 1792 1746 disparibus.

183 1753 272 1801 Sed
289 1753 468 1814 quando
486 1754 541 1800 ad
558 1753 632 1800 has
649 1771 719 1800 me
738 1753 875 1800 modo
893 1754 1229 1814 disceptationes
1246 1753 1430 1814 eleganti
1448 1753 1631 1814 epistola
1648 1768 1723 1800 tua
1741 1772 1912 1800 revoca-

103 1821 254 1878 visti,¹⁴
282 1840 405 1882 agam
430 1840 511 1882 ego
535 1836 683 1869 tecum
709 1823 795 1869 iam
820 1820 1051 1878 amicius‚¹⁵
1077 1837 1124 1869 ut
1149 1822 1340 1878 voluisti,
1369 1837 1410 1869 et
1435 1822 1623 1869 liberius.
1651 1826 1762 1869 Non
1789 1823 1908 1869 enim

102 1890 253 1937 stilum
273 1908 353 1950 ego
371 1890 582 1937 duntaxat
601 1908 693 1937 non
710 1890 894 1951 probavi
913 1905 1040 1937 tuum
1059 1890 1294 1951 aliquando
1312 1891 1414 1951 quia
1430 1891 1560 1937 nimis
1580 1890 1783 1937 affectata
1795 1890 1911 1937 vide-

105 1972 226 2004 retur
244 1959 402 2013 orati0,
424 1957 500 2004 sed
520 1972 561 2004 et
581 1957 663 2004 alia
682 1957 859 2004 fuerunt
881 1959 926 2004 in
948 1958 1104 2018 quibus
1127 1976 1150 2005 a
1170 1959 1255 2005 tuis
1276 1976 1357 2018 ego
1376 1958 1661 2018 opinionibus
1687 1957 1811 2005 facile
1830 1958 1911 2005 dis-

102 2026 325 2072 sentirem.
349 2029 509 2086 Neque
530 2043 725 2086 unquam
747 2026 848 2072 satis
869 2024 1080 2086 dignam¹⁶
1102 2026 1254 2086 putavi
1275 2044 1446 2073 causam
1468 2044 1577 2087 quae
1599 2040 1741 2073 tantas
1760 2025 1908 2073 turbas

103 2094 251 2149 cieret,
271 2108 319 2140 ut
348 2093 552 2154 Vergilius
571 2094 834 2141 scriberetur
852 2112 935 2154 pro
964 2088 1174 2154 Vzrgilio,‘³
1195 2095 1284 2141 sive
1306 2112 1330 2141 a
1349 2094 1546 2150 verendo,
1569 2109 1617 2141 ut
1638 2094 1778 2141 videri
1799 2094 1910 2141 velle

102 2162 180 2217 vis,
215 2162 316 2222 quia
349 2176 390 2208 et
422 2160 710 2209 Parthenias¹⁷
742 2162 883 2209 dictus
913 2163 982 2218 sit,
1015 2163 1104 2210 sive
1137 2180 1160 2210 a
1190 2162 1383 2219 virendo,
1417 2180 1527 2223 quos
1560 2161 1737 2209 multo¹⁸
1773 2163 1908 2223 magis

100 2229 257 2290 placet.
286 2230 412 2288 Quid
439 2229 618 2277 tandem
646 2229 798 2290 flagitii
825 2245 887 2277 est
913 2231 947 2277 si
977 2230 1062 2277 hoc
1089 2230 1156 2277 vel
1185 2230 1261 2278 illo
1286 2231 1434 2291 potius
1463 2230 1601 2278 modo
1627 2232 1909 2292 pronunties?

102 2298 325 2344 Minutior
361 2298 486 2357 (mihi
521 2298 663 2358 crede)
699 2316 764 2345 res
797 2313 859 2345 est
893 2316 1024 2359 quam
1059 2317 1167 2359 quae
1201 2299 1319 2346 bona
1352 2299 1514 2346 diutius
1549 2300 1721 2359 ingenia
1755 2299 1909 2346 distor-

103 2363 284 2425 queat.¹⁹
306 2365 426 2412 Idem
446 2365 499 2413 de
518 2365 690 2413 duobus
711 2384 887 2427 quoque
909 2366 1123 2414 adverbiis
1141 2366 1341 2423 dixerim,
1363 2370 1514 2414 totiens
1533 2382 1574 2414 et
1590 2371 1795 2428 quotiens.
1819 2367 1909 2414 Pla-

103 2448 170 2480 cet
189 2433 269 2480 tibi
290 2451 339 2480 ea
356 2434 486 2480 scribi
506 2434 666 2494 absque
689 2452 718 2481 n
736 2434 894 2490 littera,
913 2449 955 2482 et
973 2435 1163 2482 arbitror
1181 2450 1406 2482 auctorem
1427 2435 1584 2482 habere
1604 2450 1647 2482 te
1665 2453 1714 2482 ac
1732 2453 1904 2482 causam

103 2519 182 2547 cur
209 2502 268 2548 ita
291 2501 471 2562 placeat.
500 2506 560 2548 At
589 2500 853 2549 videbatur²0
882 2502 1007 2549 aliter
1032 2504 1252 2549 Prisciano
1281 2503 1418 2549 nobili
1447 2504 1748 2563 grammatico,
1778 2503 1908 2563 idque

103 2587 203 2616 usus
224 2569 622 2629 comprobaverat.e
642 2574 768 2617 Num
789 2570 970 2631 capitale
988 2570 1117 2618 fuerit
1136 2572 1170 2618 si
1192 2570 1298 2631 quid
1314 2572 1505 2631 peccaris
1524 2571 1629 2618 tale?
1646 2575 1767 2618 Nam
1790 2570 1907 2618 intel-

182 2748 198 2773 Β
222 2756 287 2791 On
309 2757 347 2792 St
366 2757 539 2801 Jerome‘s
562 2755 694 2799 dream,
718 2755 896 2804 Epistulae,
921 2755 975 2794 ed.
1001 2759 1025 2793 Ι.
1050 2755 1211 2804 Hilberg,
1237 2758 1367 2805 Corpus
1387 2759 1589 2804 scriptorum
1614 2756 1905 2794 ecclesiasticorum

102 2805 305 2850 latinorum,
325 2811 368 2844 54
387 2807 706 2856 (Vienna-Leipzig,
730 2807 840 2856 1910),
863 2811 927 2845 190
945 2807 1071 2857 (ep.22)

182 2869 196 2883 ⁶
210 2866 275 2902 On
289 2867 397 2909 Gaza,
412 2865 606 2914 patrologia
622 2868 761 2910 Graeca,
780 2870 840 2904 161
859 2866 977 2914 (Paris,
997 2867 1107 2915 1866),
1122 2866 1190 2904 col.
1206 2870 1398 2911 971-1014;
1414 2869 1460 2905 G.
1475 2868 1594 2915 Voigt,
1609 2869 1677 2904 Die
1696 2866 1907 2904 Wiederbele-

103 2916 196 2964 bung
207 2916 263 2954 des
275 2916 464 2955 classischen
478 2917 702 2962 Alterthums,
720 2921 817 2962 1893,
834 2932 925 2967 repr.
941 2918 1071 2962 Berlin,
1089 2922 1185 2962 1960,
1202 2922 1232 2956 Π
1249 2922 1390 2957 143-46.
1408 2922 1465 2956 He
1479 2918 1671 2956 translated
1684 2919 1844 2956 Cicero's
1856 2920 1912 2956 De

99 2978 266 3006 senectute
282 2968 353 3006 and
370 2971 552 3007 Somnium
570 2971 733 3018 Scipionis
750 2969 848 3007 from
867 2971 971 3008 Latin
987 2971 1065 3008 into
1083 2970 1214 3008 Greek.

181 3021 198 3046 ‘¹
215 3027 491 3127 Sffioliziano,
507 3028 730 3072 Miscellanea,
749 3033 870 3077 cap.77
890 3029 967 3077 (Ly,
985 3029 1142 3077 645-49);
1163 3031 1264 3077 ‘Quo
1281 3041 1491 3077 argumento
1510 3028 1702 3067 dicendum
1719 3028 1905 3077 Vexgilius,

103 3092 181 3116 non
196 3080 240 3116 V'
288 3080 295 3086 '
311 3080 389 3117 ius.’

183 3142 195 3156 ⁶
212 3138 378 3181 Priscian,
394 3139 450 3175 De
457 3138 582 3186 figuris
599 3152 824 3176 numerorum
839 3139 934 3183 liber,
952 3153 1026 3188 cap.
1045 3143 1100 3183 27,
1118 3140 1156 3176 in
1174 3141 1405 3177 Grammatici
1420 3142 1548 3183 Latini,
1568 3139 1621 3177 ed.
1642 3142 1690 3176 H.
1707 3139 1797 3182 Keil,
1817 3153 1909 3187 repr.

104 3188 339 3232 Hildesheim‚
362 3193 460 3233 1961,
481 3192 527 3226 III
543 3193 622 3227 415.
