2118 3444
192 154 284 194 264
1802 161 1939 194 PART
1965 162 1996 194 V

278 296 533 356 Philippum
567 313 742 356 quoque
774 295 1082 351 Macedonem,
1112 296 1350 343 Alexandri
1380 295 1502 343 eius⁴⁶
1531 311 1716 357 patrem,
1747 298 1816 344 cui
1845 297 1902 344 ob
1934 315 2000 345 res

192 379 330 425 gestas
358 369 526 424 Magno
557 363 639 410 fuit
669 361 968 423 cognomen,⁴7
1000 361 1185 410 dicunt⁴⁸
1216 363 1451 424 aliquando
1481 363 1535 411 ad
1561 382 1745 411 uxorem
1775 365 1998 412 introeun—

194 447 284 479 tem
312 432 364 479 ab
391 433 499 479 irata
524 431 651 478 fuisse
681 431 918 487 exclusum,
948 446 1076 492 atque
1102 431 1224 478 illum
1254 431 1361 478 nihil
1391 431 1559 488 dixisse,
1586 432 1661 479 sed
1685 450 1811 480 versu
1838 433 2003 493 tragico

195 500 307 547 hanc
333 501 538 547 iniuriam
568 499 695 546 fuisse
722 514 1013 560 persecutum.
1043 497 1236 546 Iratam⁴⁹
1262 499 1374 547 dicet
1399 518 1583 547 uxorem
1610 498 1810 547 bonam⁵0
1840 500 2000 562 Philip-

191 587 286 629 pus,
313 569 388 629 qui
409 582 477 615 tot
499 567 769 628 populorum
798 568 879 615 iras
901 567 1167 615 dominavit?

277 641 389 683 Non
420 654 530 697 opus
560 654 647 683 esse
676 633 899 683 arbitror51
930 650 978 683 ut
1005 635 1131 696 plura
1160 635 1358 697 exempla
1386 636 1670 684 accumulem.
1701 638 1851 684 Sentio
1880 638 1998 684 enim

194 723 286 752 non
314 704 505 752 multum
535 719 576 751 te
603 704 808 751 adhibere
835 703 939 751 fidei
962 705 1166 765 Epicuro,
1196 722 1336 765 neque
1363 703 1635 761 immerit0‚⁵2
1663 706 1697 752 si
1725 706 1769 752 in
1795 705 1998 753 suavibus

193 772 520 820 titillationibus
551 773 748 833 corporis
778 790 1002 819 summum
1034 770 1254 828 bonum,⁵³
1285 787 1332 820 ut
1362 791 1515 820 omnes
1544 772 1632 820 fere
1659 773 1824 830 dicunt,
1852 775 1994 834 ponit.

191 841 330 888 Nulla
350 842 469 888 enim
490 859 577 887 vox
595 841 742 901 potuit
765 859 852 887 esse
872 840 1084 888 abiectior
1101 855 1157 897 et,
1176 855 1224 888 ut
1244 841 1353 887 mihi
1374 841 1551 902 quidem
1571 841 1758 898 videtur,
1778 841 2001 890 effemina-

193 907 330 966 tior,5⁴
347 927 395 956 ac
421 907 592 969 magis⁵⁵
620 927 766 969 coquo
794 923 835 956 et
857 910 1035 969 pistore,
1052 908 1215 956 nedum
1240 909 1523 970 philosopho,
1544 909 1673 970 digna
1695 911 1923 958 sententia.
1938 914 1999 958 At

193 977 351 1024 eodem
382 995 474 1023 non
503 978 669 1037 poteris
697 991 829 1037 pacto
859 975 1093 1037 effugisse⁵⁶
1123 976 1492 1038 Theophrastum,
1526 977 1847 1025 nobilissimum
1882 979 1998 1025 Aris-

193 1045 340 1092 totelis
371 1044 633 1105 discipulum
667 1045 1092 1105 Peripateticumque
1123 1059 1164 1092 et
1193 1044 1389 1101 doctum,
1422 1060 1463 1092 et
1492 1045 1613 1106 quod
1644 1045 1755 1093 illius
1787 1043 2000 1107 quoque⁵⁷

193 1131 360 1160 nomen
394 1127 591 1169 testatur,
623 1111 915 1173 elegantem.⁵⁸
950 1117 987 1160 Is
1020 1111 1184 1173 igitu1⁵⁹
1218 1114 1262 1159 in
1295 1113 1409 1160 libro
1443 1132 1574 1174 quem
1606 1114 1774 1175 scripsit
1807 1113 1860 1161 de
1892 1132 1999 1175 nup-

192 1183 295 1238 tiis,g
324 1182 510 1242 sapienti
540 1199 767 1242 nunquam
800 1181 1045 1228 ducendam
1071 1196 1196 1242 putat
1224 1179 1444 1229 uxorem⁶⁰
1474 1182 1555 1229 nisi
1583 1200 1683 1229 cum
1712 1181 1895 1243 pulchra
1923 1197 1999 1239 est,

193 1268 294 1297 cum
319 1249 430 1296 bene
454 1264 638 1306 morata,
661 1267 762 1296 cum
787 1249 980 1296 honestis
1003 1264 1100 1296 orta
1118 1249 1385 1310 parentibus,
1412 1268 1512 1297 cum
1535 1249 1714 1297 tandem
1735 1251 1904 1311 sapiens
1927 1251 2002 1312 qui

193 1318 403 1366 ducturus
437 1316 526 1365 sitf’l
560 1317 801 1365 valitudine
833 1319 886 1365 sit
922 1319 1091 1379 optima
1123 1336 1171 1366 ac
1202 1316 1637 1366 confirmatissima.⁶²
1670 1322 1731 1366 At
1765 1318 1870 1367 haec
1901 1337 2000 1367 raro

192 1387 473 1447 reperiuntur
492 1386 621 1433 simul
646 1387 808 1434 omnia.
834 1391 952 1434 Raro
972 1387 1103 1447 igitur
1123 1386 1346 1434 concludit
1366 1388 1550 1448 sapienti
1572 1387 1762 1435 ineunda
1783 1388 1996 1448 coniugia.

277 1460 409 1511 Raro,
439 1456 596 1516 inquis,
626 1454 950 1516 Theophraste?
981 1454 1106 1514 Quid
1132 1456 1166 1502 si
1196 1453 1455 1516 nunquamf'3
1486 1456 1665 1517 reperiri
1693 1470 1904 1517 quattuor
1928 1455 2001 1503 illa

190 1521 356 1570 simul⁶⁴
383 1525 589 1584 possunt?
607 1528 671 1570 Ut
697 1524 815 1570 enim
842 1525 1047 1570 omittam
1071 1523 1460 1584 pulchritudinem,
1478 1522 1621 1584 quae⁶⁵
1648 1539 1689 1571 et
1714 1525 1803 1584 ipsa
1825 1525 1859 1571 si
1886 1542 2000 1571 mor-

191 1592 271 1639 bos
293 1591 523 1652 aufugerit,
545 1589 745 1648 tamen,⁶⁶
764 1606 812 1638 ut
834 1606 1142 1652 corrumpatur
1163 1607 1300 1639 aetate
1319 1610 1489 1639 necesse
1510 1607 1571 1639 est
1591 1593 1737 1653 sicque
1758 1592 1997 1639 vivendum

190 1661 390 1720 sapienti,
418 1661 497 1707 etsi
522 1660 694 1707 duxerit
717 1659 947 1720 pulchram
974 1658 1209 1716 uxoremst7
1235 1678 1335 1707 cum
1362 1660 1564 1716 deformi,
1592 1678 1768 1708 morum
1795 1660 1999 1721 profecto

192 1728 311 1775 nulla
329 1742 475 1788 potest
495 1746 582 1774 esse
601 1742 718 1774 certa
733 1729 974 1787 vestigatio.
994 1727 1067 1774 Ad
1085 1728 1169 1775 hoc
1190 1729 1307 1775 enim
1327 1728 1448 1788 quod
1466 1728 1677 1788 quotidie,
1695 1729 1741 1774 in
1760 1728 2000 1775 iuvenculis

189 1796 462 1856 praesertim,
488 1796 794 1851 immutantur,
822 1793 1016 1842 merito⁶⁸
1043 1797 1328 1856 conqueritur
1351 1795 1468 1843 idem
1490 1796 1819 1856 Theophrastus
1845 1810 2003 1843 cetera-

192 1882 291 1911 rum
317 1865 520 1910 omnium
549 1863 637 1911 fere
660 1882 806 1910 rerum
832 1863 1073 1911 faciliorem
1098 1863 1223 1911 nobis
1251 1882 1337 1911 esse
1359 1865 1766 1925 perscrutationem.
1792 1865 1996 1921 Asinum,

191 1932 368 1988 bovem,
392 1950 569 1992 equum,
593 1950 758 1992 agrum,
781 1932 966 1979 domum
989 1946 1030 1979 et
1050 1930 1225 1979 cetera⁶⁹
1249 1932 1374 1980 huius
1396 1933 1563 1993 generis
1581 1933 1616 1979 si
1638 1950 1781 1979 emere
1799 1932 1998 1989 velimus,

192 2001 317 2047 omni
357 2000 581 2060 diligentia
618 1999 813 2047 adhibita
848 2001 954 2048 vitia
989 2001 1109 2061 prius
1147 2001 1415 2061 virtutesque
1452 2001 1664 2048 rimamur
1701 2000 1831 2062 idque
1869 2001 2001 2048 etiam

193 2069 428 2116 hominum
466 2068 783 2116 consuetudine
817 2070 876 2116 ita
904 2069 1119 2130 probatur
1150 2084 1198 2116 ut
1232 2069 1385 2130 dignos
1416 2069 1541 2117 laude
1575 2070 1871 2117 existimemus
1905 2087 1999 2117 cau·

191 2152 361 2197 tosque,
386 2137 508 2197 quod
531 2137 656 2184 dolos
680 2152 874 2194 caveant,
896 2137 1175 2198 appellamus,
1198 2138 1232 2184 si
1255 2138 1329 2198 qui
1351 2138 1396 2184 in
1420 2137 1685 2185 eiuscemodi
1708 2137 1835 2185 rebus
1857 2137 2000 2198 decipi

190 2223 233 2252 se
251 2223 343 2252 non
362 2206 519 2252 sinant.
538 2205 658 2252 Solas
674 2223 832 2252 uxores
850 2206 969 2266 prius
989 2205 1145 2253 habere
1163 2220 1339 2267 oportet
1358 2224 1489 2267 quam
1506 2207 1740 2267 quicquam
1759 2205 1840 2253 tibi
1856 2220 1997 2253 osten·

191 2274 333 2330 datur,
351 2274 440 2320 sive
459 2275 656 2334 corporis
675 2288 848 2334 praeter
863 2273 1033 2330 faciem,
1054 2292 1184 2334 quam
1203 2275 1334 2321 etiam
1353 2275 1499 2321 nescio
1518 2292 1572 2321 an
1589 2292 1784 2335 unquam
1803 2288 1999 2335 apertam

191 2360 239 2388 ac
263 2360 355 2388 non
379 2343 528 2402 potius
557 2341 748 2389 fucatam
772 2343 1113 2403 inviscatamque
1139 2343 1377 2403 conspicias
1408 2342 1538 2402 (unde
1563 2340 1741 2403 inquit7O
1769 2342 1995 2398 Iuvenalis,

193 2414 259 2457 ‘Et
284 2410 430 2457 miseri
453 2411 675 2457 viscantur
694 2410 814 2457 labra
836 2404 1050 2470 mariti’),h
1072 2411 1160 2457 sive
1183 2411 1357 2470 ingenii,
1382 2428 1471 2471 quo
1494 2410 1602 2457 nihil
1626 2425 1687 2458 est
1710 2410 1935 2458 occultius.

276 2477 362 2524 Illis
400 2475 552 2533 enim]
556 2476 567 2502 ¹
605 2477 672 2524 vel
709 2477 969 2524 docentibus
1004 2478 1215 2525 matribus
1249 2478 1317 2525 vel
1354 2478 1595 2525 nutricibus
1631 2475 1994 2525 instituentibus⁷²

190 2545 258 2592 vel
293 2546 393 2606 ipsis
425 2563 506 2605 per
535 2563 578 2592 se
612 2543 798 2592 natura73
834 2545 887 2592 ad
918 2545 1158 2592 fallendum
1191 2546 1433 2606 aptissimis,
1470 2545 1578 2591 nihil
1611 2560 1672 2592 est
1706 2563 1758 2592 ex
1789 2545 1995 2592 omnibus

192 2611 354 2660 rebus⁷⁴
395 2613 638 2660 simulatius
678 2628 726 2660 ut
766 2631 819 2660 ne
857 2613 1058 2660 lacrimae
1097 2613 1275 2674 quidem
1315 2611 1491 2660 desint⁷⁵
1529 2614 1563 2660 si
1603 2631 1772 2660 necesse
1809 2613 1877 2660 sit.
1917 2612 2001 2660 Sed

191 2681 331 2729 nolim
353 2682 398 2727 in
419 2681 484 2729 his
502 2681 629 2729 rebus
649 2700 735 2729 esse
753 2681 921 2742 longus,
945 2700 1053 2743 quae
1071 2697 1113 2729 et
1130 2683 1175 2728 in
1192 2697 1404 2743 promptu
1424 2696 1523 2729 sunt
1542 2681 1748 2729 omnibus
1769 2696 1811 2729 et
1828 2681 1880 2729 ab
1899 2681 1999 2729 doc-

190 2751 366 2797 tissimis
390 2751 493 2797 viris
515 2764 556 2797 et
578 2751 732 2797 Latina
751 2765 792 2797 et
813 2764 962 2797 nostra
982 2748 1162 2810 lingua⁷⁶
1186 2750 1425 2797 decantata.
1445 2750 1584 2809 Quod
1605 2750 1639 2797 si
1662 2750 1742 2797 tibi
1762 2749 1994 2810 impudicis

189 2819 243 2865 sit
274 2836 388 2865 uxor
418 2818 629 2874 moribus,
663 2816 748 2865 ut⁷⁷
779 2818 953 2865 videtur
982 2818 1194 2865 Iuvenalis
1224 2836 1376 2865 omnes
1408 2818 1495 2865 fere
1525 2818 1765 2879 impudicas
1796 2835 1994 2874 asserere,

191 2905 292 2933 cum
317 2887 473 2946 inquit:

271 3115 285 3137 ἕ
302 3114 339 3149 St
354 3115 508 3158 Jerome,
526 3111 615 3149 Adv.
631 3114 743 3158 Jovin.
768 3114 929 3155 1,47‚313.

272 3163 288 3188 ¹²
302 3168 463 3215 JuvenaJ,
482 3171 561 3212 Sat„
581 3171 720 3212 vl,463.
