2118 3444
196 165 288 206 326
1806 169 1943 203 PART
1968 170 1999 202 v

197 310 441 371 quibusque
475 309 590 365 hera,
621 326 729 369 quae
759 307 930 355 occlusa
960 308 1075 354 intus
1105 307 1293 363 turbam,
1325 308 1497 368 opinor,
1529 308 1699 363 vitaret,
1725 307 2006 368 stipendiaria

197 393 300 426 erat.
326 377 398 424 Ad
422 378 677 424 interiorem
702 391 878 437 portam
904 394 1003 423 cum
1030 390 1135 422 esset
1159 390 1341 422 ventum
1369 376 1433 435 (ea
1453 393 1559 422 vero
1582 373 1773 422 clausa¹⁵⁴
1799 390 1840 422 et
1863 390 2003 422 custo-

197 446 287 493 dita
309 446 431 506 erat),
453 445 623 506 pulsare
646 444 822 505 placuit.
849 445 1014 498 Ianitor
1036 462 1136 490 cum
1162 444 1464 490 intromisisset
1490 444 1761 504 venissetque
1784 442 2004 490 Valetudo

198 516 242 560 in
263 515 530 575 penitiorem
554 513 712 560 domus
733 527 918 573 partem,
941 530 1155 572 quaenam
1177 511 1357 558 domina
1378 526 1499 567 esset,
1522 511 1712 571 rogabat.
1737 511 2002 572 Complures

197 583 330 638 enirn,
358 600 467 642 quae
492 581 631 628 videri
654 595 846 641 possent,
873 581 1088 627 continuo
1116 579 1427 626 offerebantur.
1453 584 1513 626 Ea
1537 597 1643 626 vero
1666 580 1880 626 semotior
1903 597 2004 626 cum

197 650 376 698 tandem
401 650 635 710 aperuisset
660 648 847 704 vultum,
875 648 1003 709 digna
1025 649 1306 695 veneratione
1330 648 1418 694 visa
1442 662 1515 694 est.
1541 648 1832 694 Continentia
1856 647 2006 694 asside-

196 719 302 766 bant
324 719 506 779 propius
532 732 661 778 atque
680 717 958 763 Exercitatio.
982 721 1042 763 Ea
1062 716 1273 772 consulta,
1298 717 1356 762 ita
1375 715 1612 776 respondit:
1639 715 1900 762 ‘Periculum
1922 715 2003 762 tibi

197 805 220 834 a
242 788 326 834 tuis
351 787 480 832 instat
504 785 717 832 manibus.
743 787 806 831 Te
829 784 1090 831 observato.’

974 925 1039 967 65.
1063 921 1233 967 Veritas

196 1029 322 1072 Duae
366 1025 534 1085 egregia
574 1023 815 1071 admodum
860 1023 1003 1070 forma
1045 1022 1246 1070 mulieres
1289 1022 1658 1083 triumphantium
1702 1040 1839 1082 paene
1881 1039 2004 1069 more

197 1093 387 1141 eundem
409 1093 484 1140 sed
507 1092 698 1139 diversae
719 1091 977 1139 latissimum
1000 1109 1079 1152 per
1100 1109 1304 1152 campum
1328 1090 1600 1138 incedebant.
1624 1091 1688 1147 Ei,
1710 1108 1819 1151 quae
1842 1104 1932 1137 erat
1951 1090 2006 1137 ad

197 1162 437 1217 dexteram,
463 1162 645 1208 vestitus
673 1160 755 1207 fuit
783 1178 1027 1220 purpureus
1060 1161 1318 1206 intertextus
1346 1177 1466 1215 auro,
1495 1160 1569 1219 qui
1598 1159 1652 1205 ad
1678 1173 1839 1206 terram
1866 1176 2002 1219 usque

195 1229 421 1290 profusior
439 1230 517 1276 etsi
535 1228 725 1275 multum
746 1229 872 1288 spatii
891 1242 1138 1288 occuparet,
1157 1242 1304 1274 tamen
1322 1227 1522 1274 nondum
1544 1226 1764 1287 nymphae
1784 1227 1907 1287 operi
1925 1244 2006 1273 suo

197 1313 440 1345 extremam
459 1314 639 1343 manum
659 1297 970 1356 imposuerant.
993 1299 1088 1342 Ora
1104 1296 1248 1342 omnis
1266 1296 1430 1342 circum
1448 1296 1590 1341 insuta
1608 1309 1736 1355 atque
1752 1293 2010 1354 imperfecta

197 1361 500 1426 apparebat.¹⁵⁵
536 1364 728 1412 Tabulae
763 1365 957 1424 ingentes
992 1364 1058 1423 (ex
1092 1363 1223 1410 cedro
1255 1364 1368 1410 visae
1402 1364 1516 1423 sunt)
1554 1377 1676 1410 erant
1709 1363 1753 1408 in
1788 1362 2000 1409 manibus.

197 1435 291 1493 Qui
316 1448 423 1480 esset
449 1434 600 1493 capitis
623 1447 815 1488 ornatus,
842 1450 933 1478 non
958 1431 1367 1492 deprehendebatur
1387 1432 1499 1478 satis.
1525 1435 1661 1491 Reges
1684 1448 1779 1477 earn
1803 1431 2004 1486 inermes,

197 1502 366 1557 armati,
390 1501 634 1561 purpurati,
663 1500 769 1547 nudi
794 1514 922 1560 atque
946 1501 1230 1560 imperatores
1254 1499 1560 1559 sequebantur,
1584 1499 1803 1559 principes
1829 1516 2004 1559 quoque

197 1571 277 1631 ipsi
300 1584 341 1616 et
361 1569 674 1630 gubernatores
694 1568 978 1629 populorum,
1005 1567 1079 1614 ubi
1103 1568 1232 1614 etiam
1255 1568 1469 1627 imprimis
1493 1570 1696 1622 Cosmus,
1721 1567 1888 1613 Patriae
1908 1583 2003 1613 nos-

197 1634 341 1685 trae¹⁵⁶
382 1641 522 1693 Pater,
563 1636 859 1697 comparebat,
899 1654 1016 1696 pone
1058 1635 1377 1696 gradiebantur.
1419 1639 1594 1695 Operae
1634 1635 1826 1695 pretium
1867 1630 2004 1681 fuit¹⁵⁷

197 1724 352 1753 omnes
386 1705 472 1752 illic
504 1706 704 1752 nationes
736 1722 971 1764 earumque
1004 1704 1201 1750 instituta
1232 1718 1273 1750 et
1304 1721 1448 1750 mores
1482 1704 1673 1763 ritusque
1705 1720 1932 1749 sacrorum
1963 1716 2004 1749 et

197 1774 485 1821 caerimonias
506 1773 760 1834 percepisse.
785 1773 992 1819 Universi
1015 1771 1193 1819 tandem
1217 1771 1333 1818 orbis
1358 1789 1498 1832 neque
1520 1786 1735 1818 terrarum
1758 1769 1909 1826 modo,
1933 1769 2009 1817 sed

198 1843 328 1889 maris
360 1860 536 1902 quoque
569 1856 610 1888 et
640 1859 851 1901 aquarum
883 1841 1085 1887 omnium
1118 1840 1300 1900 gloriam
1333 1839 1490 1886 mulier
1518 1839 1599 1886 sibi
1631 1838 2005 1885 confidentissime

197 1906 507 1958 vindicarat.158
547 1905 832 1970 Praecepta159
874 1909 964 1969 ipsa
1002 1908 1178 1955 vivendi
1217 1923 1344 1969 atque
1382 1907 1724 1968 expetendarum
1765 1906 2006 1967 fugiendar-

197 1997 361 2039 umque
386 1996 533 2025 rerum
558 1979 775 2025 rationem
798 1995 821 2024 a
841 1995 883 2024 se
907 1995 993 2024 esse
1016 1976 1225 2037 capienda
1243 1976 1386 2037 palam
1408 1975 1714 2036 profitebatur.

283 2047 436 2094 Altera
452 2061 542 2093 erat
560 2046 614 2093 ad
629 2046 811 2102 laevam,
830 2063 938 2106 quae
957 2046 1035 2092 etsi
1054 2046 1226 2091 minora
1243 2044 1375 2105 paulo
1396 2059 1524 2105 atque
1541 2044 1784 2091 astrictiora
1800 2042 2004 2090 deambu-

198 2115 331 2163 lando
350 2116 488 2176 spatia
508 2114 761 2170 conficeret,
781 2129 930 2161 tamen
951 2128 992 2161 et
1011 2114 1101 2174 ipsa
1122 2113 1229 2160 nihil
1252 2113 1332 2160 sibi
1355 2114 1588 2173 quicquam
1612 2113 1755 2159 minus
1778 2111 2005 2172 arrogabat

196 2184 455 2244 plectroque
482 2198 523 2230 et
549 2182 715 2230 cithara
739 2183 915 2242 insignis
944 2197 985 2229 et
1009 2181 1270 2228 versicolore
1297 2181 1430 2242 pallio
1458 2196 1498 2228 et
1523 2180 1679 2228 laurea.
1707 2185 1829 2227 Haec
1853 2184 2004 2226 Iovem

199 2269 375 2312 quoque
397 2252 540 2312 ipsum
563 2265 692 2311 atque
709 2268 842 2297 omne
864 2250 1048 2297 deorum
1069 2268 1201 2310 genus
1222 2267 1270 2296 ac
1288 2249 1467 2296 dearum
1487 2249 1540 2296 ad
1556 2267 1599 2296 se
1620 2247 1937 2295 honestandam
1959 2248 2005 2294 in

199 2338 294 2367 eam
316 2320 433 2367 diem
455 2320 732 2375 excitaverat,
749 2333 796 2366 ut
819 2337 871 2366 ne
893 2322 1028 2365 Panes
1047 2318 1224 2379 quidem
1246 2333 1287 2365 et
1306 2317 1467 2365 Silvani
1487 2318 1714 2378 Satirique,
1735 2317 1814 2364 etsi
1835 2315 1896 2363 illi
1916 2316 2006 2377 qui-

199 2388 299 2435 dem
339 2389 615 2448 procaciores
656 2406 742 2434 esse
783 2383 1104 2443 consuerint,160
1146 2405 1246 2433 cum
1287 2401 1381 2433 tota
1417 2386 1545 2433 simul
1588 2385 1774 2432 fecunda
1811 2400 1853 2432 et
1893 2384 2007 2432 clara

197 2457 406 2516 progenie
431 2474 479 2503 ac
500 2456 714 2502 comitatu
734 2455 933 2502 Thetidis
955 2473 1046 2501 non
1070 2454 1288 2501 affuerint.
1312 2455 1480 2501 Omnia
1503 2455 1667 2500 circum
1691 2453 1787 2500 loca
1806 2452 2005 2499 cantibus

199 2524 515 2584 multiplicibus
546 2538 587 2570 et
612 2523 831 2583 rhythmis
860 2523 1120 2570 resonabant
1149 2537 1189 2569 et
1214 2522 1424 2582 figmenta
1450 2522 1569 2582 quasi
1594 2522 1789 2582 picturae
1816 2520 2005 2567 mirabili

199 2592 389 2639 artificio
409 2593 569 2652 passim
595 2591 988 2652 conspiciebantur.

283 2661 454 2707 Veritas
476 2674 622 2707 autem
646 2659 790 2706 media
811 2660 925 2706 inter
947 2658 1020 2705 has
1041 2659 1174 2714 stetit,
1196 2658 1318 2705 nullo
1343 2658 1591 2705 adventicio
1611 2671 1784 2713 ornatu,
1808 2657 1898 2717 ipsa
1919 2657 2005 2703 suis

199 2742 410 2775 contenta
427 2727 590 2774 divitiis
611 2742 652 2774 et
672 2728 975 2787 incompositis
1000 2742 1127 2787 atque
1147 2727 1382 2787 incomptis
1406 2726 1610 2781 crinibus,
1633 2726 1707 2785 qui
1726 2725 1905 2785 dispersi
1925 2742 2005 2784 per

199 2797 453 2842 universum
476 2813 634 2856 corpus
658 2796 778 2855 quasi
799 2795 900 2841 solis
924 2795 1031 2841 radii
1051 2794 1206 2841 decore
1227 2793 1467 2841 admodum
1490 2794 1639 2840 omnia
1661 2793 1825 2839 circum
1847 2791 1944 2838 loca
1964 2791 2008 2837 il-

199 2864 454 2911 lustrabant.
482 2868 542 2910 Ea
565 2881 672 2910 vero
697 2864 775 2910 etsi
801 2863 1004 2910 delectari
1025 2862 1190 2910 cithara
1213 2877 1253 2909 et
1278 2877 1407 2909 cantu
1434 2862 1566 2921 magis
1590 2861 1832 2916 videbatur,
1857 2874 2006 2907 tamen

202 2931 338 2978 modo
365 2931 490 2987 hanc,
516 2931 653 2977 modo
680 2931 798 2977 illam
825 2932 869 2976 in
894 2945 1064 2991 partem
1089 2930 1316 2990 benignius
1342 2929 1624 2976 convertebat
1649 2928 1812 2975 oculos.
1841 2927 2003 2974 Eadem

200 3017 377 3059 quoque
399 3000 566 3059 saepius
589 2999 642 3045 ad
660 3016 748 3045 sese
770 3016 978 3044 conversa
998 2999 1221 3057 utriusque
1243 2997 1436 3044 studium
1458 3013 1756 3056 pompamque
1780 3010 1821 3042 et
1843 2994 2003 3042 fastum

199 3066 385 3126 simplex
410 3067 499 3126 ipsa
522 3080 721 3126 castaque
744 3080 784 3112 et
805 3066 943 3125 gravis
966 3064 1289 3112 contemnebat.

285 3138 542 3194 Spectavere
554 3134 698 3194 superi
717 3148 845 3193 atque
860 3132 1001 3189 inferi,
1021 3147 1061 3179 et
1077 3133 1278 3179 omnium
1298 3149 1510 3178 consensu
1529 3132 1698 3177 Veritas
1712 3131 1874 3190 primas
1891 3129 2004 3176 tulit.
