2118 3444
114 160 343 195 PRIVATE
370 160 597 194 LETTERS
1827 154 1913 195 183

114 298 418 345 Curiatiorum
443 298 824 357 Horatiorumque
846 296 1086 357 sepulchra.
1110 297 1251 344 Culex
1274 298 1415 344 maior
1436 312 1498 344 est
1519 315 1651 358 quem
1672 313 1719 345 tu
1741 316 1793 344 ex
1813 316 1925 358 aqua

113 380 263 412 ortum
289 365 403 412 inter
423 379 620 412 monstra
642 379 717 411 tua
738 363 965 424 confingis.
992 368 1052 411 At
1075 367 1269 411 Graecus
1290 365 1675 412 excellentissimus
1696 380 1829 426 poeta
1849 365 1924 413 tel-

113 433 217 480 luris
244 432 403 480 animal
433 432 619 493 appellat
643 435 787 488 γαίης
814 434 1051 477 κνώδαλα
1078 434 1365 489 διπτέρνγαέ.
1396 433 1605 480 Putavisti
1632 432 1851 480 facturum
1879 448 1921 481 te

114 501 223 548 mihi
251 500 518 548 beneficium
548 501 582 548 si
611 515 821 561 tanquam
850 501 895 546 in
923 500 1102 561 speculo
1130 518 1199 548 me
1229 500 1337 547 mihi
1366 500 1629 548 ostenderes.
1660 506 1844 549 Larvam
1873 517 1921 549 tu

113 568 223 615 mihi
244 586 388 616 meam
408 568 651 624 ostendisti,
671 586 757 628 qua
775 568 884 615 adeo
903 569 992 629 ipse
1013 569 1320 625 contremisco,
1340 570 1375 616 si
1394 569 1572 630 quando
1593 570 1637 615 in
1659 587 1754 616 eam
1775 570 1923 617 incido

113 637 388 693 necessarius,
410 651 457 684 ut
480 636 587 682 nihil
610 637 743 696 magis
763 654 844 696 ego
863 637 948 684 iam
970 636 1022 684 de
1042 636 1252 684 industria
1273 636 1496 698 refugiam.
1519 638 1695 685 Rectius
1716 637 1868 685 feceris
1884 639 1919 685 si

111 719 159 752 tu
181 719 224 752 te
246 705 474 765 aspexeris,
500 722 632 764 quem
656 705 735 751 ista
758 705 908 752 aetatis
928 704 1183 752 deformitas
1206 723 1298 752 non
1322 706 1473 765 tangit.
1497 705 1647 752 Multo
1670 705 1715 753 id
1737 706 1818 753 tibi
1841 707 1922 753 erit

111 772 260 819 utilius
283 773 317 819 si
341 772 411 819 ille
434 786 642 819 contutus
665 771 820 819 falsum
845 772 897 819 de
916 772 1129 833 pulmone
1154 772 1334 820 revellit.

195 841 442 901 Expurgavi
467 841 567 896 iam,
588 841 650 886 mi
671 840 899 896 Politiane‚
919 842 1051 896 virus,
1072 840 1193 901 quod
1213 855 1312 888 tuae
1329 841 1498 888 litterae
1518 842 1776 889 excitarunt.
1796 842 1924 889 Redii

110 908 165 956 ad
181 926 265 955 me.
285 909 476 967 Quietus
495 908 666 955 animus
686 923 747 955 est
765 926 900 964 meus,
920 923 962 956 et
979 908 1032 956 de
1047 910 1251 965 amicitia,
1270 909 1391 970 quod
1409 927 1504 956 eam
1523 909 1651 957 aliam
1668 909 1808 957 facere
1823 928 1920 971 pos-

109 991 188 1033 set,
216 994 270 1023 ne
297 977 538 1036 cogitatum
565 976 757 1036 quidem.
786 976 931 1023 Velim
958 991 1105 1024 autem
1131 992 1178 1024 ut
1206 977 1261 1024 ad
1283 977 1550 1025 beneficium
1578 993 1808 1025 convertas
1833 979 1920 1025 ani-

111 1062 248 1091 mum.
272 1047 344 1091 Da
365 1044 474 1090 mihi
496 1043 607 1091 hanc
626 1045 801 1091 veniam
821 1059 869 1091 ut
890 1044 1002 1091 hanc
1022 1045 1250 1105 epistolam
1274 1063 1417 1092 meam
1437 1045 1498 1091 illi
1520 1060 1633 1102 tuae,
1654 1047 1724 1093 cui
1743 1064 1918 1106 respon-

110 1112 252 1168 detur,
284 1112 448 1172 apponi
482 1129 617 1158 cures.
650 1111 776 1158 Nolo
810 1113 928 1159 enim
960 1111 1214 1160 defraudare
1244 1127 1287 1160 te
1317 1127 1391 1160 tua
1420 1113 1569 1173 gloria.
1603 1116 1672 1160 Tu
1703 1115 1739 1160 si
1771 1113 1925 1161 durior

110 1179 256 1236 fueris,
282 1197 584 1240 quaecumque
609 1194 652 1227 te
676 1198 801 1227 causa
825 1181 1028 1236 moverit,
1055 1182 1290 1228 mutaveris
1314 1181 1547 1228 consilium
1576 1200 1738 1229 meum.
1767 1182 1919 1230 Adibo

110 1247 422 1295 informatores
454 1247 534 1295 hos
562 1247 779 1295 librorum
812 1263 854 1295 et
881 1249 1045 1296 curabo
1076 1250 1164 1310 ipse
1194 1264 1242 1296 ut
1273 1264 1314 1297 et
1342 1267 1439 1297 mea
1468 1251 1676 1311 impressa
1704 1250 1916 1311 legantur,

109 1316 231 1377 quod
254 1334 346 1363 non
370 1315 453 1363 feci
474 1316 683 1363 hactenus
705 1335 785 1364 nec
804 1318 955 1378 putavi
978 1335 1065 1364 esse
1088 1335 1157 1364 me
1180 1317 1411 1365 facturum.
1435 1318 1555 1366 Vale.

973 1460 1055 1501 220

655 1529 733 1568 ΤΟ
750 1530 981 1579 JACOPO
1002 1531 1370 1570 ACCIAIUOLP

801 1600 823 1635 4
844 1597 1099 1637 November
1122 1601 1227 1638 1496

227 1692 312 1737 Mo,
333 1688 400 1730 fol.
424 1693 475 1730 1r.
493 1689 719 1742 Autograph
740 1690 850 1739 draft,
870 1690 1023 1731 headed:
1047 1693 1195 1744 ‘Iacopo
1216 1692 1457 1733 Acciariolo.'
1478 1692 1591 1741 Scala,
1617 1696 1681 1733 128
1702 1696 1791 1742 [86].

105 1794 173 1839 Mi
197 1793 367 1849 Iacobe,
393 1811 490 1840 mea
511 1812 620 1854 spes,
646 1794 773 1841 salve.
797 1795 955 1855 Scripsi
979 1795 1060 1842 tibi
1082 1813 1162 1855 per
1183 1795 1369 1842 Iustuml
1396 1796 1741 1853 Riccialbanum,
1767 1815 1917 1844 mona-

106 1860 240 1907 chum
259 1861 612 1917 Cisterciensem,
632 1880 655 1908 a
671 1880 761 1922 quo
780 1880 1031 1923 acceperam
1047 1881 1155 1923 quae
1173 1878 1221 1910 tu
1238 1863 1299 1910 illi
1318 1863 1372 1911 ad
1386 1882 1456 1911 me
1474 1864 1769 1912 mandaveras.
1788 1865 1917 1912 Vole-

105 1928 207 1975 bam
233 1928 334 1976 dare
358 1930 505 1985 etiam,
530 1947 662 1990 quam
685 1930 818 1977 mitto
841 1930 895 1977 ad
917 1945 959 1978 te
982 1930 1133 1987 modo,
1160 1932 1408 1979 orationem
1434 1950 1567 1979 unam
1593 1951 1737 1980 meam
1761 1948 1917 1981 contra

105 1997 294 2044 civitatis
311 2012 485 2045 nostrae
503 1993 856 2059 vituperatores,b
875 1998 951 2046 sed
969 1998 1189 2047 festinavit
1206 2001 1527 2062 antevertitque
1544 2019 1694 2049 meum
1715 2001 1916 2049 desideri-

104 2083 195 2112 um.
219 2070 357 2113 Nunc
380 2066 560 2113 tandem
583 2081 735 2114 nactus
756 2068 831 2128 qui
853 2067 1032 2124 deferat;
1055 2068 1176 2116 dono
1199 2087 1248 2116 ea
1267 2083 1323 2116 te.
1348 2072 1462 2119 Puto
1485 2088 1577 2117 non
1602 2071 1769 2131 ingrata
1789 2070 1915 2131 leges,

103 2135 138 2181 si
158 2152 251 2181 non
269 2135 371 2181 satis
390 2134 582 2195 expolita
600 2150 672 2182 aut
692 2150 818 2183 tanto
837 2136 966 2197 digna
982 2136 1159 2184 lectore.
1179 2140 1298 2185 Tuae
1317 2137 1461 2185 erunt²
1479 2153 1637 2199 partes,
1656 2140 1690 2186 si
1711 2140 1770 2186 ita
1787 2139 1917 2200 digna

103 2203 194 2249 visa
215 2203 311 2258 erit,
334 2221 457 2250 cures
478 2218 525 2250 ut
547 2203 618 2250 alii
640 2222 692 2251 ex
714 2205 804 2251 istis
826 2205 901 2265 qui
923 2205 1050 2252 isthic
1070 2205 1304 2253 laudantur
1323 2206 1543 2254 doctiores
1564 2207 1722 2268 legant,
1745 2222 1786 2255 et
1808 2208 1915 2269 quid

105 2271 185 2331 ipsi
206 2272 411 2327 sentiant,
433 2289 524 2318 non
546 2287 594 2318 tu
616 2272 767 2329 modo,
791 2272 845 2319 ad
864 2291 933 2320 me
955 2274 1161 2337 rescribas
1181 2289 1229 2322 ut
1250 2274 1355 2322 fiam
1376 2290 1524 2322 vestro
1544 2275 1708 2323 iudicio
1730 2277 1911 2323 cautior.

103 2338 223 2385 Vale.
247 2343 311 2384 Ex
334 2339 557 2386 Florentia
579 2340 647 2387 die
669 2347 695 2387 4
715 2341 988 2388 Novembris
1016 2347 1133 2389 1496.

182 2790 197 2812 ⁸
214 2786 401 2835 Meleager,
418 2787 630 2836 Anthologia
645 2788 816 2833 Palatina,
835 2793 946 2834 5.151,
966 2790 1109 2839 reading
1128 2794 1272 2835 νυκτὸς
1290 2790 1350 2829 for
1365 2795 1491 2836 γαίης.
1514 2795 1527 2828 1
1543 2806 1624 2830 owe
1641 2791 1703 2830 the
1721 2792 1915 2831 identifica-

101 2839 183 2876 tion
198 2851 238 2876 to
253 2838 374 2886 Julian
392 2839 718 2889 Chrysostomides.

182 2901 195 2915 ²
212 2900 348 2947 Jacopo
371 2898 409 2936 di
431 2898 577 2947 Agnolo
599 2900 801 2938 Acciaiuoli
822 2900 891 2939 had
913 2901 1004 2939 been
1025 2901 1139 2940 exiled
1160 2903 1199 2939 in
1223 2906 1309 2940 1466
1332 2903 1371 2940 in
1391 2902 1453 2941 the
1474 2903 1665 2941 aftermath
1687 2903 1729 2942 of
1746 2903 1809 2942 the
1832 2905 1918 2942 Pitti

103 2951 328 2998 Conspiracy
351 2951 391 2987 in
412 2950 534 2989 which
555 2951 610 2989 his
631 2951 758 2997 father,
782 2966 914 3001 among
938 2953 1070 2998 others,
1093 2953 1164 2992 had
1186 2954 1277 2992 been
1298 2954 1512 3003 implicated;
1538 2955 1583 2993 he
1605 2970 1676 2993 was
1700 2955 1853 2994 allowed
1873 2968 1913 2994 to

102 3013 227 3039 return
242 3014 282 3040 to
301 3002 472 3040 Florence
489 3004 528 3040 in
541 3006 634 3050 June
653 3007 750 3048 1484,
769 3007 855 3042 ASF
871 3006 1099 3043 Provvisioni
1117 3010 1191 3050 175,
1208 3006 1272 3044 fol.
1291 3010 1344 3044 63:
1363 3007 1614 3051 A.Rinuccini,
1629 3008 1771 3046 Ricordi
1783 3012 1909 3052 storici,

101 3053 155 3091 ed.
177 3055 361 3098 G.Aiazzi‚
383 3054 565 3099 Horence,
587 3059 684 3100 1840,
704 3057 870 3094 cxxxviii.

181 3106 197 3131 ¹³
210 3112 379 3160 Apologia
397 3123 518 3150 contra
533 3117 775 3162 vituperator&
793 3118 939 3152 civitatis
957 3115 1156 3160 Florentiae,
1174 3116 1355 3160 Florence‚
1377 3120 1463 3155 1496
1481 3117 1526 3165 (V
1529 3121 1559 3155 :8
1579 3117 1723 3166 below);
1741 3117 1786 3155 cf.
1804 3118 1910 3162 Scala,

104 3166 248 3207 125-27,
268 3167 426 3202 307-309
446 3168 746 3212 [85-86‚215—16].
