2118 3444
212 149 302 190 314
1823 158 1961 192 PART
1986 159 2017 191 v

211 294 425 349 viverent,
450 307 687 354 peteretur.
714 292 798 340 Sed
823 311 871 340 ea
894 292 1081 340 fortibus
1110 293 1406 340 delectabatur
1428 295 1575 354 magis,
1602 293 1915 342 formidolosos
1944 296 2021 343 rei-

212 362 352 409 ciebat
388 376 617 409 amatores.
652 361 903 422 Diffugium
943 362 1087 422 itaque
1121 361 1295 409 latebris
1329 363 1543 409 incassum
1580 364 1779 410 scrutatis
1815 364 1859 409 in
1893 363 2020 412 silvas

212 448 388 490 quoque
411 431 572 476 exierat
593 444 634 476 et
652 429 784 476 saltus
806 448 853 476 ac
871 429 1056 476 flumina
1077 445 1322 477 tranaverat
1339 445 1380 477 et
1399 445 1604 491 pontum,
1626 446 1799 478 tantum
1822 432 1959 479 inerat
1977 447 2020 479 et

212 497 501 545 inveniendae
524 512 565 545 et
585 497 827 558 potiundae
851 512 1017 545 amatae
1039 498 1314 545 desiderium.
1341 502 1459 545 Cum
1483 498 1590 545 nihil
1615 500 1849 560 quicquam
1873 514 2022 547 tamen

209 565 480 626 profecisset,
501 567 546 612 in
566 565 655 613 dies
674 581 820 613 autem
838 565 1110 613 molestiores
1131 585 1256 613 curae
1275 567 1620 623 circumstarent,
1636 568 1798 614 Statori
1814 567 2024 616 sacrifica-

210 635 286 681 vit.
311 635 405 693 Qui
430 634 669 695 respondit:
696 637 910 695 ‘Operam
931 634 1090 695 perdis,
1115 635 1257 691 miser,
1282 653 1426 682 mores
1449 653 1540 682 non
1564 636 1864 683 conveniunt.'

998 776 1064 818 26.
1090 775 1237 832 Leges⁶

209 874 389 921 Nobilis
408 875 579 934 spurius
602 875 648 920 in
667 878 798 934 Leges
818 874 1107 921 invehebatur
1123 875 1280 922 acriter
1296 875 1417 935 quod
1435 890 1476 922 et
1494 875 1703 936 locupleti
1724 875 1963 923 hereditate
1980 890 2022 924 et

212 942 382 989 honore
403 941 591 989 familiae
610 960 658 989 ac
671 943 836 1002 patriae
854 943 1247 989 immeritissimum
1267 943 1567 1003 privavissent3
1588 944 1735 1003 inique
1755 943 1902 991 fecisse
1919 962 2018 1004 pro-

210 1009 329 1057 fecto
365 1006 442 1057 et⁶2
481 1010 728 1066 crudeliter,
767 1006 908 1070 quae⁶³
948 1010 1057 1057 adeo
1094 1011 1314 1057 insontem
1355 1010 1518 1058 indicta
1553 1007 1718 1058 etiam⁶⁴
1759 1029 1884 1058 causa
1920 1029 2021 1059 con-

210 1078 547 1125 demnavissent.
588 1077 848 1125 Insolescere
883 1096 951 1125 eas
987 1079 1072 1125 iam
1109 1079 1295 1125 nimium
1334 1093 1375 1126 et
1411 1097 1608 1126 exercere
1643 1097 1839 1139 regnum,
1878 1097 2019 1140 neque

210 1147 371 1193 rationi
390 1146 497 1207 quid
513 1161 585 1193 aut
605 1147 824 1193 occasioni
843 1161 915 1193 aut
933 1147 1190 1203 necessitati,
1209 1146 1329 1207 quod
1347 1146 1543 1194 modeste
1562 1146 1768 1203 facerent,
1784 1148 2020 1208 quicquam

209 1211 355 1262 velle⁶⁵
397 1211 689 1262 concedere.⁶⁶
730 1211 1048 1262 Severitatem⁶⁷
1088 1215 1226 1262 modo
1264 1233 1366 1276 prae
1405 1233 1448 1262 se
1488 1212 1724 1271 ferentes‚⁶⁸
1765 1215 1872 1276 quid
1909 1216 2018 1263 boni

209 1284 423 1344 aequique
446 1284 500 1330 sit
526 1284 569 1329 in
597 1283 737 1339 rebus,
764 1283 871 1329 nihil
898 1301 1117 1344 quaerere,
1139 1283 1300 1340 surdas,
1327 1283 1627 1340 inexorabiles,
1654 1302 1795 1344 neque
1816 1284 2019 1344 precibus

210 1369 351 1412 neque
381 1351 570 1398 lacrimis
601 1352 857 1398 miserarum
887 1369 1083 1412 unquam
1114 1351 1391 1399 fortunarum
1423 1353 1696 1399 commoveri
1726 1351 1936 1400 didicisse.
1969 1356 2019 1399 In

209 1434 409 1466 auctores
434 1420 566 1466 etiam
592 1437 693 1466 suos
719 1437 843 1480 saepe
871 1420 1107 1466 exercuisse
1135 1420 1325 1467 immites
1350 1438 1514 1480 poenas
1540 1435 1581 1467 et
1606 1419 1797 1467 terrifica
1821 1420 2021 1481 exempla

209 1488 485 1534 constituisse
514 1488 712 1548 posteris.
748 1491 788 1533 A
819 1502 972 1534 natura
1000 1487 1193 1544 tandem,
1223 1506 1331 1548 quae
1361 1489 1511 1535 omnia
1538 1489 1852 1548 progenuisset,
1885 1489 2017 1549 impie

209 1555 436 1603 descivisse
473 1555 527 1603 ad
560 1555 856 1616 tyrannidem,
895 1556 1070 1617 eiusque
1107 1555 1218 1616 leges
1253 1557 1502 1603 constitutis
1537 1557 1622 1603 suis
1663 1556 1710 1616 (si
1747 1555 1827 1603 diis
1862 1555 2019 1617 placet)

209 1621 583 1671 insolentissime⁶⁹
629 1621 905 1684 abrogasse.70
948 1629 1058 1671 Non
1100 1624 1199 1671 tulit
1238 1629 1411 1671 Natura
1451 1624 1613 1671 diutius
1654 1624 1883 1672 lamentari
1922 1643 2018 1686 spu-

209 1693 338 1748 rium,
378 1710 510 1752 quem
547 1710 599 1738 ex
635 1692 786 1739 abdito
823 1706 938 1739 recte
974 1689 1065 1739 ita⁷1
1102 1707 1481 1752 argumentantem
1517 1689 1815 1739 exaudierat.⁷²
1853 1693 2021 1740 Citatas

209 1761 355 1820 itaque
374 1756 554 1820 Leges,⁷³
579 1760 736 1820 quibus
759 1774 800 1807 et
820 1761 910 1820 ipsa
931 1759 1004 1806 diu
1024 1756 1353 1816 succensebat,⁷⁴
1375 1759 1486 1807 male
1507 1759 1683 1807 defensa
1700 1777 1825 1807 causa
1845 1759 2020 1807 damna-

208 1829 271 1875 vit
295 1828 516 1888 vertitque
540 1828 585 1874 in
612 1827 792 1875 reticula
815 1846 1070 1875 aranearum
1095 1843 1136 1875 et
1161 1827 1269 1875 dixit
1294 1827 1604 1875 condicionem
1629 1842 1677 1875 ut
1703 1828 1784 1875 nisi
1810 1828 2017 1875 minutio-

209 1896 327 1943 ribus
353 1897 526 1943 insectis
548 1914 641 1943 non
665 1896 938 1943 obsisterent.

943 2038 1008 2080 27.
1036 2034 1287 2080 Assentatio

208 2136 587 2196 Epigrammatum
611 2150 756 2196 poeta,
779 2150 826 2182 ut
850 2153 930 2182 nos
953 2135 1090 2182 modo
1112 2135 1352 2196 Apologos,
1380 2134 1712 2182 circumferebat
1734 2153 1894 2192 versus,
1918 2149 1960 2182 et
1979 2136 2014 2182 si

209 2205 304 2264 quis
330 2222 422 2251 non
446 2203 673 2260 laudasset,
696 2203 988 2251 succensebat.
1014 2207 1132 2251 Cum
1159 2203 1376 2251 incidisset
1401 2205 1446 2250 in
1470 2203 1690 2264 quendam
1714 2204 1788 2264 qui
1812 2204 2018 2251 assentari

210 2290 301 2318 non
325 2271 557 2318 didicisset:
583 2275 707 2318 ‘Non
730 2273 854 2332 sapis,
878 2275 1038 2332 poeta,'
1063 2273 1218 2332 inquit,
1244 2275 1399 2332 ‘neque
1421 2290 1486 2318 res
1508 2273 1593 2332 agis
1616 2286 1722 2318 tuas.
1746 2274 1893 2319 Tanto
1915 2289 2018 2332 ergo

208 2341 361 2396 acrius,
384 2341 418 2387 si
443 2338 702 2400 reliqueris⁷5
724 2340 854 2396 solos,
880 2339 1284 2401 reprehendentur.'

929 2481 995 2522 28.
1020 2476 1302 2523 Providentia

209 2578 337 2634 Olea,
354 2579 475 2625 cuius
492 2593 653 2625 trunco
671 2578 744 2625 diu
762 2578 920 2626 hedera
936 2578 1175 2626 inhaeserat
1193 2593 1321 2639 atque
1338 2596 1518 2625 omnem
1535 2596 1672 2638 paene
1689 2592 1914 2625 exsuxerat
1931 2578 2017 2625 iam

210 2646 445 2693 humorem
472 2661 519 2693 ut
543 2646 724 2707 paulum
751 2646 930 2693 tandem
954 2646 1005 2693 ab
1030 2664 1073 2693 se
1097 2646 1371 2702 concederet,
1394 2646 1584 2706 rogabat:
1613 2650 1707 2693 ‘Eas
1733 2645 1883 2702 mode,
1910 2663 2019 2706 quae

209 2714 317 2761 olim
339 2715 590 2775 viguissent,
616 2732 703 2762 esse
726 2713 877 2762 effetas
895 2715 1019 2762 vires.
1044 2715 1128 2761 Vix
1150 2729 1393 2775 suppetere,
1417 2715 1501 2761 iam
1523 2713 1640 2761 unde
1661 2713 1800 2761 alatur
1818 2713 1923 2770 sola,
1948 2731 2018 2761 ne·

209 2783 316 2830 dum
346 2783 456 2830 adeo
485 2783 663 2830 edacem
687 2798 833 2844 pascat
864 2779 1150 2844 hospitem.'⁷⁶
1179 2786 1295 2830 Cum
1328 2782 1614 2830 nihilominus
1646 2778 1830 2829 tamen⁷⁷
1860 2781 2020 2829 hedera

210 2852 344 2911 magis
363 2851 607 2898 inhaereret
626 2852 798 2911 iamque
816 2852 947 2898 etiam
964 2869 1043 2911 per
1059 2869 1202 2898 ramos
1220 2851 1511 2898 luxuriaretur
1527 2851 1733 2906 securior,
1752 2850 1875 2906 freta,
1891 2865 1939 2897 ut
1957 2867 2017 2897 ar-

209 2919 364 2975 bitror,
391 2919 548 2966 Bacchi
572 2919 808 2979 impotenti
834 2919 1029 2974 numine,
1056 2920 1175 2965 cuius
1201 2918 1271 2965 illa
1293 2918 1475 2965 tutelam
1497 2918 1607 2965 solet
1631 2919 1802 2974 iactare,
1825 2932 1867 2964 et
1889 2918 2016 2964 vires·

290 3170 302 3184 ⁰
320 3165 408 3203 Also
428 3164 595 3202 included
614 3166 652 3202 in
668 3168 736 3202 V26
755 3164 873 3202 below
892 3165 958 3212 (De
974 3164 1048 3213 leg).
