2124 3464
133 185 364 219 PRIVATE
390 184 619 217 LETTERS
1883 176 1939 216 75

133 322 335 370 dell’alba
363 325 400 369 e'
430 322 581 368 nimici
610 321 950 368 cominciorono
981 338 1004 367 a
1030 320 1131 367 dare
1158 320 1198 367 la
1224 320 1429 380 battaglia
1454 338 1478 367 a
1504 319 1632 367 Colle
1661 338 1791 367 senza
1818 319 1898 367 che
1926 338 1949 367 a

133 390 262 439 Colle
282 408 311 438 o
329 391 404 451 qui
425 407 478 437 ne
495 390 817 450 sospettasim03
838 403 880 436 et
899 406 989 435 non
1007 406 1166 449 pareva
1183 388 1475 448 ragionevole‚
1494 388 1678 435 essendo
1694 389 1795 435 stati
1813 389 1943 449 ripin-

133 460 167 506 ti
186 458 327 506 l’altra
343 458 465 505 volta
483 475 568 505 con
589 472 716 504 tanto
734 456 833 504 loro
853 456 1002 504 danno
1021 471 1063 503 et
1081 474 1311 517 vergogna.
1332 457 1427 503 Noi
1447 457 1522 517 qui
1541 474 1668 503 come
1688 456 1947 503 intendemo

131 545 212 588 per
231 527 374 582 cenni,
397 526 618 573 facemmo
639 540 828 572 mectere
848 543 872 572 a
891 525 1046 572 ordine
1065 525 1135 572 chi
1156 528 1270 572 c'era
1286 542 1366 585 per
1384 524 1543 572 andare
1563 542 1587 571 a
1606 524 1708 572 dare
1726 524 1826 572 loro
1846 528 1945 585 que'

133 595 275 643 favori
293 594 373 643 che
392 595 430 642 ci
448 593 560 642 fusse
577 593 797 655 possibile3
821 611 892 641 ma
909 594 1054 641 inanzi
1073 593 1153 641 che
1171 592 1338 640 fussino
1357 594 1402 639 in
1420 592 1586 654 luogho
1606 592 1686 640 che
1703 594 1738 640 si
1754 607 1948 654 potesso-

133 682 194 711 no
213 678 442 719 mostrare,
462 662 508 710 fu
523 663 713 723 spiccata
727 662 768 709 13
784 661 1001 723 battaglia.
1019 661 1149 709 Duro
1167 661 1349 709 dall’ora
1365 661 1492 709 decta
1505 662 1649 708 insino
1669 679 1693 708 a
1711 661 1818 708 hore
1837 662 1951 709 circa

137 737 201 788 15,
222 746 264 779 et
281 731 431 779 subito
452 731 532 778 che
551 730 592 778 la
609 730 820 791 bactaglia
837 730 883 777 fu
901 731 1090 791 spiccata
1105 731 1140 777 si
1159 730 1271 777 senti
1289 748 1444 777 sonare
1465 729 1504 777 le
1524 747 1734 790 campane
1754 729 1799 777 di
1818 729 1947 777 Colle

132 815 252 848 tucte
277 818 301 847 a
325 799 476 861 gloria,
503 799 547 847 di
573 799 653 847 che
680 799 886 846 abbiamo
910 817 1040 860 preso
1067 799 1319 846 coniectura
1344 813 1386 846 et
1408 816 1617 860 speranza
1644 798 1724 846 che
1749 798 1949 846 all’usato

134 869 330 917 habbino
355 883 545 916 tractato
564 869 705 929 questi
728 868 867 915 nostri
891 868 1054 915 nimici.
1080 867 1335 915 Habbiamo
1360 867 1571 915 mandato
1593 867 1846 928 qualchuno
1867 885 1948 928 per

133 937 361 984 intendere
377 936 453 997 piu
473 955 497 984 a
513 951 658 997 punto
677 936 714 983 el
732 954 851 983 vero.
871 940 983 983 Non
1000 954 1113 983 sono
1133 954 1294 983 ancora
1311 936 1490 992 tornati,
1509 953 1581 982 ma
1598 935 1770 982 avendo
1789 950 1946 996 questo

132 1005 252 1052 fante
269 1005 349 1052 che
366 1005 493 1052 viene
511 1023 592 1065 per
607 1004 715 1052 altre
730 1022 805 1052 sue
826 1003 1046 1060 faccende,
1064 1003 1149 1051 m’e
1167 1018 1328 1065 paruto
1347 1003 1468 1051 darvi
1487 1018 1643 1065 questo
1660 1003 1792 1051 breve
1812 1004 1944 1051 aviso.

216 1075 439 1121 Trassono
465 1073 534 1120 nel
557 1088 712 1134 tempo
735 1072 848 1120 della
867 1072 1072 1133 battaglia
1093 1072 1209 1134 colpi
1230 1073 1290 1120 sei
1314 1072 1358 1119 di
1379 1072 1637 1129 bombarda,
1662 1072 1706 1119 di
1726 1073 1803 1133 poi
1827 1072 1946 1120 anno

111 1156 113 1160 ·
131 1157 275 1189 tracto
295 1141 393 1189 due.
416 1145 584 1189 Stasera
602 1141 678 1202 piu
701 1156 870 1202 apunto
891 1142 1192 1188 v'aviseremo.

216 1209 412 1257 Essendo
434 1213 471 1257 e’
494 1210 633 1257 nostri
655 1210 700 1256 in
722 1209 877 1256 ordine
898 1208 954 1256 et¹
975 1209 1206 1266 buon’ora‚
1233 1227 1324 1256 non
1344 1210 1383 1256 ci
1402 1227 1535 1271 parve
1554 1209 1609 1256 da
1625 1209 1808 1270 perdere
1827 1227 1947 1270 ques-

131 1294 180 1326 to
202 1278 259 1326 di.
283 1278 562 1326 Mandamoli
583 1296 664 1339 per
686 1279 845 1325 iscorta
867 1296 891 1325 a
911 1278 1141 1325 Gambassi
1164 1296 1244 1339 per
1264 1278 1482 1325 condurre
1506 1279 1581 1339 qui
1603 1292 1645 1325 et
1667 1277 1778 1325 delle
1800 1292 1946 1325 vectu·

130 1346 283 1407 vaglie,
311 1346 391 1394 che
418 1347 460 1393 vi
487 1365 600 1394 sono
629 1361 850 1407 ragunate,
877 1361 919 1393 et
944 1346 984 1393 la
1010 1346 1312 1393 bombardella
1338 1346 1417 1393 che
1445 1361 1568 1393 avete
1594 1346 1812 1393 mandata.
1841 1361 1883 1393 et
1909 1350 1946 1393 e'

130 1414 267 1462 bufali
292 1414 372 1462 che
394 1433 508 1462 sono
533 1416 686 1462 venuti
709 1415 829 1476 quivi
855 1414 909 1462 da
930 1415 1027 1462 Lari
1050 1433 1177 1462 come
1201 1412 1489 1462 richiedemo²
1512 1414 1550 1462 el
1572 1415 1783 1471 Vicario‚⁸
1806 1429 1848 1462 et
1871 1414 1945 1462 do-

131 1484 324 1531 mactina
347 1483 385 1530 al
411 1501 544 1530 nome
571 1483 615 1530 di
639 1484 732 1530 Dio
757 1484 1103 1530 comincieremo
1128 1501 1151 1530 a
1175 1483 1393 1530 condurre
1418 1483 1486 1530 de'
1513 1483 1701 1544 legnami
1727 1498 1770 1530 et
1794 1501 1886 1530 non
1911 1484 1946 1530 si

130 1551 295 1599 cessera
314 1570 394 1613 per
415 1553 560 1599 insino
583 1570 756 1599 saremo
779 1550 964 1599 forniti.³

214 1620 470 1676 Scrivendo‚
495 1619 517 1667 ὲ
542 1621 812 1667 cominciato
837 1638 861 1667 a
883 1621 1120 1680 g‹i>ugnere
1148 1621 1223 1681 qui
1246 1620 1285 1667 le
1310 1638 1409 1667 cose
1434 1620 1488 1667 da
1511 1620 1742 1667 Gambassi
1769 1638 1793 1667 a
1815 1619 1946 1667 salva-

130 1703 298 1735 mento.
319 1692 379 1734 La
392 1688 695 1735 bombardella
712 1706 873 1735 ancora
887 1706 979 1735 non
996 1692 1115 1735 v’era
1127 1689 1325 1735 arrivata.
1341 1688 1528 1735 Sarebbe
1542 1703 1659 1735 stato
1673 1706 1779 1748 gran
1794 1706 1943 1735 como-

130 1755 221 1811 dita
238 1774 318 1816 per
335 1757 494 1803 esservi
512 1770 629 1803 stato
649 1759 685 1803 e'
707 1755 858 1812 bufali,
880 1770 922 1803 et
942 1774 1080 1803 avevo
1099 1757 1264 1817 scripto
1285 1774 1309 1803 a
1328 1757 1533 1803 Antonio
1555 1757 1686 1803 Pucci
1707 1774 1730 1803 a
1750 1755 1946 1803 Castello

129 1825 391 1871 Fiorentino
414 1823 494 1871 che
516 1824 556 1871 la
578 1824 816 1871 mandasse.
841 1824 992 1871 Credo
1011 1842 1091 1885 per
1110 1824 1259 1872 buona
1283 1825 1462 1885 cagione
1485 1843 1576 1871 non
1599 1824 1645 1871 lo
1667 1823 1839 1872 facesse.

216 1896 521 1953 L’aportatore
545 1892 567 1939 ὲ
591 1911 684 1939 uno
708 1892 919 1940 mandato
943 1893 986 1940 di
1011 1897 1126 1940 Luca
1150 1892 1204 1940 da
1226 1894 1354 1940 Rieti.
1380 1893 1657 1940 Intenderete
1679 1893 1716 1940 el
1741 1911 1841 1940 caso
1864 1911 1946 1940 suo

129 1975 172 2008 et
198 1979 222 2008 a
249 1960 387 2008 bocca
415 1960 459 2007 di
487 1960 549 2008 lui
579 1975 620 2008 et
646 1979 727 2022 per
753 1979 840 2008 una
868 1960 1028 2008 lectera
1052 1961 1131 2008 che
1161 1965 1276 2008 Luca
1302 1962 1440 2008 scrive
1469 1979 1493 2008 a
1522 1979 1590 2008 me
1620 1961 1700 2008 che
1727 1961 1821 2008 sara
1848 1979 1946 2008 cum

129 2044 294 2090 questa.
316 2029 747 2086 Raccomandovelo‚
766 2029 927 2090 perche
947 2030 992 2076 in
1012 2029 1150 2077 verita
1167 2029 1189 2077 ὲ
1208 2048 1269 2077 un
1288 2029 1535 2077 sufficiente
1554 2029 1728 2077 soldato
1748 2045 1790 2077 et
1808 2029 1948 2077 fedele

129 2112 172 2145 et
193 2097 447 2145 amorevole
467 2116 547 2158 per
566 2097 714 2158 quello
737 2097 817 2145 che
839 2099 983 2145 insino
1007 2116 1031 2145 a
1050 2099 1125 2159 qui
1146 2098 1174 2145 ὸ
1197 2116 1429 2159 compreso
1451 2098 1495 2145 di
1516 2098 1589 2145 lui.
1613 2099 1819 2155 Scrivete‚
1838 2116 1882 2146 se
1902 2099 1945 2145 vi

127 2183 246 2227 pare,
271 2184 295 2213 a
318 2165 389 2213 chi
413 2166 595 2227 bisogna
621 2181 663 2213 et
688 2165 833 2227 fategli
856 2167 1072 2214 restituire
1097 2166 1135 2214 le
1160 2185 1258 2214 cose
1282 2185 1356 2214 sue
1381 2166 1585 2214 accioche
1607 2167 1724 2228 possi
1749 2185 1945 2228 perseve-

129 2252 223 2281 rare
242 2234 319 2295 piu
342 2234 576 2281 volentieri
599 2235 667 2281 nel
690 2252 771 2282 suo
793 2235 879 2282 ben
902 2234 1004 2282 fare.

214 2303 309 2362 Qui
331 2302 353 2350 ὲ
375 2304 617 2350 necessario
639 2303 859 2351 mandiate
880 2322 1041 2351 ancora
1059 2308 1143 2351 200
1163 2303 1414 2351 marraiuoli
1434 2322 1514 2365 per
1534 2319 1639 2352 octo
1660 2303 1717 2361 di,
1740 2304 1945 2352 accioche

128 2370 294 2432 l’opere
314 2372 578 2419 cominciate
595 2373 630 2419 si
647 2373 828 2432 possino
850 2387 1039 2420 mectere
1055 2372 1109 2420 ad
1125 2373 1382 2420 executione
1399 2388 1549 2434 presto
1568 2374 1613 2419 in
1633 2372 1947 2420 fortificamen-

128 2454 178 2486 to
198 2439 242 2486 di
263 2454 415 2500 questa
434 2454 563 2496 terra,
583 2439 823 2487 altrimenti
844 2458 936 2487 non
956 2459 1000 2487 se
1022 2440 1208 2488 n’uscira
1229 2444 1503 2501 quest’anno.
1527 2441 1778 2488 Gl’uomini
1802 2441 1846 2488 di
1867 2442 1942 2502 qui

127 2524 210 2553 son
236 2507 372 2567 pochi
401 2522 443 2554 et
471 2507 598 2554 molti
627 2507 818 2555 afaticati
842 2508 953 2555 dalle
978 2508 1154 2569 guardie
1182 2508 1294 2556 della
1319 2523 1450 2556 nocte
1477 2510 1687 2556 continue
1717 2524 1759 2556 et
1786 2509 1854 2556 del
1883 2509 1941 2565 di,

127 2574 289 2635 perche
315 2593 339 2622 a
364 2576 467 2636 ogni
492 2575 668 2636 piccolo
695 2594 872 2623 romore
900 2576 1018 2624 anno
1045 2595 1069 2624 a
1090 2576 1229 2638 piglar
1254 2576 1405 2624 l’arme
1431 2592 1473 2624 et
1499 2595 1671 2624 correre
1697 2576 1776 2624 alle
1804 2595 1942 2634 mura,

129 2661 256 2690 come
282 2644 525 2691 interviene
547 2662 708 2705 spesso,
736 2644 816 2692 che
839 2645 1020 2706 bisogna
1046 2663 1070 2693 a
1092 2645 1162 2693 chi
1187 2645 1209 2693 ὲ
1233 2645 1322 2693 cosi
1347 2664 1496 2707 presso
1521 2649 1558 2693 a'
1585 2646 1736 2693 nlmici
1761 2660 1803 2693 et
1826 2645 1945 2693 anno

129 2713 324 2759 exercito
344 2712 506 2772 grande
532 2731 658 2760 come
684 2713 705 2760 ὲ
731 2728 898 2774 questo.
927 2713 1027 2761 Α113
1049 2718 1209 2761 Vostra
1233 2715 1430 2775 Signoria
1457 2715 1517 2760 mi
1544 2714 1851 2762 raccomando.
1879 2719 1942 2760 Ex

127 2783 290 2827 Sancto
311 2781 584 2828 Geminiano
607 2781 676 2828 die
697 2782 770 2827 xxi
793 2782 1006 2829 Octobris
1033 2787 1138 2829 1479
1162 2782 1268 2830 hore
1290 2787 1357 2829 22.
1383 2782 1720 2830 Bartholomeus
1743 2782 1875 2830 Scala.

209 3203 222 3217 ²
240 3198 298 3235 Cf.
318 3198 424 3236 letter
439 3203 494 3243 71,
514 3211 601 3237 note
619 3199 655 3247 b)
674 3199 799 3237 above.
