2060 3450
188 189 278 230 448
1777 195 1914 229 PART
1939 196 1991 229 VI

1084 338 1107 379 8

814 409 879 446 IN
900 409 1171 446 FIGURAM
1194 408 1376 447 COSMI

670 498 726 547 L¹,
747 499 813 540 fol.
838 503 942 540 152v.
961 499 1199 551 Autograph.
1221 499 1288 540 Ed.
1311 501 1414 547 CIPI,
1436 503 1518 540 489.

392 643 520 698 Quae
542 657 645 686 vera
665 653 726 686 est
750 639 905 685 Cosmi
929 638 1071 694 facies,
1095 638 1210 686 haud
1230 656 1332 686 vera
1351 638 1537 694 videtur3

476 707 721 754 Dissimiles
746 706 855 753 adeo
876 706 1006 766 longa
1027 721 1200 753 senecta
1220 706 1334 753 facit.

391 774 508 821 Talis
530 789 620 821 erat
642 774 882 835 quondam,
907 792 1038 834 quem
1061 792 1178 821 nunc
1199 773 1437 834 perfectior
1457 789 1570 821 aetas

477 847 540 888 Ex
565 842 745 889 homine
772 843 933 903 incepit
956 841 1119 902 fingere
1141 841 1250 889 velle
1273 842 1417 889 deum.

1085 1017 1109 1058 9

691 1089 853 1135 QUAE
874 1089 1024 1127 VERA
1046 1089 1189 1127 LAUS
1212 1087 1295 1127 SIT
1318 1089 1500 1127 COSMI

634 1179 690 1228 L¹‚
712 1180 778 1220 fol.
802 1184 907 1220 163v.
926 1180 1164 1233 Autograph.
1186 1180 1253 1220 Ed.
1276 1182 1379 1228 CIPI,
1401 1183 1555 1221 489-90.

393 1319 596 1367 Consilio
620 1319 772 1380 polles,
796 1319 935 1380 polles
956 1320 1180 1380 sapientia,
1204 1323 1382 1375 Cosme,

478 1389 571 1447 Qui
595 1403 711 1435 recte
733 1389 921 1435 externis
943 1387 1131 1434 consulis
1156 1402 1284 1448 atque
1305 1388 1402 1434 tuis.

392 1460 543 1515 Quem
568 1457 729 1503 merito
751 1457 917 1503 Patriae
939 1455 1043 1502 dicit
1064 1455 1286 1502 Florentia
1307 1459 1494 1512 Patrem;

476 1529 669 1585 Nanque
690 1525 804 1584 paris
826 1523 995 1584 populo
1021 1523 1258 1570 commoda
1280 1524 1390 1570 mira
1411 1538 1502 1570 tuo.

391 1597 580 1653 Magnus
603 1592 766 1639 divitiis
786 1593 920 1653 partis
941 1592 1066 1648 bene,
1089 1591 1164 1639 sed
1186 1610 1307 1652 mage
1330 1610 1510 1652 magnus
1778 1607 1796 1637 5

476 1662 545 1708 Sic
564 1661 700 1721 partis
722 1660 843 1721 quod
864 1661 924 1707 sic
945 1675 1066 1707 utere
1088 1659 1261 1707 divitiis.

391 1728 651 1776 Mirandum
675 1729 899 1789 ingenium
925 1743 966 1775 et
988 1746 1133 1775 rerum
1158 1727 1359 1775 doctrina
1379 1727 1596 1775 bonarum
1622 1742 1698 1784 est,

477 1802 541 1844 Ut
562 1798 700 1858 possis
723 1798 888 1858 priscos
913 1797 1190 1857 aequiperare
1209 1811 1364 1857 patres.

393 1867 487 1925 Qui
510 1865 650 1913 voluit
675 1866 831 1912 Cosmi
855 1865 974 1912 divas
994 1866 1054 1912 sic
1075 1865 1260 1912 scribere
1282 1864 1442 1921 laudes,

476 1939 592 1981 Vera
613 1933 747 1990 dedit,
768 1933 843 1981 sed
865 1951 957 1980 non
980 1934 1173 1981 carmina
1194 1933 1323 1994 digna
1343 1947 1504 1980 tamen.
1760 1947 1798 1979 10

391 2002 498 2049 Vult
523 2003 654 2062 igitur
677 2005 894 2048 Cosmum
921 2001 1048 2062 digne
1070 2001 1243 2048 laudare
1265 2001 1433 2048 doceri?

477 2072 545 2118 Sic
566 2070 726 2118 laudet:
750 2070 840 2117 laus
863 2085 924 2117 est
948 2070 1089 2130 digna,
1112 2069 1187 2117 sed
1208 2088 1295 2117 una
1317 2069 1466 2116 modo.

393 2144 503 2186 Laus
526 2139 681 2186 Cosmi
706 2138 836 2198 digna
857 2153 918 2185 est
941 2138 1068 2198 digne
1090 2137 1263 2185 laudare
1285 2138 1477 2198 nequire.

478 2211 582 2254 Hoc
604 2221 779 2254 tantum
802 2206 929 2266 digne
951 2206 1123 2262 dixeris,
1146 2206 1246 2253 inde
1268 2205 1390 2252 nihil.

1074 2381 1123 2422 10

346 2453 428 2490 AD
452 2453 707 2491 COSMUM
731 2453 859 2490 CUM
883 2452 1045 2490 ROSIS
1066 2451 1237 2490 NATIS
1258 2453 1323 2490 IN
1344 2453 1478 2489 FINE
1500 2450 1842 2489 SEPTEMBRIS

770 2547 854 2591 Mo,
875 2543 941 2584 fol.
962 2547 1045 2583 20v.
1065 2543 1290 2595 Autograph
1311 2542 1420 2583 draft.

311 2688 423 2730 Non
446 2683 527 2730 tibi
550 2701 667 2730 nunc
691 2686 892 2729 Paestum
915 2700 1023 2743 quae
1046 2683 1185 2729 cernis
1207 2699 1389 2728 munera
1411 2682 1561 2737 mittit,

398 2755 600 2798 Paestum
623 2751 744 2811 quod
767 2750 904 2797 bifera
926 2750 1036 2797 ferre
1058 2764 1200 2796 roseta
1220 2749 1342 2796 solet.

314 2819 533 2866 Hortulus
558 2834 599 2866 at
622 2819 748 2866 nobis
773 2818 916 2866 alieno
939 2819 984 2864 in
1007 2833 1207 2879 tempore
1230 2817 1360 2864 flores

397 2888 555 2934 Mittit.
578 2887 703 2946 Quid
727 2888 909 2933 mirum?
934 2887 1129 2942 Mittere,
1151 2889 1328 2941 Cosme,
1354 2885 1485 2932 iubes.

312 2960 434 3002 Nam
459 2955 580 3015 quod
601 2973 644 3001 se
667 2953 846 3001 tandem
868 2954 1002 3014 longo
1025 2968 1124 3014 post
1148 2968 1347 3013 tempore
1369 2954 1478 2999 visas
1757 2966 1775 2997 5

399 3022 525 3082 Quid
548 3022 690 3078 faciat,
711 3023 745 3069 si
769 3040 860 3068 non
884 3021 1067 3068 floribus
1091 3035 1217 3067 ornet
1242 3020 1447 3067 humum?

313 3096 403 3138 Ver
424 3109 527 3151 ergo
549 3105 776 3137 aeternum
800 3090 940 3146 nobis,
964 3090 1012 3146 si,
1036 3093 1213 3145 Cosme,
1240 3088 1487 3149 frequentes

398 3160 561 3205 Visere:
585 3158 833 3218 producent
856 3158 967 3204 sicca
989 3157 1140 3204 rubeta
1163 3174 1290 3203 rosas.
