2124 3458
182 177 274 219 360
1795 176 1933 210 PART
1958 176 1990 209 V

183 321 479 369 describerent
514 319 783 379 aliarumque
821 318 1049 365 civitatum
1084 317 1177 363 iura
1211 333 1441 376 moresque
1477 328 1806 375 cognoscerent,
1843 313 1996 361 decern

182 390 351 438 tabulas
380 390 578 450 primum
611 392 914 434 Romanarum
946 385 1091 446 legum
1123 398 1482 446 composuerunt,
1515 383 1672 444 quibus
1704 382 1861 430 deinde
1890 382 1996 430 duas

184 477 285 506 cum
303 457 573 513 adiecissent,
590 474 723 503 omne
741 456 805 502 ius
822 459 1090 510 Romanum,
1109 453 1229 514 quod
1245 452 1479 500 duodecim
1496 451 1743 500 tabularum
1759 450 1997 512 appellave-

184 542 301 583 runt,
326 527 469 574 aeneis
491 526 678 572 incisum
703 523 860 571 tabulis
883 522 1133 570 absolutum
1159 537 1233 569 est.

267 600 390 642 Nam
423 593 544 654 quod
575 593 734 639 multas
764 592 983 639 existimas
1014 590 1197 637 incultas
1228 604 1269 637 et
1298 590 1425 636 rudes
1455 590 1654 636 nationes
1685 589 1816 635 etiam
1845 588 2000 635 litteris

184 681 344 719 carere,
367 662 532 709 nedum
557 660 736 721 legibus,
763 678 871 721 quae
895 660 1059 720 scripto
1084 673 1300 714 constant,
1323 659 1518 719 primum
1544 658 1617 703 vix
1640 658 1699 704 ita
1720 674 1813 703 rem
1837 656 1996 703 habere

182 731 462 793 persuadeor.
483 729 695 776 Videmus
718 729 836 775 enim
856 729 1099 775 animantes
1117 744 1292 787 quoque
1312 744 1420 787 quae
1439 726 1620 773 rationis
1639 739 1768 785 atque
1785 725 1997 772 orationis

184 818 263 847 usu
293 813 457 854 carent,
483 797 692 858 quasdam
720 811 869 844 tamen
895 795 977 843 sibi
1004 810 1130 842 notas
1158 795 1278 855 quasi
1305 794 1469 841 litteras
1495 793 1782 849 constituisse,
1813 792 1868 840 ad
1891 810 1996 853 quas

185 867 453 915 conveniant
471 866 540 913 vel
560 865 615 913 ad
630 883 772 912 escam
790 864 857 911 vel
877 881 1008 924 opem
1029 862 1268 919 ferendam,
1286 862 1353 909 vel
1374 862 1428 909 ad
1444 876 1595 909 cantus
1612 860 1805 908 edendos
1823 875 1864 908 et
1880 860 1998 908 laeti-

184 937 292 984 tiam
308 936 562 983 animorum
581 932 882 981 exercendam.
899 936 1074 993 Operae
1090 946 1152 979 est
1166 931 1359 992 pretium
1374 930 1563 977 ululatus
1580 946 1919 990 nonnumquam
1937 928 1998 976 lu-

183 1022 347 1066 porum
375 1002 601 1050 attendere
623 1016 752 1062 atque
777 1019 931 1048 eorum
955 1001 1226 1056 varietatem,
1249 1014 1297 1046 ut
1320 999 1466 1059 lingua
1491 998 1679 1059 quadam
1702 1015 1779 1045 sua
1802 996 1997 1058 colloqui

186 1091 260 1120 eos
284 1074 399 1119 inter
419 1090 462 1119 se
484 1071 622 1132 possis
645 1085 812 1131 putare.
837 1069 886 1116 Id
907 1083 1022 1116 certe
1044 1068 1214 1125 accidit,
1236 1082 1284 1115 ut
1306 1082 1401 1115 tota
1420 1067 1539 1124 silva,
1563 1081 1778 1128 quantum
1803 1065 1998 1114 exaudiri

184 1141 375 1189 ululatus
395 1154 556 1201 potest,
579 1140 783 1187 citissime
805 1137 1015 1199 quicquid
1033 1152 1095 1185 est
1115 1138 1160 1184 in
1181 1155 1229 1184 ea
1245 1137 1453 1198 luporum
1477 1150 1775 1196 congregetur.
1797 1134 1999 1182 Turdum

185 1227 374 1270 aucupes
395 1210 440 1255 in
461 1226 591 1256 cavea
608 1207 866 1255 conclusum
889 1206 1107 1254 collocant
1127 1206 1242 1253 inter
1260 1205 1434 1262 fruteta,
1453 1205 1527 1266 qui
1546 1203 1736 1252 modulis
1756 1221 1879 1251 suam
1899 1221 1997 1264 gen-

185 1294 276 1326 tem
300 1278 430 1325 variis
453 1277 507 1324 ad
527 1291 835 1338 praeparatum
858 1276 1025 1323 viscum
1049 1274 1276 1336 pertrahit.
1300 1276 1511 1321 Turtures
1535 1291 1711 1334 quoque
1735 1273 1912 1334 capiunt
1937 1273 1998 1319 in·

186 1347 352 1394 dustria
388 1345 505 1393 haud
540 1345 750 1392 dissimili.
789 1341 1093 1405 Scipionem112
1135 1358 1221 1390 tres
1255 1342 1437 1403 longum
1475 1342 1647 1389 cubitos
1682 1341 1758 1389 ubi
1794 1340 1997 1388 devolare

186 1415 496 1463 consueverint
520 1413 654 1461 altera
670 1428 793 1474 parte
814 1412 999 1473 affigunt
1022 1411 1158 1468 humi,
1183 1426 1280 1472 apte
1301 1426 1450 1458 tamen
1469 1425 1517 1458 ut
1539 1410 1709 1458 moveri
1730 1424 1772 1457 et
1791 1409 1925 1457 levari
1945 1408 1999 1457 al-

186 1499 279 1531 tera
297 1483 535 1531 commode
555 1496 699 1543 queat,
720 1482 765 1528 in
786 1499 871 1542 qua
890 1482 1091 1528 intexunt
1112 1481 1312 1527 iunceam
1329 1479 1558 1540 plagellam
1579 1493 1884 1539 turturemque
1902 1478 2001 1539 liga-

186 1567 283 1599 tum
304 1551 490 1612 pedibus
512 1551 765 1611 imponunt;
791 1549 948 1596 deinde
966 1548 1200 1596 sustollunt
1225 1566 1325 1595 cum
1344 1547 1526 1608 plagella
1545 1561 1764 1594 turturem
1783 1545 1995 1602 funiculo,

187 1638 277 1681 quo
300 1638 407 1666 mox
431 1619 578 1666 laxato
599 1618 852 1678 volatuque,
876 1617 983 1664 dum
1006 1616 1061 1664 ad
1080 1631 1241 1664 terram
1260 1615 1442 1677 plagella
1464 1615 1590 1672 redit,
1613 1615 1817 1671 excitato,
1838 1632 2000 1661 convo-

186 1688 278 1736 lant
295 1702 501 1744 turtures,
518 1702 566 1734 ut
582 1701 764 1734 vocatos
781 1685 908 1733 fuisse
927 1685 1092 1733 alarum
1110 1684 1262 1746 ligatae
1276 1684 1523 1746 planctibus
1542 1683 1665 1731 facile
1681 1683 1852 1731 dixeris.
1870 1683 1999 1730 Cico-

187 1758 283 1804 niae
309 1775 411 1804 cum
439 1755 643 1803 advolare
668 1770 740 1802 aut
768 1754 962 1802 revolare
989 1772 1165 1815 quoque
1190 1753 1346 1800 volunt
1377 1754 1494 1814 (nam
1521 1771 1610 1813 quo
1637 1752 1690 1799 de
1714 1751 1815 1799 loco
1841 1751 1895 1799 ad
1919 1769 2000 1798 nos

186 1826 365 1873 veniant
387 1826 716 1885 incompertum
739 1824 833 1884 est),
854 1823 982 1870 Asiae
1000 1822 1251 1883 patentibus
1272 1822 1317 1868 in
1339 1822 1502 1882 campis
1522 1834 1805 1881 congregatae
1823 1821 1939 1867 inter
1956 1837 2000 1867 se

187 1907 586 1941 commurmurant.
615 1896 743 1952 Quae
766 1892 1003 1939 novissima
1026 1891 1202 1938 advenit
1224 1890 1488 1951 discerpunt,
1512 1904 1641 1950 atque
1663 1890 1722 1936 ita
1742 1886 1970 1936 abeunt.¹¹3

272 1962 402 2009 Plura
416 1976 517 2009 sunt
536 1975 761 2022 praeterea
776 1978 884 2021 quae
902 1959 1049 2007 afferri
1063 1973 1246 2020 possunt
1266 1958 1318 2006 de
1337 1958 1402 2006 his
1420 1958 1711 2006 animantium
1729 1958 1845 2005 inter
1859 1975 1903 2004 se
1920 1957 1997 2017 sig-

187 2029 519 2077 nificationibus
545 2047 677 2090 quam
702 2047 810 2090 quae
835 2028 977 2075 dicere
1000 2029 1045 2074 in
1068 2028 1313 2089 praesentia
1335 2027 1580 2074 conveniat.
1605 2030 1772 2074 Verum
1797 2026 1872 2087 qui
1895 2025 2001 2073 haec

187 2098 562 2154 animadverterit,
579 2112 620 2144 et
637 2112 760 2144 muta
777 2115 825 2144 ac
840 2098 1009 2144 ratione
1027 2097 1218 2143 carentia
1232 2114 1281 2143 ea
1295 2110 1444 2143 tamen
1461 2110 1631 2142 notasse
1650 2096 1764 2142 inter
1778 2112 1821 2141 se
1839 2094 1997 2155 quibus

186 2185 310 2214 sensa
324 2185 401 2214 sua
417 2166 771 2213 demonstrarent
788 2165 1057 2225 cogitaverit,
1074 2182 1166 2211 non
1182 2164 1372 2211 arbitror
1386 2163 1509 2210 facile
1523 2162 1764 2210 adducetur
1776 2177 1825 2210 ut
1841 2161 2000 2209 alicubi

187 2250 405 2282 terrarum
424 2235 612 2281 inveniri
631 2252 734 2294 gens
750 2234 886 2294 possit
907 2248 997 2280 tam
1016 2233 1127 2289 rudi,
1146 2247 1236 2280 tam
1256 2232 1415 2288 hebeti,
1433 2246 1524 2279 tam
1539 2231 1751 2292 plumbeo
1771 2230 2002 2291 ferreoque

188 2304 366 2363 ingenio
394 2320 503 2362 quae
530 2320 625 2349 suas
652 2316 694 2348 et
720 2300 888 2362 ipsae114
916 2301 997 2348 sibi
1024 2315 1162 2356 notas,
1191 2300 1347 2360 quibus
1374 2299 1513 2346 valeat
1539 2300 1654 2346 inter
1676 2317 1719 2346 se
1746 2299 1998 2345 animorum

188 2371 433 2431 exprimere
457 2369 653 2426 affectus,
677 2387 781 2430 quas
801 2369 966 2416 litteras
985 2386 1207 2424 vocamus,
1231 2386 1323 2415 non
1346 2367 1668 2428 excogitaverit.
1689 2366 1772 2414 Sed
1792 2367 1878 2413 sint
1899 2383 2001 2413 sane

189 2438 402 2486 illitterati
423 2453 553 2499 atque
576 2437 743 2498 exleges
766 2437 957 2498 quidam.
983 2436 1219 2497 Numquid
1245 2436 1296 2483 ab
1322 2435 1386 2483 his
1408 2450 1643 2496 propterea
1665 2435 1740 2495 qui
1761 2435 1852 2482 sine
1877 2433 2001 2481 indu-

187 2508 305 2563 stria,
323 2508 415 2554 sine
436 2506 605 2563 litteris,
625 2521 666 2553 et
684 2505 738 2553 ad
754 2520 955 2553 naturam
974 2506 1144 2562 vivunt,
1163 2519 1211 2552 ut
1230 2504 1402 2561 dicitur,
1420 2505 1511 2551 sine
1531 2503 1671 2560 laude,
1688 2503 1780 2551 sine
1800 2503 1996 2559 nomine,

188 2594 243 2623 an
265 2575 317 2623 ab
339 2576 398 2622 eis
418 2576 567 2636 potius
591 2575 666 2635 qui
687 2575 840 2622 ceteris
859 2573 1110 2621 nationibus
1135 2587 1176 2620 et
1196 2573 1298 2620 belli
1320 2587 1361 2620 et
1378 2573 1496 2634 pacis
1516 2571 1653 2633 gloria
1671 2572 1997 2632 praestiterunt,

188 2644 300 2691 bene
324 2643 505 2691 vivendi
531 2643 730 2704 exempla
752 2642 966 2690 sumenda
990 2657 1105 2699 sunt,
1132 2643 1282 2702 iusque
1309 2641 1407 2698 hoc,
1436 2659 1525 2702 quo
1550 2655 1666 2688 certe
1688 2658 1822 2701 genus
1850 2639 1999 2687 huma-

189 2730 297 2759 num
314 2713 576 2773 protegitur,
594 2711 810 2767 coalescit,
828 2711 970 2767 alitur,
986 2710 1040 2758 ad
1054 2710 1341 2758 barbarorum
1360 2709 1666 2770 negligendum
1686 2707 1886 2764 modum,
1904 2725 1997 2755 non

189 2780 243 2827 ad
258 2798 414 2827 eorum
435 2781 510 2841 qui
526 2780 762 2840 sapientiae
780 2779 979 2826 laudibus
1000 2778 1231 2834 excellunt,
1250 2777 1635 2838 complectendum
1655 2791 1784 2837 atque
1801 2775 1999 2823 excolen-

190 2849 297 2896 dum
327 2851 410 2896 est?
438 2852 547 2907 Quo
572 2847 777 2908 profecto
803 2862 851 2894 ut
879 2865 922 2894 re
949 2865 1125 2907 quoque
1155 2846 1262 2892 nihil
1292 2846 1452 2893 habent
1480 2845 1680 2892 homines
1710 2844 1912 2900 divinius,
1942 2844 2002 2891 ita

190 2918 323 2964 etiam
349 2916 623 2977 praeclarum
650 2934 816 2963 nomen
845 2930 906 2962 est
932 2916 1139 2962 sortitum
1166 2929 1213 2962 ut
1241 2914 1286 2961 id
1311 2932 1486 2975 quoque
1515 2913 1752 2960 admonere
1779 2912 2000 2973 dignitatis

190 3000 320 3045 atque
337 2985 538 3032 utilitatis
557 2984 681 3031 facile
697 2985 846 3044 possit.
870 2985 966 3030 Sive
986 2984 1104 3030 enim
1124 3001 1147 3030 a
1166 2982 1357 3030 iuvando
1378 2983 1442 3029 ius
1459 2983 1512 3029 sit
1533 2981 1714 3037 dictum,
1733 2981 1822 3028 sive
1841 2998 1866 3027 a
1883 2984 2000 3036 Iove,

191 3054 265 3113 qui
290 3054 407 3108 iuris,
434 3067 481 3099 ut
506 3070 635 3112 supra
660 3052 763 3107 dixi,
789 3066 943 3098 auctor
963 3065 1144 3111 putatur
1167 3068 1190 3097 a
1213 3049 1486 3110 quibusdam,
1514 3048 1666 3096 afferet
1688 3048 1881 3095 nominis
1907 3048 1998 3094 eius

191 3120 400 3167 deductio
435 3120 757 3166 auctoritatem.
793 3118 918 3178 Quid
953 3119 1071 3165 enim
1107 3132 1168 3165 est
1201 3117 1461 3178 praeclarius
1496 3134 1627 3177 quam
1661 3115 1854 3162 iuvando
1887 3115 1999 3162 bene

192 3189 350 3235 mereri
370 3187 423 3234 de
442 3187 638 3234 humano
658 3205 828 3247 genere,
847 3201 895 3233 ut
915 3186 966 3233 de
985 3185 1191 3242 Hercule,
1210 3185 1262 3232 de
1281 3185 1485 3232 heroibus
1506 3183 1648 3231 adhuc
1665 3184 1797 3231 etiam
1815 3182 2001 3230 Graecia
