2124 3458
235 178 325 219 438

358 323 479 369 Picta
499 320 643 368 modis
667 320 829 376 multis,
855 319 1006 367 divum
1031 318 1274 366 redolentia
1294 318 1422 366 dona.

357 392 469 438 Tam
493 389 655 437 multae
677 389 853 450 species,
877 403 967 435 tam
990 387 1129 435 multa
1149 388 1380 434 vocamina
1401 405 1510 448 quae
1531 387 1617 434 sint

357 460 518 506 Dicere
540 457 720 505 difficile
742 471 803 504 est
826 457 1075 517 variataque
1096 455 1276 503 reddere
1296 473 1435 502 versu.

358 528 473 586 Quis
497 526 635 573 modo
658 526 1020 585 Crustumiasque
1043 525 1163 585 piros
1187 523 1454 584 grandesque
1476 523 1674 570 volemos

357 595 565 651 Noverit,
590 608 662 641 aut
684 611 760 640 usa
782 607 844 640 est
867 592 974 640 olim
999 592 1155 653 quibus
1180 591 1293 639 alma
1312 606 1502 638 vetustas

357 663 580 710 Nomina?
606 680 707 709 cum
732 661 859 708 rebus
880 661 1047 721 periere
1069 659 1282 707 vocabula
1305 677 1464 716 rerum,

359 736 450 778 Aut
472 745 573 777 sunt
598 730 777 776 mutatis
799 729 983 776 obscura
1007 729 1180 788 negotia
1200 728 1355 774 verbis.
1403 740 1405 742 ’

357 804 495 845 Nunc
519 799 650 858 igitur
673 798 832 844 nostris
856 796 1172 856 intellectisque
1195 813 1399 842 canemus

358 865 645 913 Nominibus.
674 867 869 912 Tantum
894 883 921 911 o
945 865 1054 911 ausis
1078 882 1169 910 non
1193 863 1301 910 desit
1324 862 1501 923 Apollo:

358 934 554 982 Vocibus
578 933 702 990 adde,
722 947 860 994 pater,
883 932 1148 993 rudibusque
1174 932 1385 992 novisque
1410 930 1627 978 decorem.

359 1002 557 1050 Difficile
580 1017 642 1049 est
665 1002 829 1049 etenim
852 1016 893 1048 et
913 1000 1095 1062 plenum
1121 1018 1236 1047 nova
1257 999 1414 1047 cudere
1434 999 1533 1046 litis.

359 1145 474 1200 Ergo
495 1140 616 1200 piros
640 1153 731 1186 tam
755 1137 1017 1198 multiplices
1040 1136 1256 1198 plantabis
1279 1135 1431 1183 eadem

358 1211 508 1264 Terra,
530 1207 606 1255 sed
628 1207 811 1254 meliora
834 1206 942 1253 feret
965 1206 1216 1266 maioraque
1237 1205 1421 1266 pinguis.

359 1281 468 1324 Uno
491 1276 761 1337 proveniunt
787 1293 890 1335 agro
912 1274 1097 1321 feliciter
1116 1291 1283 1329 omnes,

359 1344 443 1392 Sed
466 1344 680 1392 ‘caruella'
705 1344 839 1404 magis
860 1343 1093 1404 peregrino
1116 1343 1161 1388 in
1183 1342 1329 1402 stipite
1351 1341 1462 1388 laeta
1482 1355 1558 1397 est;

361 1414 493 1460 Insita
515 1430 617 1460 nam
642 1412 761 1459 dabit
785 1411 856 1458 illa
878 1412 1011 1471 magis
1035 1410 1268 1471 fragrantia
1286 1427 1421 1470 poma

360 1486 413 1528 Et
435 1482 635 1541 graviora
656 1480 737 1527 tibi
758 1479 930 1540 levique
951 1479 1178 1539 putamine
1202 1492 1328 1524 tecta.

361 1554 451 1596 Iam
475 1566 616 1608 neque
641 1547 881 1594 ‘vulveolis'
909 1546 1060 1593 eadem
1082 1560 1236 1593 natura
1255 1545 1434 1606 pusillis,

360 1617 444 1664 Sed
466 1634 607 1677 neque
632 1615 851 1676 ‘glaciolis’
878 1615 1037 1662 teneris
1058 1614 1247 1674 serisque
1273 1613 1478 1673 ‘ruginis‘,

362 1689 490 1745 Quae
513 1685 712 1745 quamvis
736 1685 937 1744 ipsaeque
959 1682 1100 1730 solent
1126 1682 1361 1729 inolescere
1384 1682 1513 1728 ramis

360 1754 576 1809 Externis‚
600 1767 750 1799 tamen
773 1766 813 1799 et
833 1751 994 1812 plantis
1017 1750 1236 1797 robustius
1262 1750 1402 1805 ibunt,

362 1827 411 1868 In
433 1837 614 1869 truncos
637 1820 759 1868 tarde
781 1819 955 1867 defosso
978 1837 999 1866 e
1021 1819 1186 1866 semine
1209 1832 1397 1878 surgent.

362 1895 452 1938 Iam
476 1904 647 1937 matura
666 1903 794 1950 potes
814 1889 958 1949 prima
981 1887 1211 1948 decerpere
1233 1904 1368 1934 messe

363 1958 561 2006 ‘Iuniola'
588 1972 629 2005 et
650 1972 822 2018 gratum
847 1957 1006 2004 mensis
1031 1955 1130 2003 inde
1154 1955 1310 2003 addere
1333 1954 1563 2002 honorem.

363 2027 644 2075 ‘Sementina'
669 2027 815 2082 etiam,
839 2025 995 2086 quibus
1020 2039 1061 2072 et
1083 2042 1200 2071 nunc
1224 2041 1389 2071 nomen
1412 2037 1453 2070 et
1475 2022 1615 2079 arbos,

361 2097 603 2143 Mitescunt
627 2095 839 2155 quoniam
861 2094 1008 2154 primo
1033 2111 1134 2140 curn
1156 2093 1321 2139 semine
1345 2091 1472 2139 dicta.

362 2168 423 2211 At
447 2163 620 2210 ‘nicola'
646 2164 691 2209 in
714 2162 918 2209 brumam
944 2161 1101 2208 durant
1124 2175 1166 2208 et
1189 2160 1407 2216 ‘sorbula'‚
1434 2177 1598 2206 nomen

361 2232 500 2279 Sorba
522 2231 679 2278 dedere
702 2230 872 2291 quibus,
896 2230 1131 2277 sorborum
1158 2230 1327 2275 imitata
1346 2246 1561 2288 saporem;

362 2300 594 2360 Multaque
614 2313 852 2359 praeterea,
874 2315 1065 2358 quorum
1090 2296 1228 2343 modo
1251 2297 1433 2342 nomina
1457 2295 1616 2342 carthis

362 2372 474 2414 Non
498 2385 607 2428 opus
632 2367 858 2413 inseruisse
884 2366 1004 2422 meis;
1027 2364 1102 2412 sed
1124 2379 1165 2412 et
1187 2364 1319 2411 altera
1338 2381 1462 2424 saepe

363 2436 558 2483 Alterius
579 2435 713 2496 paleis
736 2436 899 2481 intecta
919 2434 1102 2480 invisere
1126 2433 1272 2479 messis

363 2508 502 2551 Poma
523 2503 666 2551 solent
691 2502 938 2563 rigidosque
963 2501 1132 2562 hyemis
1156 2515 1440 2548 contemnere
1463 2517 1619 2546 mores.

363 2640 447 2688 Sed
469 2658 549 2687 nec
572 2639 685 2687 mala
706 2640 851 2686 minus
874 2656 1018 2686 serum
1042 2652 1270 2685 servantur
1291 2637 1336 2683 in
1359 2654 1523 2684 annum

363 2714 538 2770 Verque
560 2708 712 2755 vident
734 2707 902 2768 fugiens
925 2708 1088 2754 intecta
1107 2720 1236 2766 atque
1257 2705 1390 2752 altera
1410 2704 1535 2760 mala,

365 2776 587 2838 ‘Appiola'
615 2777 660 2822 in
681 2777 835 2837 primis
860 2790 901 2822 et
923 2774 1045 2822 fusco
1068 2775 1259 2834 tegmine
1283 2776 1419 2820 ‘testa'

367 2847 450 2907 (Tu
474 2863 624 2892 curam
647 2844 756 2892 adde
779 2843 916 2891 modo
939 2842 1109 2890 foetum
1133 2856 1359 2903 expectare
1380 2840 1619 2900 novellum)

365 2918 581 2974 Quaeque
604 2913 752 2960 colore
778 2930 893 2959 rosas
917 2911 1110 2958 referunt
1133 2925 1262 2970 atque
1283 2909 1383 2956 inde
1405 2923 1632 2956 vocantur.

366 2987 471 3029 Lata
491 2999 668 3042 quoque
692 2995 733 3027 et
754 2981 883 3026 variis
905 2979 1123 3026 malorum
1149 2979 1331 3024 nomina
1354 2978 1490 3024 terris:

366 3050 643 3096 Consentina
664 3048 807 3095 solent
830 3047 978 3094 biferis
1002 3046 1237 3092 inolescere
1258 3045 1415 3105 pomis.

367 3120 566 3172 Caetera,
587 3117 621 3162 si
644 3115 771 3162 tellus
794 3132 886 3161 non
909 3113 1051 3160 officit
1075 3112 1268 3168 humida,
1293 3111 1480 3158 reddunt

367 3189 543 3240 Annua,
568 3202 677 3244 quae
699 3184 861 3230 siccant
885 3183 929 3228 in
951 3181 1041 3229 sole
1065 3196 1106 3228 et
1128 3180 1306 3228 condita
1326 3193 1511 3227 servant.

1827 180 1964 214 PART
1989 181 2040 214 VI

1864 537 1925 569 495

1865 877 1941 911 500,

1866 1286 1927 1317 505

1867 1626 1930 1657 510

1867 1967 1929 1999 515

1868 2308 1931 2339 520

1868 2716 1930 2748 525

1869 3055 1932 3086 5³0
