2124 3458
147 169 1953 224 Μ-ῄ-ῄῄᾼ

148 313 368 374 alteraque
384 312 569 360 solstitia
588 312 794 360 traduxit.
814 312 897 360 Sed
915 314 1010 374 quis
1029 327 1125 360 tum
1146 313 1291 360 credat
1308 331 1360 360 ex
1380 313 1548 361 indicto
1567 314 1731 361 ieiunio
1751 332 1954 375 procura-

147 396 238 429 tam
273 380 532 441 ingluviem?
571 380 756 441 Aliquot
790 381 981 441 putarim
1017 398 1155 428 annos
1189 380 1242 428 de
1277 381 1513 429 ieiunando
1547 381 1773 429 decretum
1804 397 1951 429 sancte

147 448 328 496 fortasse
353 449 482 496 initio
508 447 635 495 fuisse
658 463 892 495 servatum.
919 448 1106 505 Deinde,
1132 466 1255 496 more
1282 448 1497 496 humanae
1523 464 1700 497 naturae
1724 450 1951 497 ruentibus

145 535 319 578 semper
335 518 380 563 in
398 516 616 564 deteriora
631 516 771 573 rebus,
789 516 964 564 licentia
978 517 1142 564 innasci
1159 518 1329 578 occepit
1346 532 1446 565 ante
1458 518 1726 579 principium
1748 519 1951 565 ieiunior-

145 603 222 632 um
246 600 294 632 ut
318 585 452 632 saturi
476 584 633 632 fierent
656 599 698 631 et
721 584 1010 645 implerentur
1032 585 1246 642 carnibus,
1274 603 1297 632 a
1319 585 1476 646 quibus
1502 601 1609 633 esset
1633 600 1733 633 toto
1757 585 1949 633 deinde²³

146 653 311 700 ieiunio
331 652 653 700 abstinendum.
676 656 804 712 Quae
822 652 1000 713 quidem
1018 652 1072 700 ad
1088 671 1182 700 eam
1201 654 1287 700 iam
1303 655 1513 714 processit
1533 654 1881 714 magnitudinem
1901 669 1949 702 ut

144 721 256 768 vitio
274 735 471 767 vertatur
486 721 521 767 si
542 721 638 781 quis
659 720 866 767 omnibus
887 738 930 767 se
950 721 1066 768 vitiis
1086 735 1214 782 atque
1233 722 1357 768 omni
1379 721 1658 782 voluptatum
1679 740 1835 782 genere
1857 740 1949 769 non

144 789 509 849 coinquinaverit.
529 792 710 844 Verum,
731 788 838 849 quid
853 788 898 835 id
914 788 1087 836 chartae
1104 803 1165 836 est
1184 789 1305 850 quod
1322 789 1396 836 diu
1413 808 1555 837 versas
1572 791 1617 836 in
1635 790 1856 837 manibus?
1877 795 1951 836 An

144 871 192 903 tu
214 856 397 903 attulisti
417 855 581 916 aliquid
602 856 655 903 de
674 857 826 903 vestris
846 858 1171 913 commentaris,
1194 875 1284 917 quo
1306 857 1465 904 nobilis
1489 857 1601 905 illius
1623 859 1948 906 controversiae

144 942 230 985 qua
249 924 339 971 duo
358 923 690 984 praeclarissimi
711 925 826 971 inter
843 942 886 971 se
907 924 1201 972 iurisconsulti
1224 925 1357 985 paulo
1378 940 1478 972 ante
1497 925 1822 973 contenderunt
1843 926 1949 973 fiam

143 1006 223 1039 tuo
245 991 394 1039 labore
416 1009 636 1052 operaque
659 992 932 1039 instructior?
955 992 1095 1051 Quod
1116 1007 1158 1040 et
1178 1011 1376 1053 rogaram
1398 993 1694 1054 superioribus
1720 994 1885 1050 diebus,
1908 1009 1950 1041 et

142 1077 423 1120 summopere
448 1059 736 1120 expetebam.'

229 1131 358 1175 ‘Istuc
374 1128 517 1188 ipsum
538 1128 632 1188 egi,’
652 1128 794 1188 inquit
812 1128 1140 1185 Machiavellus‚
1158 1132 1247 1176 ‘tua
1262 1130 1398 1189 gratia
1411 1129 1612 1186 libenter,
1630 1144 1726 1177 tum
1745 1131 1846 1191 quia
1860 1148 1949 1191 gra-

142 1210 239 1243 tum
266 1213 337 1242 me
364 1195 445 1242 tibi
471 1213 558 1242 esse
586 1194 805 1242 facturum
833 1196 1145 1253 intellexeram,
1171 1211 1267 1244 tum
1295 1211 1343 1244 ut
1369 1196 1738 1254 Pandectarum‚²⁴
1766 1216 1875 1259 quae
1903 1199 1948 1245 in

142 1264 309 1311 Palatio
335 1265 450 1311 inter
473 1263 650 1325 publica
677 1279 967 1312 monumenta
995 1280 1141 1312 sancte
1165 1273 1425 1322 servantur,g
1451 1267 1702 1314 auctoritati
1728 1266 1947 1314 adderem.

141 1336 221 1380 Eas
239 1347 387 1379 autem
405 1350 486 1392 ego
503 1332 694 1380 arbitror
712 1333 806 1393 (etsi
823 1334 1018 1380 assentiri
1035 1348 1083 1380 tu
1101 1352 1193 1380 non
1210 1333 1335 1394 soles)
1357 1335 1660 1391 Iustinianum,
1681 1350 1781 1396 post
1801 1353 1946 1382 emen-

141 1400 289 1448 datam
319 1400 465 1460 legum
498 1401 739 1461 priscarum
774 1400 1094 1458 confusionem,
1131 1401 1185 1449 ad
1216 1420 1316 1449 eum
1352 1402 1537 1450 modum
1571 1418 1620 1450 ut
1651 1403 1947 1451 scriberentur

141 1486 308 1515 curasse
327 1468 594 1516 membranis
612 1468 848 1516 sublucidis
867 1470 1143 1526 tenuissimis,
1166 1470 1412 1518 maiusculis
1429 1470 1584 1518 litteris
1602 1472 1791 1532 antiquis
1810 1473 1947 1519 conti-

141 1537 283 1584 nuatis
314 1554 368 1583 ne
398 1537 505 1597 quid
534 1537 683 1584 abradi
713 1552 785 1584 aut
815 1539 1080 1585 commutari
1110 1538 1264 1586 addive
1293 1554 1366 1586 aut
1397 1539 1514 1586 demi
1542 1541 1634 1587 sine
1666 1555 1814 1601 aperta
1842 1555 1948 1588 nota

138 1619 299 1665 posset,
328 1619 375 1651 ut
401 1620 679 1665 permaneret
707 1605 752 1652 id
779 1606 856 1662 ius,
886 1606 1007 1666 quod
1033 1624 1076 1653 se
1103 1621 1280 1654 auctore
1308 1608 1353 1653 in
1382 1607 1584 1655 ordinem
1614 1623 1704 1655 erat
1731 1608 1948 1656 claritudi-

141 1691 330 1733 nemque
342 1691 515 1720 summa
531 1691 631 1720 cum
646 1673 783 1734 gloria
797 1673 1022 1721 redactum
1035 1675 1340 1735 imperatoriae
1354 1676 1602 1733 maiestatis,
1617 1677 1943 1734 intemeratum,

140 1742 462 1801 incorruptum,
492 1756 770 1802 perpetuum,
801 1740 879 1789 et²5
905 1742 1006 1789 inde
1033 1757 1281 1790 ceterorum
1309 1745 1512 1791 omnium
1542 1743 1811 1801 librorum,²⁶
1837 1746 1944 1806 peti-

139 1823 183 1856 ta
198 1809 396 1865 veritate,
415 1809 755 1857 emendarentur
772 1828 952 1857 errores.
974 1811 1183 1858 Arbitror
1200 1830 1307 1859 vero
1325 1811 1490 1859 factum
1509 1827 1764 1874 temporum
1788 1814 1946 1861 iniuria

141 1877 516 1938 (quandoquidem
538 1878 597 1925 ita
614 1879 751 1925 variat
771 1879 1009 1940 miscetque
1030 1878 1221 1940 fortuna)
1244 1895 1292 1928 ut
1313 1881 1445 1928 etiam
1466 1880 1511 1927 hi
1532 1881 1631 1928 libri
1652 1882 1853 1929 venirent
1874 1882 1945 1929 ali-

138 1945 317 2006 quando
337 1946 383 1991 in
404 1945 692 1993 barbarorum
712 1947 912 1994 victrices
931 1965 1096 1995 manus.
1120 1949 1297 1995 Pisanos
1318 1963 1464 1996 autem
1484 1963 1600 1996 terra
1617 1950 1812 2011 marique
1834 1950 1942 1997 olim

134 2011 391 2074 potentes,²⁷
418 2032 519 2061 cum
546 2015 591 2060 in
618 2032 692 2062 eos
717 2014 832 2062 forte
858 2015 1123 2073 incidissent,
1151 2034 1242 2064 non
1268 2035 1428 2078 magno
1453 2019 1599 2079 pretio
1623 2018 1868 2075 redemisse,
1895 2034 1944 2066 ut

134 2096 243 2142 puta
265 2082 340 2142 qui
363 2100 387 2129 a
408 2082 601 2130 barbaris
625 2101 771 2130 rerum
796 2084 953 2144 ignaris
976 2085 1092 2131 inter
1113 2103 1178 2132 res
1199 2085 1305 2132 viles
1329 2085 1605 2134 haberentur.
1631 2087 1736 2134 Pisis
1760 2087 1941 2135 demum

135 2150 262 2196 victis
283 2167 307 2196 a
327 2150 467 2206 nobis,
493 2150 601 2197 nihil
624 2152 844 2212 antiquius
867 2152 1104 2200 maioribus
1128 2154 1287 2201 nostris
1309 2153 1390 2201 fuit
1413 2172 1544 2215 quam
1565 2154 1834 2215 digestorum
1859 2155 1939 2203 hos

136 2218 453 2278 quinquaginta
474 2217 609 2266 libros
635 2218 720 2266 huc
742 2219 988 2267 transferre.
1012 2222 1105 2280 Qui
1125 2222 1258 2282 positi
1283 2222 1327 2268 in
1351 2222 1530 2279 Palatio,
1551 2237 1600 2270 ut
1622 2241 1752 2284 supra
1774 2223 1943 2271 dictum

136 2300 212 2341 est,
238 2303 385 2333 rerum
411 2287 543 2333 etiam
567 2305 786 2334 sacrarum
812 2288 1002 2336 honores
1028 2305 1290 2337 assecuntur.
1318 2292 1558 2338 Attrectari
1579 2292 1697 2339 enim
1724 2310 1816 2339 non
1841 2292 1942 2340 licet

135 2352 314 2400 decreto
333 2354 514 2414 publico
540 2355 621 2401 nisi
646 2354 864 2403 funalibus
890 2357 970 2404 rite
994 2358 1194 2414 accensis,
1218 2358 1339 2418 quod
1362 2373 1535 2406 tantum
1559 2360 1604 2406 in
1629 2360 1756 2407 rebus
1781 2360 1940 2408 divinis

135 2419 232 2467 fieri
253 2421 515 2469 Christianis
540 2440 636 2469 mos
658 2438 733 2470 est.
755 2423 952 2471 Multum
975 2443 1081 2472 vero
1101 2427 1273 2472 nomini
1297 2426 1464 2474 addidit
1485 2427 1817 2485 Pandectarum,
1839 2447 1939 2476 cum

135 2488 277 2536 adhuc
301 2490 444 2536 Pisani
469 2490 757 2550 possiderent,
783 2492 904 2539 Baldi
930 2488 1201 2554 Bartoliqueh
1226 2494 1384 2542 nobilis
1412 2494 1760 2543 controversia.²⁸
1788 2500 1938 2556 Quam

133 2555 225 2616 lege
247 2557 334 2603 iam
355 2558 390 2604 si
410 2557 582 2618 placet.'

220 2624 379 2672 ‘Placet
406 2629 542 2682 vero,'
573 2627 767 2687 inquam,
799 2631 855 2674 ‘et
881 2630 1076 2688 percurri
1105 2629 1241 2677 oculis
1270 2631 1479 2691 quicquid
1507 2631 1577 2678 ille
1606 2631 1749 2688 docte,
1778 2647 1940 2693 argute,

213 2862 228 2884 ‘
246 2857 324 2896 The
342 2860 484 2897 ancient
502 2859 615 2898 codex
633 2860 675 2898 of
690 2860 752 2899 the
769 2862 933 2900 Pandects
950 2876 994 2900 or
1010 2865 1126 2911 Digest
1146 2863 1220 2912 (the
1238 2877 1333 2902 most
1354 2866 1553 2913 important
1571 2878 1650 2914 part
1669 2866 1710 2904 of
1726 2866 1789 2904 the
1810 2869 1941 2916 Corpus

131 2913 218 2948 Iuris
238 2911 361 2949 Civilis
380 2911 535 2950 codified
555 2913 604 2961 by
623 2913 686 2951 the
704 2927 871 2962 emperor
885 2916 1063 2962 justinian
1081 2917 1121 2953 in
1141 2917 1219 2965 5³3)
1240 2931 1310 2955 was
1330 2918 1496 2966 acquired
1514 2918 1612 2956 from
1631 2919 1693 2957 the
1713 2921 1831 2958 Pisans
1853 2919 1943 2958 after

131 2961 228 3000 their
237 2962 353 3000 defeat
368 2963 417 3011 by
432 2963 602 3002 Florence
616 2966 656 3002 in
671 2969 758 3003 1406
771 2966 842 3004 and
854 2965 941 3015 kept
956 2968 995 3004 in
1006 2967 1069 3005 the
1082 2967 1206 3017 chapel
1220 2968 1261 3006 of
1270 2968 1333 3007 the
1348 2970 1466 3007 Priors
1479 2971 1519 3007 in
1532 2970 1594 3008 the
1609 2970 1755 3009 Palazzo
1771 2971 1940 3016 Vecchio,

131 3027 188 3052 see
206 3015 383 3059 DMarzi,
402 3018 451 3053 La
468 3016 666 3055 cancelleria
681 3017 771 3055 della
786 3018 991 3067 Repubblica
1002 3019 1206 3068 florentina,
1226 3023 1343 3059 Rocca
1360 3023 1429 3059 San
1447 3023 1632 3067 Casciano,
1655 3026 1752 3067 1910,
1771 3027 1850 3061 469.

214 3067 230 3092 ¹²
249 3072 326 3111 The
344 3073 484 3112 famous
503 3074 631 3123 legists,
653 3075 798 3114 Bartolo
814 3076 859 3115 da
877 3077 1109 3116 Sassoferrato
1131 3079 1403 3127 (1313l4-1357,
1422 3095 1479 3118 see
1500 3081 1682 3119 F.Calasso
1704 3083 1743 3119 in
1760 3084 1848 3125 DBI,
1865 3082 1939 3131 s.v.)

132 3124 203 3162 and
220 3124 275 3162 his
291 3125 394 3174 pupil
413 3125 522 3164 Baldo
541 3126 585 3165 de
605 3127 753 3166 Ubaldis
773 3128 935 3177 (d.14oo).
958 3131 1022 3167 On
1038 3130 1101 3168 the
1119 3130 1297 3169 influence
1315 3131 1357 3169 of
1371 3131 1433 3170 the
1449 3135 1565 3181 Digest
1583 3147 1635 3171 on
1651 3133 1714 3171 the
1731 3147 1941 3172 movement

131 3175 191 3214 for
206 3176 276 3214 law
294 3176 440 3222 reform,
459 3192 515 3216 see
534 3179 719 3224 DMaffei,
741 3180 802 3218 Gli
820 3184 906 3219 inizi
921 3181 979 3219 del
992 3186 1206 3220 umanesimo
1219 3183 1398 3231 giuridico,
1418 3184 1544 3229 Milan,
1566 3189 1663 3229 1956,
1684 3189 1806 3224 84-94.
