2118 3444
98 190 327 225 PRIVATE
354 189 581 224 LETTERS
1808 182 1891 222 161

98 322 209 384 um,*’
237 329 283 374 in
307 345 451 374 meam
473 327 656 387 gratiam
679 326 916 374 contulisti.
942 326 1143 373 Severior
1165 327 1243 373 ista
1267 325 1374 372 mihi
1398 324 1586 373 videtur¹
1612 343 1792 373 censura
1814 343 1902 373 esse

98 411 279 444 tuorum
322 392 647 443 ministrorum²
686 412 817 471 quam
857 412 906 442 ea
942 412 1051 470 quae
1089 395 1322 441 conveniat
1363 393 1427 441 his
1466 395 1540 455 qui
1578 394 1899 455 sapientissimo

96 465 286 525 principi
307 463 805 524 indulgentissimoque
795 463 1048 510 mserviunt.
1052 460 1067 487 ³
1086 462 1236 509 Laudo
1253 477 1401 509 tamen
1419 462 1596 509 illorum
1615 462 1900 522 diligentiam,

96 533 131 580 si
151 531 285 579 semel
307 546 380 578 aut
403 549 574 578 rursum
600 548 652 578 ex
674 548 828 578 eorum
851 529 1005 577 officio
1027 529 1280 591 quicquam⁴
1302 531 1346 576 in
1367 531 1577 591 principis
1601 530 1902 577 observantiae

96 617 197 647 suae
227 600 489 646 memoriam
523 598 787 646 reduxerint.
818 598 901 645 Sed
928 599 1192 691 pertinacius
1220 615 1511 659 perseverasse
1542 598 1587 644 in
1616 599 1834 645 sententia
1862 613 1904 645 et

97 668 314 715 obstitisse
342 667 453 714 adeo
476 666 656 723 duriter,
683 666 792 714 adeo
816 666 891 713 diu
916 681 963 713 ut
988 663 1055 713 tu⁵
1080 684 1168 713 esse
1192 666 1443 727 benignus
1432 684 1478 712 in
1504 681 1604 713 tuos
1629 684 1721 713 non
1746 667 1898 727 possis,

97 736 274 794 odiosae
310 736 572 783 curiositatis
605 749 680 782 est.
714 739 874 795 Neque
908 749 970 782 est
1004 734 1125 795 quod
1158 735 1324 795 petitur
1356 734 1494 781 modo
1528 734 1735 795 quodque
1769 749 1817 781 tu
1852 752 1904 781 ex

96 804 295 852 bonitate
331 822 380 851 ac
414 803 643 850 divinitate
676 818 775 850 tuae
811 818 989 850 naturae
1022 818 1112 850 tam
1150 803 1389 850 clementer
1421 804 1588 858 annuis,
1627 821 1651 849 a
1687 802 1902 850 modestia

95 871 343 933 pontificali
368 886 441 919 aut
468 889 491 918 a
515 871 831 918 consuetudine
857 871 1061 918 alienum.
1090 874 1185 918 Cur
1209 871 1352 931 igitur,
1378 871 1412 918 si
1438 885 1486 918 tu
1513 870 1557 917 id
1580 870 1668 927 des,
1694 870 1902 918 dominus

94 941 385 1001 princepsque
416 938 751 995 beneficiorum,
782 939 888 986 alius
918 939 1233 1000 benignitatem
1263 939 1372 985 mihi
1401 954 1523 986 tuam
1554 940 1797 1000 intercipit?
1828 943 1901 985 An

97 1026 190 1055 non
206 1026 250 1055 es
264 1023 312 1055 tu
329 1012 556 1055 Romanus
571 1007 788 1068 pontifex,
807 1008 1089 1054 Innocentius
1104 1022 1297 1063 octavus,
1315 1025 1337 1054 e
1352 1007 1473 1054 caelo
1489 1007 1614 1054 datus
1629 1007 1897 1063 hominibus,

96 1077 171 1136 qui
193 1093 286 1123 non
308 1075 625 1135 benignitatem
648 1074 786 1122 modo
807 1074 883 1122 sed
904 1092 1085 1122 omnem
1107 1093 1246 1135 prope
1268 1075 1479 1122 virtutem
1501 1074 1554 1122 de
1575 1075 1645 1122 via
1666 1074 1899 1135 digressam

96 1159 226 1204 atque
244 1143 416 1190 exulem
436 1143 632 1190 humano
651 1143 798 1203 generi
815 1143 1082 1190 restitueres?
1100 1143 1395 1199 Innocentius,
1417 1143 1611 1203 inquam,
1631 1142 1701 1190 ille
1719 1157 1900 1190 octavus

96 1229 228 1272 quem
262 1229 359 1258 mea
391 1229 500 1258 voce
532 1211 666 1271 paulo
700 1225 800 1258 ante
831 1210 1111 1258 Florentinus
1143 1211 1333 1271 populus
1367 1228 1447 1271 per
1478 1211 1655 1271 legatos,
1691 1211 1899 1258 omnibus

96 1279 387 1335 audientibus,
408 1297 563 1326 verum
583 1278 860 1339 pontificem,
881 1278 1048 1325 Christi
1067 1277 1312 1335 vicarium,⁶
1332 1278 1444 1325 clare
1461 1278 1681 1339 professus
1702 1281 1786 1326 est?
1807 1280 1901 1338 Qui

96 1365 166 1394 me
199 1346 357 1394 deinde
390 1348 435 1393 in
468 1361 714 1407 equestrem
747 1347 932 1394 ascivisti
965 1346 1236 1406 dignitatem,
1269 1347 1344 1407 qui
1375 1347 1586 1393 vocavisti
1618 1344 1691 1393 ad7
1720 1346 1900 1407 pontifi-

96 1416 267 1462 ciorum
288 1414 506 1461 honorem
526 1412 828 1471 secretorum,⁸
847 1432 1065 1475 quemque
1084 1432 1232 1461 carum
1249 1432 1337 1461 esse
1354 1414 1435 1461 tibi
1452 1429 1520 1461 tot
1537 1415 1756 1475 tantisque
1774 1414 1901 1461 rebus

45 1520 54 1526 .
95 1482 368 1530 declaravisti
385 1497 434 1530 ut
454 1500 675 1530 reversum
698 1483 743 1529 in
762 1483 949 1543 patriam
969 1482 1147 1530 beatum
1166 1482 1368 1530 videlicet
1389 1500 1458 1529 me
1479 1483 1732 1543 quempiam
1754 1484 1902 1529 cuncti

93 1551 435 1612 praedicarent?c
453 1550 777 1598 Excideruntne
797 1550 902 1598 haec
922 1551 1130 1598 ministris
1151 1551 1250 1607 tuis,
1272 1551 1429 1612 quibus
1448 1569 1532 1612 pro
1553 1550 1697 1598 alieno
1719 1550 1900 1598 homine

96 1634 169 1667 aut
189 1620 423 1680 peregrino
446 1619 654 1680 quodam,
678 1620 798 1666 cuius
821 1637 986 1666 nomen
1009 1619 1255 1666 inauditum
1277 1620 1346 1675 sit,
1370 1619 1549 1666 habear?

179 1689 243 1735 Te
266 1705 363 1743 oro,
386 1688 654 1735 sanctissime
679 1702 721 1734 et
742 1687 987 1735 beatissime
1010 1702 1147 1748 pater,
1171 1685 1258 1735 me⁹
1281 1702 1407 1734 tuum
1433 1688 1734 1748 man‹cip›ium
1761 1687 1903 1735 addic-

95 1771 192 1803 tum
229 1757 444 1803 maiestati
478 1771 519 1803 et
553 1755 714 1816 gloriae
749 1770 848 1803 tuae
883 1756 1070 1803 ministri
1106 1774 1282 1816 quoque
1318 1757 1383 1803 tui
1417 1771 1465 1803 ut
1502 1757 1721 1812 noverint,
1759 1774 1900 1816 neque

95 1821 259 1870 tuum¹⁰
291 1823 401 1869 mihi
431 1823 698 1870 beneficium
729 1823 921 1870 turbent.
954 1823 1094 1882 Quod
1124 1841 1215 1870 non
1247 1823 1423 1870 inficior
1452 1824 1498 1869 in
1530 1823 1725 1870 multo‹s›
1755 1838 1901 1884 potest

95 1890 287 1939 conferri
308 1909 332 1939 a
352 1906 395 1938 te
413 1890 610 1938 virtute¹¹
633 1891 865 1952 digniores,
887 1891 963 1939 sed
982 1892 1057 1952 qui
1077 1893 1210 1952 magis
1233 1891 1430 1939 addictus
1448 1892 1502 1939 sit
1523 1891 1617 1948 tibi,
1640 1892 1715 1952 qui
1736 1892 1903 1939 maiora

95 1958 240 2021 quae¹²
270 1959 429 2007 collata
453 1961 539 2007 sint
568 1974 709 2020 putet,
737 1960 933 2007 invenire
960 1975 1087 2021 potes
1116 1961 1352 2007 neminem.
1386 1960 1460 2007 Ad
1486 1978 1719 2016 summam,
1751 1960 1902 2007 beatis-

94 2029 203 2075 sime
221 2043 360 2089 pater,
379 2046 528 2075 nonne
548 2028 603 2075 ad
619 2046 689 2075 me
706 2029 911 2088 pertinet,
931 2046 1062 2089 quem
1081 2029 1140 2075 ita
1157 2029 1393 2075 institueris
1413 2028 1640 2084 adornare,
1658 2043 1706 2075 ut
1725 2029 1900 2075 veniam

95 2110 138 2143 te
158 2095 314 2156 dignus
336 2114 513 2156 quoque
538 2096 707 2143 honore
731 2097 776 2142 in
800 2096 1033 2143 hominum
1059 2111 1344 2157 conspectum
1367 2111 1497 2157 atque
1518 2097 1563 2143 in
1586 2115 1635 2144 ea
1656 2114 1833 2158 quoque
1857 2115 1901 2144 re

94 2163 362 2211 beneficium
384 2179 511 2211 tuum
534 2179 576 2211 et
594 2164 871 2225 pontificiam
892 2165 1102 2212 virtutem
1123 2164 1415 2212 admirentur?
1435 2169 1499 2211 Ex
1519 2165 1743 2212 Florentia
1759 2164 1899 2225 pridie

95 2231 302 2279 kalendas
323 2232 461 2279 Iulias.
487 2232 823 2279 Bartholomeus
846 2232 965 2280 Scala
984 2247 1110 2280 tuum
1135 2234 1416 2294 mancipium.

958 2375 1040 2416 200

471 2444 548 2483 To
571 2445 875 2483 GIOVANNI
896 2445 1255 2484 LANFREDINI
1277 2447 1342 2484 IN
1363 2446 1531 2484 ROME

863 2515 886 2551 2
903 2512 1005 2564 July
1027 2515 1132 2552 1487

178 2601 248 2651 N³‚
271 2603 338 2643 fol.
361 2607 444 2644 202.
468 2604 654 2656 Original.
679 2604 796 2644 Hand
816 2604 860 2644 of
878 2604 1026 2657 Filippo
1051 2605 1211 2645 Redditi.
1243 2608 1360 2645 Verso:
1383 2605 1632 2657 ‘[Ma.g]nifico
1658 2606 1818 2645 Oratori

178 2659 401 2700 Florentino
436 2659 598 2700 Iohanni
629 2659 675 2700 de
708 2659 972 2709 [Lanfredjinis
1005 2660 1111 2701 fratri
1141 2674 1177 2701 et
1209 2660 1472 2710 [benefactbri
1503 2676 1590 2701 meo
1623 2661 1818 2713 precipuo.

179 2717 380 2764 [Ro]mae.'
400 2718 507 2756 Note
527 2715 572 2756 of
588 2717 738 2768 receipt:
760 2716 886 2768 ‘luglio
912 2719 1016 2764 1487,
1036 2717 1194 2769 risposta
1216 2720 1260 2757 14
1277 2716 1419 2769 luglio.'

96 2818 334 2879 Magnifice
356 2834 520 2875 orator,
543 2819 800 2866 benefactor
819 2821 891 2866 mi.
917 2824 1081 2867 Harete
1102 2820 1267 2867 havuto
1288 2838 1375 2867 una
1398 2821 1485 2867 mia
1505 2820 1636 2867 breve
1657 2820 1812 2867 lettera
1830 2821 1902 2867 ris-

95 2901 223 2947 posta
249 2886 303 2934 ad
324 2905 412 2934 una
438 2902 585 2934 vostra
608 2905 687 2948 per
711 2887 756 2934 lo
782 2887 932 2935 adviso
957 2887 1000 2935 di
1026 2888 1173 2948 quello
1199 2888 1279 2935 che
1306 2889 1449 2935 insino
1477 2888 1612 2936 allora
1637 2906 1708 2935 era
1730 2889 1900 2948 seguito

176 3075 192 3100 b
208 3083 271 3119 See
287 3081 393 3119 letter
411 3085 486 3125 198,
505 3094 592 3119 note
610 3081 646 3130 b)
665 3082 790 3120 above.

177 3144 191 3158 ⁶
213 3139 338 3178 Scala's
365 3142 489 3178 Oratio
513 3140 561 3178 ad
580 3143 822 3178 Innocentium
852 3143 931 3178 VIII
948 3142 975 3179 is
999 3140 1116 3179 edited
1139 3141 1269 3185 below,
1295 3144 1386 3185 111,4;
1410 3155 1462 3179 on
1484 3141 1556 3179 this
1578 3141 1750 3189 embmy,
1778 3141 1903 3179 Scala’s

97 3190 330 3240 knighthood
345 3191 416 3229 and
431 3192 647 3241 subsequent
666 3194 851 3241 reception
869 3194 906 3230 in
924 3192 1105 3237 Florence,
1122 3207 1178 3231 see
1196 3193 1301 3237 Scala,
1324 3197 1477 3231 107—108
1496 3196 1578 3239 [64].
