2060 3450
155 180 246 220 474
1708 183 1847 216 PART
1873 184 1964 217 V111

155 323 418 379 Florentiae,
444 323 489 368 in
515 321 722 369 omnibus
751 336 792 368 et
814 339 893 382 per
917 321 1078 368 omnia.
1106 325 1159 368 Et
1183 322 1318 381 possit
1345 320 1460 368 licite
1485 339 1533 368 ac
1555 320 1688 368 libere
1712 320 1897 381 gaudere
1922 339 1971 369 ac

153 392 291 453 potiri
316 390 524 438 omnibus
552 405 593 437 et
616 389 794 450 singulis
820 389 979 437 officiis
1003 404 1094 436 tam
1118 390 1367 436 communis
1394 407 1525 450 quam
1547 407 1631 450 pro
1657 390 1900 446 communi,
1928 404 1970 437 et

156 460 490 521 quibuscunque
521 458 760 515 beneficiis,
789 459 948 519 gratiis,
975 457 1223 519 privilegiis,
1255 475 1302 505 ac
1328 457 1550 505 favoribus
1581 457 1737 518 quibus
1767 472 1808 505 et
1833 472 1967 519 prout

154 528 341 589 gaudere
365 546 413 575 ac
432 528 570 588 potiri
592 541 791 588 possunt,
819 541 891 574 aut
916 526 1120 587 deinceps
1141 541 1367 587 poterunt,
1391 527 1640 587 quicunque
1665 527 1757 574 veri
1780 541 1822 574 et
1845 527 1970 587 origi-

156 598 266 644 narii
291 612 333 644 et
359 597 529 657 antiqui
555 597 669 643 cives
696 596 882 643 civitatis
906 595 1152 642 Florentiae
1180 596 1223 641 in
1251 594 1366 642 dicta
1390 595 1564 642 civitate
1589 613 1723 642 onera
1748 595 1969 643 ordinaria

153 679 478 726 supportantes,
506 679 547 712 et
571 665 646 725 qui
668 682 769 711 vere
793 665 837 710 in
862 682 911 711 ea
932 682 1067 711 onera
1088 663 1331 720 subiissent,
1360 681 1408 711 ac
1430 663 1603 711 realiter
1622 663 1865 720 solvissent,
1890 681 1970 724 per

154 749 329 795 tempus
349 748 390 780 et
408 734 650 780 terminum
670 733 849 793 triginta
866 750 1085 779 annorum
1107 731 1447 793 completorum,
1469 746 1541 779 aut
1558 750 1638 792 per
1655 731 1834 792 aliquod
1852 731 1970 779 aliud

154 817 329 863 tempus
349 802 608 862 requisitum
626 801 869 848 secundum
889 800 1197 848 ordinamenta
1214 801 1463 848 communis
1482 800 1729 847 Florentiae
1747 814 1838 848 tam
1856 800 1972 848 edita

155 889 287 931 quarn
308 870 513 930 deinceps
533 869 714 925 edenda,
734 884 775 916 et
792 887 876 929 pro
896 869 971 916 tali
991 868 1194 929 deinceps
1213 869 1265 915 ab
1286 868 1492 916 omnibus
1515 883 1739 924 tractetur,
1760 868 1971 916 habeatur

155 957 203 986 ac
222 952 463 999 reputetur,
484 939 530 983 in
551 937 758 984 omnibus
783 951 824 984 et
840 955 921 997 per
939 938 1089 984 omnia
1109 951 1150 983 et
1170 937 1316 997 quoad
1335 954 1488 983 omnes
1510 950 1551 983 et
1571 937 1733 983 omnia.
1756 941 1810 983 Et
1827 937 1965 997 possit

155 1006 360 1067 deinceps
381 1005 523 1053 dictus
544 1005 751 1052 dominus
776 1004 1113 1052 Bartholomeus
1136 1004 1188 1052 de
1208 1019 1408 1065 tempore
1430 1005 1475 1050 in
1496 1019 1670 1065 tempus
1691 1003 1746 1051 ad
1764 1003 1966 1051 officium

152 1075 287 1135 primi
312 1073 576 1121 Cancellarii
599 1073 721 1134 quod
745 1073 799 1120 ad
818 1091 1020 1134 praesens
1045 1087 1229 1129 exercet,
1252 1072 1467 1120 refirmari
1490 1087 1531 1120 et
1553 1090 1627 1120 seu
1653 1072 1705 1119 de
1727 1090 1847 1119 novo
1872 1072 1970 1133 eligi

152 1161 233 1204 per
251 1142 485 1190 consilium
509 1141 577 1189 del
599 1145 748 1189 Cento
768 1141 1010 1189 secundum
1032 1141 1351 1198 ordinamenta,
1375 1159 1475 1188 cum
1497 1140 1651 1188 officio
1670 1141 1970 1202 praeeminen-

154 1213 225 1259 tiis
248 1211 493 1258 honoribus
519 1225 561 1258 et
584 1210 791 1258 oneribus
816 1225 857 1258 et
879 1210 970 1258 aliis
994 1210 1218 1266 ordinatis,
1243 1225 1284 1257 et
1306 1228 1406 1257 cum
1429 1209 1585 1257 salario
1605 1224 1739 1271 prout
1765 1209 1894 1257 habet
1917 1209 1972 1257 ad

152 1298 368 1341 praesens.
392 1284 445 1327 Et
467 1280 604 1340 possit
629 1279 725 1327 fieri
747 1279 842 1326 talis
863 1278 1053 1336 refirma,
1075 1297 1149 1326 seu
1172 1297 1287 1326 nova
1309 1278 1478 1335 electio,
1499 1293 1547 1326 ut
1570 1278 1738 1326 dictum
1760 1293 1836 1335 est,
1859 1278 1973 1326 facta

154 1349 471 1396 deliberatione
507 1363 548 1396 et
583 1348 771 1396 obtento
803 1349 968 1409 partito
1000 1349 1120 1409 prius
1154 1347 1297 1395 solum
1335 1348 1450 1395 inter
1482 1347 1688 1395 dominos
1724 1348 1895 1395 Priores
1929 1362 1971 1395 et

152 1417 461 1465 Vexilliferum
496 1418 687 1464 Iustitiae
718 1435 802 1478 pro
836 1431 1037 1477 tempore
1071 1417 1316 1473 existentes,
1350 1431 1422 1464 aut
1457 1417 1652 1477 ipsorum
1690 1416 1794 1463 duas
1824 1430 1969 1477 partes

154 1486 315 1547 absque
343 1485 487 1547 aliqua
511 1485 826 1533 deliberatione
850 1485 1151 1546 praecedente.
1177 1489 1230 1532 Et
1256 1484 1523 1546 intelligatur
1546 1503 1597 1532 ex
1623 1503 1740 1532 nunc
1766 1484 1970 1546 deinceps

155 1555 314 1602 habere
337 1569 379 1602 et
402 1554 557 1602 habeat
578 1572 661 1615 pro
684 1554 804 1602 dicto
825 1572 905 1601 suo
929 1553 1082 1601 officio
1106 1553 1367 1601 Cancellarii
1387 1553 1531 1601 solum
1557 1553 1664 1601 illud
1685 1553 1893 1601 devetum
1915 1553 1968 1601 ab

154 1623 246 1670 aliis
276 1623 610 1684 quibuscunque
643 1622 803 1670 officiis
832 1637 873 1670 et
902 1641 955 1669 eo
984 1622 1121 1669 modo
1152 1637 1192 1669 et
1219 1637 1352 1683 prout
1381 1640 1461 1683 per
1488 1621 1694 1669 dominos
1725 1623 1896 1669 Priores
1926 1636 1968 1669 et

152 1691 460 1738 Vexilliferum
496 1692 687 1738 Iustitiae
718 1709 801 1751 pro
837 1705 1037 1751 tempore
1071 1691 1316 1746 existentes,
1350 1705 1422 1737 aut
1456 1691 1652 1751 ipsorum
1689 1690 1794 1737 duas
1824 1704 1969 1750 partes

151 1760 382 1821 provisum
416 1774 488 1806 aut
517 1758 807 1806 deliberatum
836 1752 984 1806 fueritb
1013 1759 1058 1805 in
1086 1776 1173 1806 una
1200 1759 1293 1805 vice
1319 1758 1387 1805 vel
1413 1758 1625 1819 pluribus,
1655 1776 1756 1805 sane
1785 1772 1826 1805 et
1853 1772 1969 1805 recte

151 1828 377 1889 praedicta
396 1827 698 1888 intelligendo,
723 1827 937 1888 aliquibus
962 1828 1007 1873 in
1031 1828 1301 1874 contrarium
1326 1845 1418 1874 non
1441 1827 1728 1874 obstantibus.

1051 1970 1077 2010 4

711 2041 1056 2081 ELIGIBILITY
1077 2041 1154 2081 TO
1179 2042 1417 2080 OFFICES

865 2112 912 2149 15
937 2109 1134 2149 October
1159 2112 1260 2149 1471

236 2206 326 2244 ASF
345 2204 495 2256 Signori
513 2203 798 2244 Deliberazioni
820 2203 978 2256 (sp.aut.)
999 2207 1058 2251 33,
1077 2203 1144 2243 fol.
1165 2207 1242 2251 59r,
1261 2203 1309 2243 cf.
1328 2207 1387 2251 34,
1407 2202 1490 2243 fols.
1511 2206 1675 2243 88v-89r.
1693 2205 1735 2242 In
1754 2218 1883 2255 marg.:

238 2261 529 2312 ‘Registratum.‘
553 2259 665 2307 Scala,
689 2263 734 2300 66
753 2263 842 2308 [47].

152 2369 203 2410 In
235 2365 321 2411 Dei
355 2365 537 2411 nomine
574 2368 734 2410 Amen.
772 2367 909 2410 Anno
944 2364 1255 2411 incarnationis
1289 2363 1460 2410 domini
1494 2364 1634 2410 nostri
1662 2367 1763 2422 Jesu
1798 2362 1966 2410 Christi

153 2432 458 2488 mcccclxximO,
484 2432 726 2478 indictione
750 2433 916 2492 quinta,
939 2431 1007 2478 die
1029 2450 1136 2478 vero
1158 2431 1482 2492 quintadecima
1502 2432 1662 2478 mensis
1686 2430 1912 2478 Octobris.

151 2499 383 2560 Magnifici
401 2514 442 2547 et
461 2499 617 2546 excelsi
635 2499 820 2555 domini,
844 2499 1015 2546 domini
1034 2500 1204 2546 Priores
1225 2499 1455 2546 Libertatis
1473 2513 1514 2546 et
1530 2498 1758 2546 Vexillifer
1776 2499 1967 2545 Iustitiae

150 2567 307 2629 populi
338 2567 598 2624 Florentini,
630 2567 905 2614 attendentes
930 2567 984 2614 ad
1008 2568 1309 2628 provisionem
1343 2567 1572 2614 obtentam
1602 2566 1670 2613 die
1698 2567 1774 2612 xiii
1803 2566 1963 2613 mensis

152 2636 421 2697 Septembris
451 2636 691 2696 praesentis
723 2637 826 2683 anni
863 2640 963 2683 1471
997 2653 1077 2696 per
1107 2635 1356 2682 Consilium
1391 2636 1549 2691 Maius,
1583 2635 1888 2682 continentem
1919 2635 1965 2680 in

153 2703 316 2751 effectu
333 2704 607 2751 habilitatem
623 2703 970 2764 eloquentissimi
989 2721 1037 2751 ac
1050 2704 1355 2764 sapientissimi
1373 2704 1456 2750 viri
1472 2702 1643 2750 domini
1662 2702 1963 2750 Bartholomei

152 2772 297 2820 Scalae
319 2772 561 2833 dignissimi
581 2773 716 2833 primi
738 2772 999 2820 Cancellarii
1020 2771 1357 2832 magnificorum
1381 2771 1668 2819 dominorum
1691 2770 1846 2832 populi
1868 2770 1964 2818 Flo-

154 2842 316 2888 rentini
339 2841 394 2888 ad
412 2840 562 2888 officia
584 2841 866 2897 communis,a
892 2855 933 2887 et
956 2840 1140 2887 modum
1164 2840 1405 2887 secundum
1428 2858 1559 2900 quem
1582 2839 1786 2900 deinceps
1807 2838 1862 2886 ad
1880 2838 1965 2886 tale

154 2908 357 2956 officium
379 2908 596 2956 refirmari
614 2923 686 2956 aut
706 2908 757 2956 de
776 2927 895 2955 novo
915 2908 1012 2969 eligi
1028 2909 1179 2969 possit,
1202 2923 1243 2955 et
1261 2909 1437 2969 insuper
1456 2909 1569 2955 circa
1585 2907 1740 2954 deveta
1753 2907 1849 2954 talis
1867 2905 1964 2953 offi-

234 3139 249 3164 b
267 3149 329 3184 See
348 3160 409 3184 no.
428 3151 449 3184 4
468 3146 598 3184 below.

235 3208 247 3222 ²
265 3206 327 3241 See
346 3217 406 3241 no.
426 3207 444 3241 3
465 3203 590 3241 above.
