2118 3444
197 164 289 204 286
1808 168 1946 201 PART
1971 169 2003 201 V

197 309 344 355 beatas
365 308 497 355 etiam
519 325 627 367 quae
650 324 742 353 non
763 307 1012 367 pepererint
1034 320 1189 353 asserat
1208 305 1542 366 Evangelium.aa
1561 310 1671 352 Non
1695 323 1764 352 me
1783 305 2005 366 praebebo

198 377 462 424 acerrimum
482 375 791 430 adversarium,
812 375 846 421 si
866 375 960 434 quis
981 373 1025 421 id
1043 373 1213 430 dixerit,
1233 373 1364 421 talem
1383 388 1529 420 autem
1549 374 1736 421 amisisse
1758 373 1842 420 hoc
1862 374 2012 421 aetatis

200 444 371 505 hocque
397 443 664 499 valitudinis,
691 457 739 489 ut
765 460 894 503 supra
921 442 1023 498 dixi,
1050 442 1157 502 quin
1183 442 1367 489 sentiam
1394 459 1442 488 ac
1466 441 1653 498 doleam,
1682 441 1856 489 efficere
1882 441 2005 489 nullo

196 528 329 574 pacto
350 530 544 573 possum.
574 516 623 558 In
646 529 700 558 eo
723 512 841 558 enim
865 511 1106 571 persistere,
1130 525 1177 557 ut
1200 511 1387 557 omnino
1413 510 1542 557 dolor
1566 528 1657 557 non
1680 511 1734 557 sit
1758 510 1938 567 malum,
1963 509 2008 558 id

198 581 308 627 mihi
341 598 496 628 eorum
528 579 704 627 videtur
733 597 820 626 esse
851 580 925 640 qui
955 578 1063 625 nihil
1095 597 1290 639 unquam
1320 579 1494 639 penitus
1526 578 1760 625 doluerint.
1794 578 1934 638 Quod
1965 593 2006 626 et

198 649 484 696 Heracleotes
504 647 711 704 ostendit,
733 648 807 708 qui
829 647 1058 707 transfugit
1080 665 1180 694 cum
1203 647 1335 694 dolet.
1356 651 1516 707 Neque
1536 646 1634 707 plus
1656 646 1769 694 valet
1787 661 2008 707 praecept-

198 735 343 773 orum,
370 717 491 777 quasi
516 715 730 776 quaedam
756 730 910 762 contra
933 729 1134 762 naturam
1157 715 1267 762 bene
1293 715 1503 762 instructa
1525 715 1648 771 acies,
1674 732 1806 775 quam
1830 729 2008 762 naturae

197 787 368 833 veritas.

282 853 366 900 Sed
384 853 513 900 detur
531 870 623 899 non
643 870 730 899 esse
750 851 914 899 malum
934 851 1149 907 dolorem,
1170 851 1290 911 quod
1308 866 1457 898 tamen
1475 869 1567 898 non
1586 851 1705 898 dabit
1724 854 1920 898 Crantor
1936 865 2010 898 aut

198 921 462 977 Carneades3
485 920 560 968 sed
583 938 664 967 nos
688 919 854 976 demus,
882 920 957 980 qui
978 937 1133 966 verum
1158 937 1250 966 non
1274 919 1401 966 alicui
1425 919 1587 966 addicti
1607 933 1761 975 sectae,
1783 918 2007 966 sedliberi

198 990 473 1050 inquirimus.
498 988 623 1048 Quid
640 1003 790 1036 tamen
808 989 888 1035 erit
905 987 1135 1035 effectum?
1152 987 1372 1048 Nunquid
1388 1002 1623 1048 propterea
1639 988 1685 1034 in
1702 1002 1812 1044 rota,
1831 988 1876 1034 in
1895 988 2007 1035 insu-

197 1058 248 1105 lis
267 1058 321 1105 ad
337 1057 580 1113 metallum,
601 1058 646 1103 in
665 1056 830 1113 aculeo,
851 1057 896 1102 in
915 1074 1025 1112 aere,
1043 1057 1088 1102 in
1107 1056 1251 1112 exilio,
1271 1057 1316 1102 in
1336 1070 1534 1116 egestate,
1554 1057 1599 1102 in
1618 1057 1821 1103 omnium
1843 1055 2013 1103 calami-

197 1141 285 1174 tate
315 1125 424 1172 nihil
455 1126 713 1173 sentiemus?
746 1126 859 1172 Fieri
888 1124 1067 1186 quidem
1098 1124 1142 1172 id
1170 1142 1262 1172 non
1290 1139 1450 1185 potest,
1480 1139 1528 1172 ut
1557 1142 1687 1185 supra
1717 1124 1819 1171 dixi.
1848 1128 2008 1185 Neque

197 1209 347 1242 tamen
368 1193 490 1255 quod
511 1193 642 1241 dolor
662 1211 755 1240 non
775 1194 829 1240 sit
850 1193 1015 1240 malum
1039 1211 1130 1240 non
1151 1194 1458 1240 consenserim.
1484 1192 1559 1240 Illa
1579 1193 1697 1240 enim
1719 1193 1835 1240 inter
1852 1210 1895 1240 se
1915 1210 2008 1240 non

195 1277 408 1324 pugnant,
437 1280 578 1323 neque
604 1261 726 1323 quod
751 1261 870 1309 dolet
896 1262 1043 1309 statim
1069 1261 1234 1309 malum
1260 1276 1336 1318 est,
1362 1262 1502 1308 immo
1529 1279 1636 1308 vero
1660 1280 1753 1308 non
1780 1279 2007 1322 nunquam

197 1332 330 1379 etiam
349 1331 533 1378 bonum.
560 1330 982 1390 Quaemadmodum
1003 1331 1037 1377 si
1058 1331 1153 1390 quis
1173 1345 1245 1377 aut
1265 1330 1495 1377 secandam
1516 1344 1587 1377 aut
1607 1329 1820 1377 urendam
1838 1344 2010 1390 partem

197 1400 388 1460 aliquam
407 1400 604 1459 corrupti
624 1399 821 1458 corporis
844 1398 1017 1445 medico
1035 1398 1261 1445 tradiderit
1278 1416 1331 1445 ne
1350 1398 1567 1458 reliquum
1588 1416 1763 1458 quoque
1783 1398 2007 1445 contabes-

197 1482 264 1514 cat
293 1482 423 1527 atque
450 1466 725 1522 dissolvatur,
757 1484 848 1512 non
879 1467 958 1512 erit
984 1467 1075 1512 sine
1106 1466 1259 1512 dolore
1288 1467 1424 1512 sectio
1451 1480 1523 1512 aut
1552 1466 1759 1522 ustilatio,
1790 1466 1835 1512 id
1862 1467 2004 1526 ipsum

197 1550 347 1582 tamen
370 1535 505 1581 secari
530 1549 571 1581 et
595 1535 663 1581 uri
689 1552 781 1580 non
806 1534 949 1580 solum
978 1534 1214 1580 existimari
1239 1551 1330 1580 non
1356 1533 1521 1580 malum
1548 1533 1691 1589 debet,
1715 1533 1791 1580 sed
1814 1533 2006 1580 fortassis

198 1603 330 1649 etiam
354 1602 539 1657 bonum,
566 1603 777 1662 quoniam
802 1619 974 1648 causam
994 1601 1173 1661 praebet
1195 1616 1242 1648 ut
1266 1601 1430 1661 reliqua
1453 1619 1476 1648 a
1497 1602 1758 1661 contagione
1782 1615 1823 1648 et
1845 1600 2006 1648 morbo

196 1670 451 1717 liberentur.
484 1669 609 1728 Quid
638 1684 699 1716 est
729 1670 847 1716 enim
877 1669 993 1716 aliud
1021 1669 1190 1716 bonum
1223 1687 1368 1729 quam,
1398 1687 1498 1715 cum
1529 1683 1646 1716 recta
1671 1669 1854 1725 ratione,
1884 1686 2010 1716 causa

197 1738 412 1798 quaedam
431 1755 516 1798 qua
532 1738 636 1793 vita,
655 1755 787 1798 quam
803 1737 1083 1798 paucioribus
1105 1736 1200 1784 fieri
1216 1751 1361 1797 potest
1380 1737 1603 1793 molestiis,
1625 1738 1684 1784 ita
1699 1736 1944 1784 traducitur
1958 1750 2006 1784 ut

194 1820 381 1866 propter
397 1806 535 1852 vitam
553 1806 643 1852 vita
659 1823 751 1852 non
772 1805 1101 1852 defraudemur?
1121 1805 1260 1864 Quod
1277 1806 1311 1852 si
1330 1806 1519 1865 cuipiam
1538 1804 1739 1852 videatur
1753 1804 1944 1852 insolens
1964 1819 2006 1852 et

197 1874 305 1921 dura
324 1875 404 1920 ista
424 1873 651 1929 diffinitio,
674 1874 754 1920 erit
774 1873 888 1920 forte
909 1873 1025 1920 aliud
1044 1888 1218 1934 tempus
1238 1891 1338 1920 cum
1361 1873 1413 1920 de
1432 1891 1481 1920 ea
1499 1891 1543 1920 re
1563 1872 1757 1920 dicemus
1776 1872 2001 1933 prolixius.

195 1946 307 1989 Non
327 1942 445 1988 enim
465 1941 630 1988 inutilis
650 1941 705 1988 ad
718 1942 855 1988 vitam
874 1956 946 1988 aut
963 1941 1140 2001 indigna
1159 1959 1224 1988 res
1241 1956 1302 1988 est
1321 1941 1372 1988 de
1389 1959 1473 2002 qua
1490 1940 1586 1988 fieri
1603 1941 1757 1988 debeat
1774 1940 2007 2002 diligentis-

195 2011 305 2057 sima
328 2010 562 2070 indagatio.

280 2083 418 2125 Nunc
437 2093 586 2125 tamen
606 2078 727 2138 quod
747 2079 877 2125 instat
895 2077 1192 2138 peragendum
1214 2093 1274 2125 est
1294 2077 1521 2138 dandaque
1540 2096 1685 2138 opera,
1706 2079 1740 2125 si
1758 2095 2004 2138 possumus,

197 2147 409 2207 quoniam
428 2147 487 2193 ita
502 2161 675 2206 tempus
691 2146 883 2206 postulat
900 2160 948 2193 ut
966 2146 1195 2206 quomodo
1215 2145 1455 2201 dolendum
1472 2147 1526 2193 sit
1544 2160 1585 2192 et
1601 2160 1814 2206 quatenus
1828 2163 2002 2206 progre-

197 2214 240 2261 di
261 2214 392 2261 dolor
413 2214 567 2261 debeat
587 2215 872 2261 inveniamus.
897 2219 1018 2261 Nam
1041 2232 1120 2261 nec
1139 2215 1266 2274 pauci
1286 2228 1387 2261 sunt
1410 2214 1577 2261 inducti
1598 2232 1765 2261 errores
1785 2232 1809 2261 a
1829 2214 2008 2261 Graecis

194 2282 485 2343 philosophis,
514 2283 602 2342 qui,
626 2297 674 2329 ut
697 2282 899 2338 arbitror,
923 2282 1083 2342 gloriae
1106 2300 1154 2329 ac
1174 2283 1472 2329 contentionis
1495 2282 1623 2338 avidi,
1646 2282 1752 2329 dum
1774 2283 2001 2343 unusquis-

196 2369 279 2410 que
298 2368 414 2397 nova
429 2368 471 2397 se
490 2351 703 2397 invenisse
723 2350 898 2410 gloriari
916 2351 1049 2410 cupit,
1069 2350 1216 2397 multis
1233 2351 1463 2397 veritatem
1481 2350 1717 2397 involucris
1736 2350 2004 2410 implicaver-

195 2433 289 2465 unt.
315 2423 436 2465 Nam
464 2433 505 2465 et
527 2419 743 2478 Epicurei,
773 2419 847 2479 qui
872 2419 950 2465 etsi
974 2418 1083 2464 mihi
1106 2419 1281 2479 penitus
1306 2418 1585 2479 improbandi
1611 2418 1831 2474 videntur,
1856 2433 2005 2465 tamen

196 2486 328 2533 audio
353 2504 376 2533 a
399 2486 660 2547 quibusdam
688 2504 780 2533 non
803 2487 990 2533 omnino
1016 2487 1256 2543 contemni,
1282 2486 1387 2533 dum
1411 2486 1628 2547 voluptati
1653 2486 1860 2543 faventes,
1883 2485 2004 2533 dolo-

198 2573 289 2601 rem
320 2554 472 2601 dicunt
503 2573 595 2601 non
625 2554 769 2601 solum
803 2554 968 2602 malum
999 2554 1074 2602 sed
1102 2555 1233 2602 etiam
1262 2573 1500 2611 summum,
1535 2556 1679 2602 minus
1710 2555 1841 2602 etiam
1871 2572 2004 2615 quam

194 2624 330 2670 Stoici
349 2622 594 2670 tolerabilia
610 2623 819 2670 videntur
835 2622 1003 2670 afferre.
1022 2624 1115 2682 Qui
1136 2624 1254 2670 enim
1274 2624 1333 2670 ita
1349 2623 1467 2679 dicit,
1486 2623 1602 2670 idem
1621 2623 1735 2670 dicat
1753 2640 1923 2670 necesse
1941 2637 2003 2670 est

195 2691 248 2737 ab
278 2691 455 2746 iustitia,
486 2691 538 2737 ab
568 2690 844 2747 fortitudine,
874 2691 925 2738 ab
955 2692 1079 2738 omni
1109 2691 1197 2738 fere
1226 2691 1452 2738 honestate
1482 2690 1844 2751 frequentissime,
1875 2708 1929 2737 ne
1958 2691 2004 2737 in

196 2759 398 2806 dolorem
422 2758 631 2815 incidant,
653 2777 740 2806 esse
764 2759 1070 2806 recedendum.
1093 2759 1217 2818 Quid
1238 2774 1384 2806 autem
1406 2774 1467 2806 est
1490 2760 1634 2806 minus
1656 2758 1935 2806 tolerandum
1958 2759 2004 2805 in

194 2827 380 2887 publicis
399 2842 441 2874 et
457 2828 637 2887 privatis
655 2827 901 2874 actionibus
922 2845 970 2874 ea
983 2845 1106 2883 voce,
1125 2845 1233 2887 quae
1252 2827 1533 2874 deserendam
1548 2828 1785 2887 praecipiat
1805 2827 2002 2874 honesta-

195 2910 286 2941 tem
308 2913 504 2955 quaeque
525 2896 678 2941 ceteris
697 2895 903 2942 omnibus
927 2909 968 2941 et
988 2896 1231 2942 amicorum
1254 2910 1295 2942 et
1314 2910 1546 2955 parentum
1568 2909 1609 2941 et
1627 2896 1791 2955 patriae
1809 2894 2004 2941 utilitati-

195 2962 275 3009 bus
301 2962 636 3022 commodisque
664 2980 717 3009 ne
743 2962 849 3022 quid
872 2962 1016 3009 doleat
1039 2965 1298 3023 anteponat?
1321 2967 1485 3009 Utrum
1513 2962 1705 3018 tandem,
1729 2963 1928 3022 Epicure,
1952 2976 2000 3009 ut

320 3175 430 3219 Luke,
450 3179 562 3212 23:29.
