2072 3450
137 155 390 190 TEXTUAL
414 155 589 190 NOTES
1117 150 1176 191 V:
1204 152 1295 192 7-8
1841 155 1930 195 553

223 289 265 312 ¹⁷²
278 293 359 329 Nos
371 302 454 329 ante
465 292 635 330 Obscuro
648 291 711 329 del.
728 293 791 330 MS

223 340 264 364 ¹⁷³
277 343 466 392 percallida
477 355 633 393 supas-0.
651 345 715 381 MS

223 394 264 416 ¹⁷⁴
277 411 344 434 nos
356 408 512 446 ucprm.
530 398 594 435 MS

222 446 263 469 ¹⁷⁵
277 448 360 486 loco
371 460 455 486 ante
466 461 592 486 natura
602 448 666 486 deL
683 451 746 487 MS

222 499 263 522 ¹⁷⁶
276 501 493 551 postulando
503 514 579 551 post
592 502 720 540 umbra
732 502 795 540 dd.
811 504 875 540 MS

222 551 263 573 ¹⁷⁷
276 568 315 591 ac
327 568 367 591 α
379 555 423 591 Et
435 553 653 603 suplinsorr.
671 556 734 592 MS

221 604 262 627 ¹⁷¹
275 606 420 656 quidem
433 619 589 657 acpmscr.
607 609 671 645 MS

220 656 262 679 ¹⁷⁹
275 661 327 697 lta
339 658 444 697 affata
456 660 558 697 vium
570 660 695 697 vivum
708 660 836 698 umbra
850 673 900 698 est
912 672 995 698 ante
1006 663 1057 698 Ita
1067 661 1130 699 del.
1147 663 1211 700 MS

220 710 262 732 ¹⁸⁰
274 713 346 750 Cui
359 727 399 750 α
411 715 466 750 Ac
479 716 517 750 in
531 727 724 762 ’,ιαμ-οη.
740 715 804 751 MS

219 761 259 784 ¹⁸¹
273 766 324 802 At
337 779 377 802 ex
389 766 541 802 Mortuo
556 765 723 814 repondit
736 765 803 803 Sed
815 765 1032 815 πφλὲνιωπ,
1050 768 1114 804 MS

219 814 260 838 ¹⁸²
273 817 380 855 credo
394 817 449 855 his
461 832 501 855 ex
512 818 617 856 vobis
627 818 845 868 πφλὶηεοπ.
863 821 927 857 MS

132 872 167 907 8.
218 867 228 889 ¹
244 870 389 918 ingenio
403 873 495 907 inter
505 881 617 908 errata
630 873 668 908 in
680 870 950 920 appendiceadd.
966 871 1010 909 ed

215 919 229 942 ²
243 924 372 971 aegeris
386 923 430 960 ed

215 971 229 995 ³
242 974 362 1012 medas
376 974 421 1012 ed

214 1026 230 1047 ⁴
241 1028 381 1077 scriptis
394 1028 438 1065 ed

215 1077 228 1099 ⁵
242 1080 393 1117 Mirium
406 1094 446 1117 α
457 1081 548 1118 mire
561 1084 598 1118 in
611 1081 794 1130 appendice
805 1096 887 1119 corr.
904 1082 948 1119 ed

216 1130 227 1152 ¹
241 1133 355 1182 quiex
367 1147 475 1182 quam
488 1148 572 1171 corr.
588 1133 632 1171 ed

213 1182 227 1205 ²
240 1197 360 1231 τνχης
377 1200 417 1223 ex
428 1185 562 1234 Tychis
575 1200 658 1224 corr.
675 1186 719 1224 ed

213 1235 226 1258 ³
240 1238 455 1288 quandoque
469 1254 509 1276 ex
520 1239 807 1289 quandocunque
821 1255 903 1278 corr.
920 1241 964 1278 ed

212 1288 227 1310 ⁴
239 1302 496 1339 tantorumque
510 1305 550 1328 α
561 1303 618 1328 tot
631 1304 817 1329 tantorum
830 1307 913 1329 corr.
929 1293 973 1330 ed

212 1340 226 1363 ⁵
240 1343 387 1381 iudioeri
400 1358 439 1381 α
452 1344 599 1382 indicari
613 1359 696 1382 corr.
713 1345 756 1382 ed

211 1393 226 1415 ⁶
239 1395 475 1433 barbarorum
489 1395 590 1434 facile
602 1411 641 1434 α
653 1397 958 1447 barbarorumque
971 1413 1054 1436 corr.
1071 1399 1115 1436 ed

211 1446 225 1468 ⁷
238 1448 340 1486 facile
352 1463 392 1486 ex
404 1448 525 1486 facilae
537 1464 620 1487 corr.
637 1450 681 1487 ed

211 1497 225 1520 ⁸
238 1501 266 1537 si
274 1511 352 1549 post
364 1500 463 1549 quod
475 1500 538 1538 del.
555 1501 598 1538 ed

210 1550 225 1572 ⁹
238 1554 311 1602 qui:
327 1553 451 1591 malim
465 1554 593 1603 quibus

212 1602 240 1625 ¹⁰
252 1605 415 1654 publicis:
431 1605 554 1644 malim
568 1606 731 1655 publicae

212 1656 237 1678 ¹¹
251 1671 413 1696 veterno:
426 1659 550 1697 malim
563 1672 729 1698 veternae

212 1707 239 1730 ¹²
251 1712 355 1748 Num
369 1725 409 1748 ex
420 1713 519 1748 Nam
532 1726 615 1749 corr.
632 1712 676 1750 ed

209 1760 237 1783 ¹³
250 1763 368 1801 solent
380 1779 420 1802 α
432 1764 533 1809 solet,
548 1769 678 1803 corraei

211 1813 238 1835 ¹⁴
250 1816 366 1864 Quod
379 1828 511 1854 tamen:
525 1816 576 1854 his
589 1817 699 1855 verbis
712 1821 832 1868 incipit
846 1821 923 1863 Mo,
937 1819 1000 1857 fol.
1014 1824 1047 1857 7.

211 1866 237 1889 ¹⁵
250 1868 350 1907 locus
364 1873 403 1907 in
417 1870 603 1919 margadd.
619 1873 686 1909 Mo

210 1918 237 1940 ¹⁶
250 1921 362 1959 verbo
377 1922 471 1959 insit:
486 1922 638 1960 verbum
650 1924 695 1961 sit
709 1926 775 1961 Mo

210 1972 237 1994 ¹⁷
249 1975 350 2012 verbi
363 1989 403 2012 ex
415 1977 574 2014 nominis
587 1991 670 2014 corr.
687 1979 753 2015 Mo

210 2024 236 2046 ¹⁸
249 2041 288 2064 ex
300 2028 399 2065 axios
412 2040 446 2065 et
460 2029 537 2065 axia
549 2043 632 2066 corr.
649 2029 692 2066 ed

209 2077 236 2100 ¹⁹
250 2080 406 2130 intellige
416 2092 499 2119 ante
510 2082 637 2120 melius
649 2082 712 2120 del.
729 2085 795 2121 Mo

206 2129 236 2152 ²⁰
249 2147 288 2170 en
301 2133 446 2181 quidem
458 2133 590 2183 suplin.
608 2137 674 2172 Mo

206 2183 233 2205 ²¹
247 2198 367 2223 tamen
380 2186 443 2224 deL
460 2189 526 2224 Mo

205 2234 234 2257 ²²
247 2252 292 2275 eo
305 2238 523 2286 appellamus
535 2239 599 2276 del.
615 2242 682 2277 Mo

205 2287 233 2310 ²³
247 2291 489 2329 existimemus
505 2307 544 2329 α
556 2294 738 2331 existimus
753 2296 819 2331 Mo

205 2339 234 2362 ²⁴
246 2342 401 2381 differre:
415 2343 544 2382 distare
558 2347 624 2382 Mo

204 2393 233 2416 ²⁵
247 2408 366 2434 autem
379 2397 591 2446 sup.lin.add.
609 2401 675 2436 Mo

204 2445 233 2468 ²⁶
246 2450 493 2487 assentiremus
511 2449 551 2497 (?)
565 2450 628 2488 del.
645 2453 711 2489 Mo

203 2498 233 2521 ²⁷
246 2514 407 2539 statuunt
420 2517 459 2540 α
471 2504 572 2541 aiunt
585 2518 668 2541 corr.
685 2506 751 2542 Mo

203 2550 232 2573 ²⁸
246 2568 330 2591 nam
343 2568 383 2591 ex
395 2569 502 2603 quam
516 2570 599 2593 corr.
616 2558 682 2594 Mo

203 2603 232 2626 ²⁹
245 2619 388 2644 tanturn
400 2622 440 2645 ex
451 2620 571 2646 tamen
586 2624 668 2647 corr.
685 2612 751 2647 Mo

203 2656 233 2678 ³⁰
245 2673 335 2708 quos
349 2674 389 2696 ex
401 2674 508 2709 quem
522 2675 605 2698 corr.
622 2663 688 2699 Mo

203 2709 230 2731 ³¹
245 2726 321 2750 non
334 2712 570 2751 admittantur
583 2714 627 2752 ad
640 2715 822 2764 popularis
836 2717 1029 2766 reipublice
1042 2718 1386 2757 administrationem
1399 2720 1462 2758 deL
1479 2723 1546 2758 Mo

203 2761 231 2784 ³²
244 2763 408 2802 futurum
423 2778 474 2803 est
486 2780 526 2803 ex
538 2767 605 2804 erit
618 2781 701 2804 corr.
718 2770 784 2805 Mo

202 2814 230 2837 ³³
244 2829 278 2854 et
292 2832 331 2855 α
344 2830 448 2867 atque
462 2833 545 2856 corr.
562 2821 628 2857 Mo

202 2866 231 2889 ³⁴
244 2883 351 2918 quam
367 2871 404 2907 in
419 2870 487 2908 illis
498 2871 710 2920 ucp.lin.add.
728 2875 794 2910 Mo

202 2919 230 2942 ³⁵
242 2924 420 2960 lacunam
429 2935 506 2972 post
519 2925 715 2973 ignobilior
725 2926 794 2963 ab.
812 2929 878 2964 Mo

202 2970 230 2993 ³⁶
244 2988 370 3011 omnes
385 3004 393 3012 .
408 3005 415 3011 .
432 3005 440 3012 .
453 2975 662 3025 navalesque
675 2977 885 3026 sup.lin.add.
903 2981 969 3016 Mo

202 3023 230 3046 ³⁷
243 3026 345 3064 aliter
354 3027 418 3064 del.
434 3030 501 3065 Mo

202 3074 230 3097 ³⁸
243 3079 321 3126 Qui
333 3077 396 3116 del.
413 3081 479 3116 Mo

202 3127 231 3150 ³⁹
242 3130 454 3180 mplimdd.
472 3134 538 3170 Mo
