2124 3464
123 197 353 232 PRIVATE
379 197 606 230 LETTERS
1865 188 1922 229 97

122 336 316 383 trissimo
345 335 560 395 Principe,
591 348 632 381 et
658 333 795 394 gloria
824 332 936 380 della
958 350 1034 380 sua
1063 327 1165 380 eta.b
1190 333 1269 380 Fui
1298 350 1377 393 per
1401 350 1477 380 sua
1504 332 1736 380 clementia
1762 350 1865 380 caro
1891 332 1929 380 al

122 418 275 451 vostro
290 402 604 463 gloriosissimo
625 402 836 462 genitore,
853 416 895 448 et
911 415 1070 448 ornato
1087 400 1198 448 dalla
1210 418 1286 448 sua
1302 400 1568 448 Excellentia
1582 400 1626 448 di
1641 401 1749 448 varii
1767 400 1927 448 honori

122 486 164 519 et
184 471 306 526 doni,
327 470 522 517 secondo
543 470 583 517 13
603 469 817 530 grandeza
837 469 905 516 del
925 487 1006 516 suo
1028 470 1210 516 animo.c
1231 473 1356 516 Hora
1375 486 1488 516 sono
1511 483 1692 529 accepto
1712 470 1832 529 quasi
1853 486 1932 529 per

120 539 392 586 successione
423 537 504 585 alla
531 537 797 584 Excellentia
823 541 995 584 Vostra.
1026 541 1233 584 Nessuno
1264 536 1711 614 ragionevolmente-
1697 554 1719 583 e
1749 536 1870 592 hora,
1901 554 1930 583 o

120 606 213 683 puo
237 623 388 662 essere,
410 605 487 666 piu
509 605 616 652 lieto
638 604 681 652 di
705 622 789 661 me,
813 623 841 651 0
862 604 938 665 piu
962 604 1106 660 beato,
1128 604 1331 651 vedendo
1352 608 1538 651 maxime
1560 604 1600 651 13
1621 605 1709 651 rnia
1732 604 1929 651 horamai

123 675 447 734 ingravescente
472 688 541 720 eta
564 690 655 720 non
683 672 839 720 havere
864 690 887 719 a
911 690 1112 719 mancare
1138 671 1205 719 de’
1231 673 1429 719 consueti
1457 671 1632 728 honori;
1660 686 1701 719 et
1726 671 1929 719 havendo

120 756 355 804 preparato
373 759 454 803 per
470 740 685 802 singulare
706 741 842 802 gratia
860 740 971 788 della
989 739 1255 788 Excellentia
1272 744 1431 788 Vostra
1451 739 1486 787 si
1507 739 1650 801 degno
1672 755 1713 787 et
1732 739 1767 787 si
1790 739 1927 787 hono-

123 825 219 858 rato
240 809 443 871 perfugio
465 824 625 857 contro
650 809 704 856 ad
725 810 828 869 ogni
852 810 1021 870 impeto
1043 823 1084 856 et
1106 808 1270 856 varieta
1290 808 1402 856 della
1421 808 1613 864 fortuna,
1637 808 1678 855 13
1700 808 1840 869 quale,
1862 826 1930 855 ex-

121 893 252 939 cepto
275 878 459 924 l’animo
485 892 652 933 nostro,
679 891 798 924 tucte
820 876 859 924 le
882 894 981 924 cose
1007 876 1195 923 humane
1221 876 1276 923 ha
1298 877 1417 923 intro
1441 876 1480 923 le
1505 877 1635 923 mani.
1664 880 1931 923 Raccoman-

121 946 245 994 domi
286 946 367 993 alla
405 950 565 993 Vostra
604 945 893 992 Illustrissima
933 945 1142 1005 Signoria.
1183 949 1247 991 Ex
1286 944 1520 992 Florentia.
1559 945 1645 991 Die
1683 945 1728 990 xi
1765 944 1930 1005 Aprilis

120 1017 547 1062 MCCCCLXXXI.
563 1014 665 1061 Eius
680 1013 993 1060 Illustrissimae
1007 1013 1339 1060 Dominationis
1352 1017 1531 1060 Vestrae
1542 1013 1739 1060 Servitor
1749 1012 1930 1059 Bartho-

120 1082 292 1130 lomeus
314 1082 435 1130 Scala
454 1081 751 1129 Cancellarius
772 1081 1064 1128 Florentinus.

989 1223 1065 1265 103

650 1294 728 1333 TO
751 1294 925 1333 PIERO
946 1295 1081 1333 NASI
1103 1295 1168 1333 IN
1187 1294 1402 1333 NAPLES

861 1364 913 1400 27
933 1360 1059 1413 April
1084 1364 1185 1401 1481

204 1456 291 1495 Min
317 1459 372 1504 11,
397 1455 464 1495 fol.
486 1458 590 1495 316r.
616 1454 818 1507 Chancery
838 1454 948 1502 draft,
971 1453 1124 1495 headed:
1151 1454 1294 1494 ‘Eidem
1319 1456 1445 1503 [Petro
1469 1453 1515 1494 de
1536 1454 1664 1502 Nasis]
1688 1454 1846 1494 nomine

205 1511 354 1552 domini
375 1510 660 1551 Bartholomei.'

120 1615 359 1677 Magnifice
382 1630 610 1676 compater
630 1616 704 1662 mi.
730 1619 778 1662 Io
802 1614 861 1662 ho
883 1614 1105 1662 ricordato
1127 1632 1150 1662 a
1170 1629 1326 1675 questo
1347 1613 1500 1661 Uficio
1523 1621 1692 1661 nuovo¹
1713 1613 1741 1660 il
1764 1613 1928 1674 disagio

121 1699 163 1732 et
194 1684 381 1745 bisogno
417 1698 583 1740 vostro,
618 1698 659 1730 et
694 1683 843 1730 hanno
877 1684 1065 1744 risposto
1098 1683 1371 1730 unitamente
1404 1682 1484 1730 che
1516 1683 1559 1729 vi
1592 1681 1804 1743 vogliono
1839 1681 1928 1729 fare

121 1752 304 1814 qualche
322 1752 614 1800 subventione
635 1766 676 1799 et
694 1751 1118 1799 affermativamente
1133 1751 1280 1798 iudico
1297 1750 1376 1798 che
1394 1750 1439 1798 10
1458 1750 1656 1807 faranno,
1677 1749 1730 1797 ne
1748 1750 1930 1811 bisogna

118 1839 199 1882 per
223 1835 380 1881 questo
407 1820 586 1867 facciate
610 1819 735 1876 altro,
762 1838 806 1867 se
832 1838 924 1866 non
951 1819 1030 1866 che
1056 1819 1288 1866 scrivendo
1313 1837 1337 1866 a
1362 1823 1564 1866 Lorenzo
1590 1818 1636 1865 lo
1663 1819 1928 1879 ringratiate,

118 1888 280 1950 perche
307 1888 369 1936 lui
395 1889 430 1936 si
459 1888 480 1935 ὲ
510 1887 628 1935 facto
654 1902 831 1935 auctore
859 1887 896 1935 al
924 1887 1073 1935 favore
1099 1882 1284 1935 vostro.b
1313 1887 1444 1934 Altro
1472 1905 1565 1934 non
1593 1888 1655 1933 mi
1683 1904 1863 1934 occorre
1891 1886 1929 1933 31

118 1972 334 2018 presente.
358 1961 399 2003 A
420 1957 495 2003 voi
518 1957 580 2003 mi
603 1956 910 2004 raccomando.

989 2098 1067 2139 104

624 2167 702 2207 To
725 2167 840 2206 THE
859 2167 1109 2207 ΑΝΖῙΑΝῙ
1132 2168 1207 2207 OF
1229 2168 1423 2207 LUCCA

887 2238 910 2274 2
931 2237 1032 2287 May
1055 2238 1157 2275 1481

205 2331 273 2376 Lu,
297 2327 364 2368 fol.
387 2331 466 2368 27r.
490 2330 617 2380 Copy.
639 2329 801 2380 Margin:
825 2327 1126 2368 ‘Bartholomeus
1149 2327 1262 2368 Scala.
1285 2329 1359 2367 Pro
1381 2328 1582 2379 gratiarum
1606 2327 1752 2367 ratione
1772 2341 1845 2379 pro

203 2385 380 2424 Antonio
410 2385 688 2436 suprascripto’;
719 2385 813 2424 Miss
843 2387 901 2431 48,
931 2383 998 2424 fol.
1027 2387 1135 2431 213v,
1165 2383 1351 2435 chancery
1378 2382 1476 2423 draft
1506 2382 1648 2423 headed
1678 2382 1839 2422 ‘Eisdem

204 2440 465 2488 [Lucensibus]
486 2441 644 2480 nomine
664 2439 813 2480 domini
833 2439 1117 2480 Bar-tholomei)

120 2543 349 2604 Magnifici
378 2558 420 2591 et
445 2558 650 2604 potentes
678 2543 849 2591 domiui
879 2545 966 2591 mei
994 2541 1410 2591 observandissimi.¹
1438 2544 1481 2590 Si
1510 2542 1705 2590 nobilem
1737 2542 1927 2603 aliquem

120 2612 380 2659 bellatorem
407 2630 569 2672 equum
597 2627 670 2659 aut
697 2627 914 2659 aratorem
939 2611 1127 2672 aliquem
1154 2611 1315 2658 bovem
1342 2629 1394 2658 ex
1421 2610 1499 2667 his,
1526 2610 1743 2666 videlicet,
1767 2611 1926 2657 nostris

201 2813 216 2838 ¹³
239 2822 431 2857 Francaeco
453 2818 586 2863 Sforza,
611 2818 736 2857 whom
757 2818 854 2856 Scala
874 2818 981 2856 knew
1000 2818 1129 2867 during
1150 2818 1204 2856 his
1226 2817 1403 2856 raeklence
1426 2818 1465 2855 in
1484 2817 1600 2855 Milan
1621 2818 1661 2854 in
1683 2821 1849 2861 1454-55‚
1871 2830 1928 2855 see

120 2871 226 2909 letter
242 2875 281 2908 61
302 2871 428 2915 above,
446 2870 517 2908 and
534 2871 639 2915 Scala,
662 2874 703 2908 16
720 2874 779 2916 [7].

201 2934 215 2949 ⁶
233 2929 409 2967 Galeazzo
429 2930 544 2967 Maria
561 2928 694 2967 Sforza.
715 2931 780 2967 On
796 2928 858 2967 the
877 2928 1025 2967 ‘honori
1040 2943 1058 2967 e
1075 2928 1188 2973 doni,’
1205 2942 1262 2966 see
1280 2928 1384 2972 Scala,
1405 2931 1515 2966 52-59
1533 2930 1684 2974 [35—38J.

202 2993 214 3007 ²
230 2987 307 3026 The
322 2987 590 3036 newly-elected
605 2990 699 3026 Otto
714 2987 751 3026 di
767 2989 902 3025 Pratica
916 2987 957 3025 of
969 2991 1013 3025 20
1027 2987 1133 3036 April
1150 2991 1247 3031 1481,
1264 2986 1305 3025 of
1318 2986 1439 3025 which
1453 2990 1617 3024 Lorenzo
1633 3000 1704 3024 was
1720 3000 1740 3024 3
1752 2985 1926 3029 member,

119 3054 176 3078 see
194 3039 301 3078 letter
315 3043 371 3083 97,
390 3052 477 3077 note
494 3039 525 3088 c)
545 3040 670 3077 above.

201 3092 217 3117 ¹’
237 3100 303 3136 On
322 3102 366 3136 26
385 3100 479 3146 Sept.
504 3101 602 3142 1481,
622 3097 685 3136 the
706 3100 800 3136 Otto
821 3097 1118 3135 ‘deliberaverunt
1136 3097 1235 3146 quod
1252 3097 1296 3135 de
1318 3111 1445 3135 eorum
1464 3097 1723 3145 assignamento
1744 3095 1878 3133 dentur
1894 3107 1929 3133 et

120 3149 309 3188 solvantur
322 3152 427 3187 Petro
442 3151 581 3187 Lutotii
591 3149 635 3187 de
648 3150 753 3187 Nasis
766 3149 886 3187 ducati
897 3148 1044 3187 ducenti
1056 3163 1123 3198 pro
1136 3161 1237 3198 parte
1248 3149 1304 3186 sui
1314 3149 1451 3186 servitii
1461 3149 1500 3185 in
1511 3148 1688 3196 legatione
1701 3147 1796 3196 apud
1810 3161 1928 3195 regem

123 3201 400 3240 Ferdinandum’
420 3202 528 3249 (Otto
547 3201 694 3245 DelibJ,
711 3201 775 3239 fol.
794 3201 881 3249 37r).
