2118 3444
185 157 276 198 294
1797 163 1934 195 PART
1959 163 1990 195 v

272 304 581 348 ‹COSMUS.›
615 300 670 347 ‘Si
697 300 791 360 quis
819 300 976 359 igitur,'
1006 300 1162 359 inquit,
1192 303 1354 346 ‘tamen
1380 317 1429 346 ea
1453 300 1657 360 requirat,
1684 317 1775 346 non
1802 300 1847 345 in
1873 299 1993 347 libris

186 369 414 416 dumtaxat
438 369 567 415 sacris
591 367 961 415 abundantissime
988 368 1151 428 poterit
1176 368 1377 428 reperire,
1402 367 1477 414 sed
1501 382 1542 414 et
1567 368 1744 414 Latinos
1768 385 1922 415 omnes
1946 386 1995 415 ac

186 441 382 484 Graecos
402 436 587 492 codices,
607 454 699 482 non
720 435 1001 482 historiarum
1024 435 1160 482 modo
1178 435 1254 482 sed
1272 450 1313 482 et
1330 435 1634 495 philosophiae
1657 450 1698 482 et
1718 436 1933 482 oratoriae
1952 450 1994 482 et

184 505 383 565 poeticae
402 503 618 550 facultatis
636 502 940 550 refertissimos
959 503 1213 563 comperiet.
1235 505 1377 549 Tanta
1393 503 1509 549 enim
1532 503 1658 563 copia
1676 517 1737 549 est
1758 520 1806 549 ac
1822 520 1995 563 semper

186 572 268 619 fuit
285 571 492 619 omnibus
512 571 724 618 aetatibus
740 585 868 631 atque
884 570 1090 617 omnibus
1110 570 1360 617 nationibus
1378 588 1531 617 eorum
1549 571 1623 631 qui
1639 570 1841 618 fortunae
1857 571 1994 618 secuti

186 658 336 688 auram
376 639 621 687 miseranda
659 639 913 686 hominibus
954 636 1232 699 spectacula³⁵
1270 638 1565 699 praebuerunt
1604 653 1652 686 ut
1690 638 1869 686 uberior
1905 639 1994 686 sive

184 709 380 770 paratior
405 707 524 755 nulla
548 708 685 769 possit
715 725 802 754 esse
831 708 1011 754 materia
1035 725 1181 754 rerum
1207 707 1504 768 scriptoribus.
1536 711 1684 768 Atque
1711 725 1790 767 ego
1818 725 1994 768 quoque

186 796 304 825 nunc
332 778 418 824 iam
446 776 561 824 trahi
587 777 632 822 in
661 775 911 837 exemplum
939 794 1132 836 possum,
1162 790 1210 823 ut
1239 777 1312 836 qui
1338 775 1470 836 paulo
1497 790 1596 823 ante
1622 776 1881 836 pientissimi
1911 775 1992 822 filii

184 847 347 893 umeris
365 845 609 892 imbecillus
627 863 675 892 ac
691 844 779 891 fere
795 845 1018 904 exsanguis
1035 862 1165 891 senex
1181 859 1381 904 gestares,
1398 859 1575 905 repente
1591 862 1644 891 eo
1659 844 1884 891 subtracto
1901 862 1992 891 cor-

186 915 363 970 ruerim,
390 931 470 960 nec
492 931 515 960 a
537 931 626 973 quo
652 914 789 973 erigar
810 914 1005 959 invenire
1026 913 1203 973 possim.
1232 917 1295 958 Ex
1319 931 1407 973 quo
1431 913 1561 959 etiam
1586 912 1840 959 addubitare
1862 930 1997 973 cogor

186 982 307 1042 quod
325 997 366 1028 et
383 999 513 1041 supra
532 981 635 1037 dixi,
652 995 802 1027 utrum
822 980 1050 1027 conferant
1068 980 1148 1026 filii
1167 980 1221 1027 ad
1237 980 1477 1040 degendam
1495 981 1644 1027 vitam.
1664 981 1757 1039 Qui
1775 980 1896 1027 locus
1915 981 1994 1027 etsi

185 1049 409 1097 difficilius
426 1049 799 1110 periculosiusque
821 1063 1033 1095 tractetur
1047 1063 1088 1095 et
1103 1063 1287 1109 propter
1306 1063 1482 1095 naturae
1499 1049 1590 1094 vim
1610 1063 1651 1095 et
1667 1049 1835 1108 generis
1854 1066 1995 1095 neces-

184 1119 372 1174 sitatem,
396 1132 545 1164 tamen
568 1132 629 1164 est
655 1116 698 1164 id
720 1116 926 1164 omnibus
952 1116 1040 1164 fere
1064 1117 1108 1163 in
1128 1131 1354 1177 promptu:
1383 1116 1547 1163 nullam
1571 1134 1658 1163 esse
1682 1117 1727 1163 in
1749 1117 1840 1164 vita
1860 1117 1994 1164 maio-

185 1205 278 1233 rem
299 1204 449 1233 curam
469 1204 601 1246 quam
620 1185 862 1232 liberorum
885 1200 956 1232 aut
977 1185 1236 1232 alendorum
1257 1200 1328 1232 aut
1350 1185 1734 1232 instituendorum.
1759 1186 1852 1244 Qui
1873 1186 1991 1232 enim

185 1255 230 1300 in
258 1254 531 1314 Pythagorae
557 1253 678 1300 bivio
706 1271 798 1299 non
825 1250 1077 1309 aberrent‚³⁶
1103 1253 1170 1300 vel
1198 1267 1408 1313 corrupto
1435 1252 1612 1299 vivendi
1638 1271 1761 1300 more
1788 1252 1856 1300 vel
1883 1252 1995 1300 male

185 1321 447 1369 ducentibus
469 1321 959 1382 praemonstratoribus,
986 1322 1059 1367 vix
1084 1339 1105 1368 e
1129 1320 1277 1368 multis
1302 1321 1477 1368 milibus
1500 1339 1663 1382 paucos
1688 1322 1885 1382 reperias.
1911 1320 1996 1368 Sed

184 1390 300 1451 finge
320 1390 430 1437 altos
449 1404 700 1450 rectamque
718 1389 895 1436 vivendi
914 1390 1125 1450 ingressos
1144 1390 1275 1446 viam,
1295 1404 1343 1437 ut
1362 1390 1523 1446 amicis,
1542 1389 1809 1450 parentibus,
1830 1390 1994 1450 patriae

182 1460 269 1506 suis
294 1459 461 1506 meritis
485 1459 571 1506 cari
595 1476 682 1505 esse
703 1459 885 1519 possint.
912 1459 1025 1518 Quis
1049 1476 1122 1505 eos
1147 1476 1170 1505 a
1191 1473 1333 1505 morte
1354 1459 1518 1519 poterit
1540 1458 1743 1506 liberare?
1767 1462 1831 1505 Ita
1850 1459 1995 1505 evenit

183 1543 231 1575 ut
250 1546 351 1575 cum
373 1527 438 1575 his
456 1527 613 1588 quibus
634 1528 789 1574 assueti
806 1545 954 1574 sumus
973 1527 1135 1588 privari
1152 1545 1231 1574 nos
1251 1526 1498 1574 commodis
1517 1526 1755 1583 videamus,
1775 1541 1990 1588 quantum

184 1596 324 1644 fuerat
348 1594 623 1657 voluptatis³⁷
650 1614 751 1643 cum
778 1596 859 1643 illis
885 1595 1143 1652 frueremur,
1169 1610 1342 1643 tantum
1368 1614 1420 1642 ex
1444 1614 1598 1643 eorum
1625 1597 1855 1643 amissione
1883 1613 1995 1642 mae-

184 1666 294 1712 roris
322 1664 595 1725 relinquatur
622 1682 792 1711 necesse
819 1665 885 1711 sit.
916 1664 1040 1723 Quid
1068 1664 1138 1711 alii
1163 1665 1351 1711 sentiant
1380 1665 1538 1711 nescio.
1569 1669 1661 1724 Ipse
1689 1678 1804 1711 certe
1830 1682 1878 1711 ea
1902 1681 1993 1711 sen-

183 1734 321 1780 tentia
352 1751 464 1789 sum,
503 1748 550 1779 ut
586 1733 832 1779 existimem
867 1733 1234 1793 sapientissimum
1274 1732 1454 1779 humani
1491 1733 1658 1792 generis
1693 1747 1918 1779 auctorem
1953 1746 1994 1779 et

184 1801 464 1848 conditorem
482 1804 632 1847 Deum
652 1800 761 1847 nihil
780 1802 1037 1848 concessisse
1056 1800 1314 1848 mortalibus
1333 1800 1466 1861 quod,
1485 1801 1519 1847 si
1536 1815 1694 1847 statera
1709 1800 1993 1861 expendatur,

184 1888 276 1916 non
308 1869 452 1916 multo
482 1869 580 1930 plus
613 1870 658 1915 in
689 1887 732 1916 se
763 1869 878 1916 aloes
909 1870 1134 1925 continere
1167 1883 1370 1916 cernatur
1397 1887 1527 1929 quam
1560 1868 1756 1916 mellis.uu
1788 1868 1928 1928 Quod
1958 1869 1993 1916 si

183 1939 279 1998 quis
306 1937 432 1984 aliter
455 1937 635 1984 fortasse
662 1937 898 1998 aliquando
923 1938 1102 1997 putarit,
1129 1937 1319 1984 arbitror
1343 1937 1436 1984 fore
1462 1952 1510 1984 ut
1535 1938 1570 1984 si
1597 1937 1651 1984 ad
1676 1937 1755 1984 hos
1782 1955 1825 1984 se
1852 1955 1990 1984 annos

181 2020 542 2065 senectutemque
560 2005 828 2065 perduxerit,
848 2023 939 2052 non
959 2006 1012 2052 sit
1031 2005 1209 2052 tandem
1230 2006 1288 2052 ita
1304 2023 1346 2052 se
1367 2023 1459 2052 rem
1479 2005 1636 2052 habere
1656 2004 1818 2052 infitias
1837 2006 1987 2052 iturus.

183 2073 309 2133 Quid
330 2074 462 2134 igitur
485 2073 615 2120 habet
638 2073 817 2120 fortuna
837 2073 958 2134 quod
980 2073 1274 2134 expetendum
1295 2074 1370 2120 sit?
1393 2073 1518 2133 Quid
1539 2091 1631 2120 non
1654 2074 1788 2133 magis
1808 2087 1994 2134 propter

183 2143 273 2189 eius
311 2143 443 2202 ipsius
481 2142 776 2189 temeritatem
811 2140 1128 2202 insanamque38
1167 2142 1395 2189 libidinem
1433 2143 1564 2189 etiam
1602 2141 1879 2202 fugiendum?
1916 2145 1991 2188 Est

182 2225 344 2267 autem,
364 2225 411 2257 ut
433 2209 543 2256 mihi
562 2210 749 2266 videtur,
770 2211 850 2257 ista
867 2210 934 2257 vel
955 2211 1146 2257 maxima
1165 2210 1398 2257 hominum
1422 2211 1606 2266 miseria,
1627 2225 1674 2257 ut
1695 2228 1886 2271 quorum
1908 2209 1990 2257 illis

182 2279 311 2326 insita
339 2278 502 2339 cupido
531 2293 592 2326 est
621 2297 816 2339 quaeque
846 2293 972 2326 tanto
997 2278 1144 2326 studio
1174 2297 1361 2340 curaque
1389 2279 1657 2339 conquirunt
1688 2293 1729 2326 et
1756 2279 1993 2326 necessaria

182 2348 314 2394 etiam
347 2347 401 2394 ad
431 2348 568 2394 vitam
602 2362 643 2394 et
676 2347 929 2394 felicitatem
961 2348 1212 2408 opinantur,
1249 2348 1294 2393 in
1326 2362 1541 2408 potestate
1574 2348 1724 2394 omnia
1755 2348 1841 2394 sint
1878 2346 1989 2394 illius

182 2415 388 2463 dominae
413 2434 522 2476 quae
545 2434 594 2462 ea
613 2430 781 2463 vertere
803 2430 844 2462 et
865 2434 948 2476 pro
971 2417 1228 2463 temeritatis
1247 2434 1346 2463 suae
1369 2416 1550 2463 arbitrio
1574 2417 1752 2462 miscere
1777 2416 1924 2462 iocum
1948 2430 1990 2462 et

182 2485 317 2530 risum
340 2498 481 2544 putet,
503 2499 551 2530 ut
575 2484 814 2530 exclamare
837 2502 936 2530 cum
962 2485 1165 2530 Lucretio
1186 2484 1369 2530 libeat:vv

385 2590 430 2632 O
455 2587 629 2632 miseras
654 2586 887 2632 hominum
915 2601 1096 2642 mentes,
1121 2604 1148 2632 o
1169 2601 1349 2646 pectora
1370 2604 1506 2633 caeca:

385 2654 603 2712 Qualibus
628 2655 673 2700 in
695 2654 886 2701 tenebris
907 2655 1020 2701 vitae
1042 2655 1299 2714 quantisque
1320 2653 1491 2714 periclis

383 2722 573 2781 Degitur
595 2721 679 2768 hoc
702 2722 795 2768 aevi
817 2719 1146 2782 quodcunque39
1171 2724 1245 2768 est!

180 2827 234 2869 Et
260 2823 320 2869 ita
343 2837 404 2869 est
426 2821 644 2882 profecto.
672 2823 713 2869 Si
739 2823 871 2878 enim,
897 2837 944 2869 ut
971 2823 1056 2869 iam
1080 2822 1364 2878 ostendimus,
1393 2840 1500 2882 quae
1527 2821 1727 2868 homines
1756 2821 1916 2868 habent
1942 2822 1987 2867 in

179 2891 334 2950 primis
358 2890 485 2937 huius
510 2890 632 2937 modi
655 2904 755 2937 sunt
779 2905 826 2937 ut
848 2891 1015 2950 saepius
1039 2889 1193 2937 afferre
1211 2891 1378 2950 possint
1404 2908 1453 2937 ea
1474 2889 1732 2936 habentibus
1757 2889 1990 2936 detrimen-

261 3119 292 3133 ““
313 3115 370 3152 Cf.
388 3115 537 3162 Juvenal
555 3117 737 3153 Sat.6.180.

260 3177 290 3190 W
307 3174 362 3210 De
379 3182 513 3210 renna!⁶
536 3175 702 3216 11,14-16.
