2118 3444
190 162 284 203 260
1801 171 1939 204 PART
1964 171 1995 204 V

191 324 275 366 que
309 305 594 353 efficerentur
624 306 716 352 sine
751 323 935 366 corpore
972 305 1089 353 effici
1121 324 1212 353 non
1244 325 1382 367 posse.
1420 310 1523 366 Qua
1557 307 1609 354 de
1642 326 1685 355 re
1719 322 1997 356 commotum

191 373 466 421 Archesilam
493 388 648 421 contra
671 374 822 421 omnia
847 373 1083 435 disputasse
1108 392 1237 436 supra
1261 374 1449 422 diximus
1472 376 1804 437 principemque
1831 376 1999 424 mediae

191 443 382 490 extitisse
414 442 692 490 Academiae.
724 446 847 489 Haec
875 457 975 490 sunt
1009 461 1117 503 quae
1149 443 1340 491 breviter
1369 462 1420 491 ex
1449 444 1765 505 probatissimis
1800 444 2005 506 decerpta

190 511 443 558 auctoribus
476 510 529 558 de
558 511 685 558 sectis
716 510 848 558 habui
880 529 989 572 quae
1020 511 1222 558 dicerem.
1256 515 1383 571 Quae
1412 513 1446 559 si
1479 512 1595 559 dicta
1621 512 1702 560 tibi
1732 513 2001 561 videbuntur

190 579 431 635 obscurius,
460 580 623 639 partim
650 579 778 626 rebus
805 580 918 640 ipsis,
946 580 1107 640 partim
1134 579 1350 637 brevitati,
1378 581 1446 627 cui
1473 581 1687 641 imprimis
1715 581 1915 629 consului
1943 599 1997 629 ne

190 646 377 694 modum
403 647 630 694 excederet
651 647 847 708 epistola,
872 647 1114 708 assignabis.

274 720 411 762 Nunc
436 733 544 762 vero
567 715 746 763 tandem
771 715 815 763 id
839 730 900 763 est
925 716 1156 777 reliquum,
1182 731 1230 764 ut
1254 718 1299 763 in
1325 735 1456 778 quam
1480 735 1549 765 me
1574 717 1784 765 familiam
1806 718 1998 779 philoso-

187 783 370 844 phando
397 783 663 831 contulerim
691 784 934 845 quibusque
962 785 1151 832 maxime
1176 785 1444 833 adhaeserim
1469 785 1522 833 ad
1546 800 1588 833 te
1612 786 1858 834 rescribam.
1884 791 1996 834 Non

187 870 367 913 possum
396 870 489 900 non
514 852 719 900 admirari
745 853 951 900 omnibus
978 854 1023 900 in
1047 853 1174 901 rebus
1200 855 1483 915 antiquorum
1510 855 1688 902 inventa
1709 855 1995 917 philosopho-

189 939 302 977 rum,
324 939 567 981 eorumque
589 922 779 968 maxime
798 922 886 982 qui,
908 922 1115 982 magistro
1135 922 1330 979 Platone,
1351 941 1482 984 quem
1500 923 1742 971 semideum
1763 923 1996 985 appellavit

189 989 364 1045 Labeo,s
383 1003 505 1036 tanta
521 1003 699 1050 tamque
718 989 974 1037 abscondita
990 990 1042 1037 de
1060 990 1218 1038 divinis
1238 990 1524 1052 humanisque
1547 991 1673 1039 rebus
1692 992 1819 1039 nobis
1838 993 1999 1054 scripta

188 1056 473 1117 reliquerunt.
492 1057 576 1104 Sed
592 1072 742 1104 tamen
758 1076 858 1105 cum
876 1058 961 1105 sint
981 1058 1194 1106 nonnulla
1212 1077 1320 1120 quae
1338 1059 1542 1120 reprobat
1561 1059 1811 1108 Christiana
1827 1061 1999 1118 veritas,

189 1143 359 1172 necesse
386 1140 448 1172 est
476 1125 528 1172 ab
557 1123 691 1173 illis²⁴O
721 1144 1043 1187 nonnunquam
1075 1127 1274 1175 recedere
1298 1145 1346 1175 ac
1372 1127 1553 1175 Christo
1581 1129 1754 1190 optimo
1784 1130 1993 1187 maximo,

186 1194 261 1255 qui
282 1212 384 1241 vera
402 1195 614 1255 sapientia
634 1209 710 1251 est,
731 1195 790 1242 ita
809 1196 1016 1256 coniungi
1037 1210 1100 1252 ut,
1121 1197 1288 1244 cunctis
1309 1198 1592 1258 antiquorum
1616 1196 1820 1245 deletis241
1842 1199 1996 1246 errori-

185 1262 279 1318 bus,
303 1264 395 1309 veri
415 1264 550 1310 simus
573 1264 618 1309 in
640 1264 736 1324 ipso
759 1265 985 1324 sapientes.
1008 1269 1129 1311 Nam
1152 1266 1226 1326 qui
1247 1265 1371 1312 aliter
1386 1265 1688 1327 philosophari
1712 1266 1846 1323 volet,
1867 1267 1995 1314 obru-

185 1345 254 1377 tus
301 1332 619 1378 sententiarum
665 1331 961 1379 infinitissima
1009 1332 1257 1380 diversitate
1300 1333 1367 1380 vel
1414 1348 1530 1381 certe
1574 1333 1687 1382 falsis
1734 1334 1995 1395 quibusdam

186 1399 474 1460 maximisque
501 1399 695 1446 imbutus
722 1399 862 1456 rebus,
888 1419 989 1447 curn
1014 1419 1057 1448 se
1079 1402 1186 1448 scire
1211 1402 1399 1449 maxime
1422 1403 1656 1463 putaverit,
1680 1403 1760 1450 erit
1784 1403 1991 1464 insipiens

185 1468 390 1524 maxime,
415 1467 684 1529 dicetquein
708 1468 839 1516 corde
861 1487 954 1525 suo,
979 1473 1089 1516 Non
1113 1484 1174 1517 est
1196 1473 1342 1517 Deus.t

269 1535 415 1583 Multa
440 1550 541 1583 sunt
569 1535 774 1597 profecto
800 1537 915 1584 inter
938 1537 1298 1598 praeclarissimas
1326 1538 1518 1586 Platonis
1543 1540 1779 1587 sententias
1806 1558 1915 1601 quae
1942 1558 1996 1588 ne

184 1603 327 1651 dicam
344 1604 542 1665 puerilia,
563 1619 678 1652 certe
696 1619 817 1652 tanta
833 1620 1101 1653 caeterarum
1119 1624 1226 1667 quae
1246 1607 1297 1654 ab
1316 1625 1369 1654 eo
1386 1608 1545 1668 scripta
1560 1622 1661 1655 sunt
1682 1626 1827 1656 rerum
1847 1609 1995 1656 maies-

183 1686 271 1719 tate
292 1672 501 1719 videntur
524 1672 714 1733 indigna,
739 1673 791 1720 de
814 1673 997 1730 mundo,
1023 1674 1075 1721 de
1098 1675 1256 1731 anima,
1280 1675 1332 1723 de
1355 1675 1446 1723 diis.
1472 1680 1535 1723 Ut
1559 1677 1677 1723 enim
1701 1677 1907 1724 omittam
1931 1695 1995 1724 ce—

183 1755 288 1796 tera,
307 1741 402 1801 quis
424 1759 516 1788 non
535 1741 741 1802 explodat
761 1741 939 1789 audiens
959 1742 1010 1789 de
1029 1742 1221 1790 hominis
1242 1744 1387 1791 anima
1404 1745 1449 1790 in
1468 1744 1568 1791 alias
1584 1744 1773 1805 pecudes
1790 1744 1991 1793 ridiculas

183 1809 608 1869 transmigrationes?
632 1810 746 1868 Quis
768 1811 902 1857 risum
925 1811 1148 1858 contineat
1169 1812 1244 1872 qui
1264 1811 1408 1859 audiat
1425 1813 1774 1873 purgatissimam
1797 1814 1884 1861 iam
1905 1814 1991 1861 ani-

183 1894 301 1923 mam
351 1895 496 1924 rursus
546 1878 590 1923 in
638 1876 800 1925 hanc²⁴²
849 1877 1097 1939 corporis²⁴³
1148 1879 1291 1927 labem
1338 1881 1725 1942 turpissimumque
1776 1899 1994 1929 carcerem

182 1944 292 1992 velle
318 1945 480 1992 redire?
504 1945 637 1993 Unde
662 1964 742 1993 nec
767 1947 991 1994 immerito
1018 1948 1251 1995 mirantem
1277 1947 1378 1996 facit
1401 1953 1598 1996 Aeneam
1622 1949 1860 2010 Virgilius,¹'
1889 1968 1990 1998 cum

182 2013 300 2060 illam
325 2013 377 2060 de
399 2014 592 2061 Anchise
614 2029 738 2075 patre
758 2016 1021 2062 sententiam
1043 2017 1286 2077 accepisset.
1311 2018 1456 2078 Inquit
1479 2018 1610 2064 enim:

267 2119 312 2162 O
333 2130 471 2176 pater,
495 2134 606 2164 anne
629 2117 792 2178 aliquas
814 2117 867 2164 ad
887 2118 1054 2165 caelum
1078 2118 1180 2166 hinc
1203 2120 1263 2166 ire
1284 2119 1531 2180 putandum
1554 2135 1615 2167 est

264 2184 472 2231 sublimes
497 2186 662 2232 animas
686 2186 932 2246 iterumque
955 2186 1008 2233 ad
1028 2186 1150 2234 tarda
1171 2188 1329 2235 reverti

265 2255 473 2312 corpora?
498 2256 625 2312 Quae
648 2253 754 2301 lucis
778 2255 943 2301 miseris
966 2269 1056 2301 tam
1079 2255 1171 2302 dira
1193 2255 1374 2316 cupido?

179 2357 331 2412 Quam
357 2355 617 2414 opinionem
645 2373 736 2402 non
764 2354 1057 2403 Christiani²⁴⁴
1082 2356 1225 2404 solum
1252 2357 1572 2418 improbarunt,
1600 2358 1675 2406 sed
1698 2376 1749 2406 ex
1773 2359 1873 2420 ipsis
1899 2358 1989 2406 Pla-

179 2422 338 2469 tonicis
356 2422 627 2483 Porphyrius
646 2441 739 2470 non
757 2424 972 2484 ignobilis,
994 2426 1068 2486 qui
1083 2439 1124 2472 et
1141 2426 1304 2473 animas
1322 2444 1475 2473 eorum
1493 2427 1567 2487 qui
1583 2441 1699 2474 recte
1716 2426 1984 2488 honesteque

178 2490 385 2537 vixissent
410 2492 633 2551 perpetuis
659 2491 741 2538 illis
767 2492 976 2540 itionibus
1006 2493 1379 2555 reditionibusque
1406 2494 1619 2551 liberavit,
1645 2510 1686 2542 et
1712 2510 1985 2542 caeterorum

178 2558 253 2618 qui
269 2559 386 2605 vitiis
401 2560 594 2606 animam
613 2560 956 2620 inquinavissent
974 2561 1019 2607 in
1037 2561 1117 2608 alia
1133 2561 1365 2609 hominum
1385 2580 1584 2623 corpora,
1603 2581 1695 2610 non
1711 2581 1983 2624 quarumque

177 2626 310 2672 etiam
331 2627 567 2687 pecudum,
591 2642 639 2674 ut
662 2627 800 2684 Plato,
824 2629 1007 2689 migrare
1028 2629 1181 2676 voluit.

261 2697 331 2741 De
358 2696 508 2755 paenis
535 2714 711 2756 quoque
740 2696 994 2744 aberrarunt
1022 2697 1249 2754 Platonici,
1277 2716 1381 2759 quas
1408 2699 1611 2746 dixerunt
1638 2717 1724 2746 esse
1753 2717 1906 2747 omnes
1933 2699 1987 2747 ad

176 2777 351 2823 tempus
372 2778 428 2819 et,
448 2778 495 2810 ut
516 2764 575 2810 ita
594 2764 751 2820 dicam,
769 2766 1053 2825 purgatorias,
1077 2783 1177 2812 cum
1196 2767 1296 2822 sint,
1317 2781 1365 2813 ut
1385 2767 1625 2814 Christiani
1646 2768 1866 2814 verissime
1886 2782 1986 2815 test—

176 2845 319 2886 antur,
345 2831 507 2878 multae
531 2833 835 2891 sempiternae,
860 2847 908 2879 ut
932 2834 989 2879 ait
1012 2832 1188 2880 divus²⁴⁵
1215 2835 1483 2894 Augustinus
1510 2835 1555 2880 in
1578 2835 1693 2881 libro
1716 2834 1982 2894 undevigesi-

256 3069 265 3082 “
283 3066 320 3101 St
338 3067 443 3112 Aug„
467 3067 550 3102 CD.
573 3068 671 3103 11.14.

255 3124 264 3140 ¹
284 3124 429 3160 Ps.14.1.

255 3185 270 3198 '¹
288 3180 418 3228 Vergil,
436 3183 522 3218 Aen.
544 3184 752 3219 VL719-21.
