2118 3444
143 159 326 194 ESSAYS
1849 151 1940 192 325

141 296 435 352 suetudinem3
453 296 650 356 plerique
667 310 816 342 tamen
833 313 885 342 ex
902 309 944 342 te
961 310 1110 342 ortum
1130 310 1371 342 autumant.
1392 299 1507 355 Ergo
1525 313 1712 356 aequum
1734 310 1795 342 est
1814 313 1945 356 quam

140 364 415 426 produxeris,
440 363 553 411 illius
575 378 624 410 ut
646 381 791 410 mores
813 362 951 410 feras.’

863 497 988 550 ,61.¹⁴⁹
1011 484 1224 546 Patientia

140 601 319 650 Publica
350 602 395 648 in
425 602 602 663 porticu
633 601 862 648 mulierem
892 602 1039 662 pictor
1067 600 1253 648 finxerat
1284 602 1512 658 inermem,
1544 601 1819 657 obliviosam,
1853 602 1945 649 sine

141 670 356 726 manibus,
384 684 600 716 coronato
626 670 780 730 capite;
807 670 851 715 in
876 669 966 716 basi
991 683 1138 716 autem
1162 669 1341 716 titulum
1365 669 1616 716 subdiderat
1640 673 1806 716 Iniuria
1828 687 1948 730 prae-

140 737 265 785 claris
284 737 452 784 litteris.
475 737 719 784 Instruebat
740 751 901 792 autem,
922 737 1096 797 opinor,
1119 754 1169 784 ea
1185 738 1356 798 pictura
1373 736 1589 798 populum
1614 738 1872 784 iniuriarum
1896 752 1943 784 ut

140 805 517 861 obliviscerentur;
545 806 605 852 ita
625 806 744 852 enim
770 822 954 852 coronas
978 806 1110 852 etiam
1134 806 1309 866 captari.
1336 808 1454 852 Cum
1478 823 1585 852 vero
1609 805 1663 852 ad
1684 823 1779 852 eam
1802 805 1944 866 philo-

138 873 303 934 sophus
325 872 562 933 aliquando
583 872 804 920 adiecisset
824 872 989 928 oculos,
1011 872 1268 933 elegantiam
1287 873 1407 933 prius
1426 873 1606 933 paulum
1631 874 1792 933 ingenii
1814 873 1948 920 admi—

140 956 271 997 ratus,
298 942 343 987 in
369 940 501 988 titulo
526 955 675 988 tamen
700 941 947 988 aberratum
974 941 1045 988 ait:
1073 944 1319 988 ‘Patientiae
1344 940 1528 1001 figuram
1555 959 1650 988 eam
1675 941 1827 997 videri,
1855 959 1946 988 non

138 1012 355 1056 Iniuriae.’
379 1012 530 1068 Quam
551 1008 756 1069 profecto
777 1008 905 1056 fuisse
926 1023 968 1056 et
990 1009 1301 1056 memoriosam
1326 1024 1368 1056 et
1389 1024 1601 1056 armatam
1623 1024 1665 1056 et
1685 1009 1943 1056 lacertosam

140 1076 298 1124 inferas
320 1076 586 1124 inferaturve
607 1077 855 1133 conveniat,
875 1076 951 1123 sed
970 1077 1061 1137 pati
1083 1094 1170 1124 esse
1193 1076 1358 1124 melius.

844 1218 910 1260 62.
934 1213 1077 1260 Dolus
1101 1213 1239 1260 malus

137 1314 301 1376 Vulpes
319 1314 493 1362 stabulo
511 1329 677 1361 assueta
692 1314 919 1375 gallinario
935 1332 1061 1376 saepe
1079 1314 1320 1362 tumultum
1339 1315 1570 1371 exciverat,
1585 1333 1711 1376 saepe
1729 1315 1942 1363 damnum

138 1383 329 1431 dederat.
345 1387 406 1430 Ea
421 1401 528 1430 vero
545 1400 611 1430 res
627 1382 776 1430 villico
792 1397 1019 1430 exacuerat
1035 1383 1306 1430 industriam.
1326 1387 1441 1444 Ergo
1458 1401 1603 1444 capses
1620 1402 1721 1431 cum
1739 1383 1943 1431 tetendis—

136 1466 215 1508 set,
243 1452 358 1512 cepit
386 1451 565 1512 vulpem
595 1469 644 1498 ac
671 1466 933 1498 maceratam
961 1450 1075 1499 fame
1104 1452 1312 1499 enecavit.
1342 1456 1490 1513 Itaque
1517 1453 1633 1499 inter
1659 1452 1942 1499 moriendum

137 1537 239 1567 cum
259 1537 382 1566 suam
402 1519 745 1566 lamentabunda
763 1534 1057 1567 exsecraretur
1071 1534 1251 1576 sortem,
1272 1520 1427 1581 inquit:
1451 1520 1645 1567 ‘Villicus
1665 1538 1773 1567 vero
1790 1520 1943 1581 vulpes

138 1585 268 1644 est3¹⁵⁰
293 1587 409 1635 haud
430 1588 521 1648 ipsa
541 1605 639 1634 sum
661 1587 826 1648 vulpes;
851 1588 942 1635 iure
962 1591 1125 1649 pereo?

886 1728 952 1771 63.
976 1725 1194 1785 Sapientia

135 1826 313 1883 Mulier,
335 1844 459 1887 quae,
477 1827 632 1887 spretis
653 1827 935 1883 amatoribus,
957 1827 1175 1874 caelebem
1196 1828 1381 1888 innupta
1400 1829 1536 1875 vitam
1557 1827 1753 1884 duxerat,
1772 1828 1944 1875 divitias

136 1913 188 1942 ex
206 1895 298 1942 alto
315 1913 411 1942 suas
431 1895 689 1942 ostendebat
710 1895 980 1943 mortalibus.
1002 1900 1063 1943 Ea
1081 1897 1159 1943 etsi
1179 1897 1223 1942 in
1243 1914 1355 1943 cano
1375 1911 1465 1943 erat
1483 1897 1638 1957 capite,
1657 1911 1779 1944 tanta
1796 1911 1945 1944 tamen

135 1964 274 2010 inerat
296 1964 341 2009 in
363 1963 488 2010 vultu
512 1963 711 2024 dignitas,
731 1979 780 2011 ut
801 1982 930 2025 supra
953 1964 1191 2011 humanam
1215 1964 1358 2012 multo
1379 1964 1755 2025 pulchritudinem
1780 1965 1944 2012 videre-

134 2046 219 2078 tur.
246 2031 498 2078 Oculorum
527 2031 808 2092 splendorem
838 2050 931 2079 non
957 2032 1082 2079 aliter
1105 2050 1154 2079 ac
1176 2033 1211 2080 si
1239 2033 1285 2079 in
1309 2033 1448 2080 solem
1477 2034 1668 2094 aspicias,
1696 2051 1788 2080 non
1817 2033 1939 2080 feras.

134 2095 409 2146 Omnium¹⁵¹
437 2098 526 2146 fere
546 2100 743 2160 gentium
766 2114 896 2161 atque
916 2115 1108 2147 aetatum
1129 2100 1377 2162 complures
1400 2100 1455 2148 ad
1472 2101 1760 2162 spectandum
1783 2119 1941 2149 conve-

135 2182 289 2215 nerant
317 2182 374 2224 et,
402 2167 523 2228 quod
551 2169 597 2214 in
625 2167 789 2215 femina
814 2168 1008 2216 accidere
1031 2170 1105 2215 vix
1130 2169 1255 2226 solet,
1284 2170 1470 2217 maiores
1499 2185 1619 2226 natu,
1646 2171 1722 2231 qui
1748 2170 1943 2226 aderant,

134 2235 397 2283 accedebant
411 2237 604 2296 propius.
626 2237 746 2283 Varii
764 2252 886 2284 erant
901 2237 1078 2297 singulis
1094 2255 1233 2298 prope
1251 2252 1444 2294 ornatus,
1462 2238 1615 2285 eadem
1631 2253 1780 2285 tamen
1797 2239 1937 2285 omni-

133 2303 213 2350 bus
233 2303 322 2351 fere
339 2304 385 2350 in
404 2304 530 2351 vultu
549 2305 747 2364 gravitas.
766 2306 1074 2352 Reverentiam
1092 2323 1268 2366 quoque
1287 2306 1575 2367 extorquebat
1593 2306 1647 2353 ab
1665 2306 1938 2354 intuentibus

133 2375 338 2428 Cosmus,
364 2373 529 2432 patriae
552 2369 779 2419 nostrae¹⁵2
802 2387 940 2433 pater,
964 2391 1064 2420 cum
1089 2374 1353 2434 apparuisset
1378 2375 1494 2421 inter
1512 2375 1693 2435 primos.
1721 2375 1938 2422 Animum

131 2439 264 2486 subiit
286 2440 421 2500 quod,
444 2458 545 2487 cum
569 2458 623 2487 eo
641 2441 836 2488 vixeram
857 2440 1123 2497 familiarius,
1148 2459 1362 2502 quaenam
1383 2460 1432 2489 ea
1450 2457 1557 2489 esset
1579 2442 1737 2490 mulier
1756 2461 1939 2503 percon-

132 2507 268 2555 tandi.
285 2508 421 2568 Igitur
436 2509 483 2564 is,
500 2526 601 2555 cum
620 2508 727 2569 quid
740 2526 945 2569 cuperem
960 2509 1226 2570 perbenigne
1244 2510 1580 2567 auscultavisset3
1598 2511 1831 2571 ‘Sapientia
1847 2515 1939 2567 est,'

133 2576 291 2636 inquit,
317 2579 479 2623 ‘rerum
503 2577 706 2623 omnium
734 2578 880 2637 regina
901 2577 1205 2625 humanarum.
1232 2582 1354 2634 Eam,
1378 2579 1631 2626 renuntiato
1654 2580 1775 2635 meis,
1798 2594 1846 2626 ut
1870 2597 1939 2626 co—

132 2640 276 2690 lant¹⁵³
301 2645 569 2691 continuatis
590 2646 731 2692 sacris.
754 2649 875 2692 Nam
897 2646 932 2692 si
953 2663 1033 2706 per
1053 2646 1279 2693 intervalla
1296 2646 1525 2703 sacrifices,
1547 2662 1713 2694 avertet
1731 2647 1906 2694 vultus.'

881 2786 947 2828 64.
971 2781 1195 2828 Medicina

131 2879 382 2940 Magnificis
398 2881 443 2927 in
461 2880 638 2928 aedibus
653 2899 783 2942 supra
800 2882 974 2929 ianuam
992 2882 1144 2930 titulus
1161 2897 1264 2930 erat:
1282 2883 1385 2930 ‘Hic
1399 2883 1624 2930 Medicina
1639 2883 1818 2930 habitat.
1836 2886 1938 2930 Pro-

132 2947 202 2995 cul
225 2947 414 2995 absunto
440 2948 614 2996 morbi.‘
642 2951 877 3010 Temptata
898 2965 1044 2997 autem
1067 2950 1300 3007 Valetudo,
1325 2969 1425 2998 cum
1453 2950 1538 2998 huc
1562 2951 1794 3012 appulisset
1821 2951 1940 3012 legis-

131 3030 283 3076 setque
302 3016 476 3063 aedium
496 3017 843 3077 inscriptionem,
865 3018 1129 3066 vestibulum
1152 3018 1404 3079 ingreditur.
1426 3023 1558 3066 Fores
1576 3020 1668 3066 sine
1688 3019 1786 3066 ullis
1805 3020 1938 3080 posti-

132 3083 213 3131 bus
242 3083 332 3131 dies
358 3084 567 3145 patebant
598 3099 640 3132 et
668 3100 833 3142 noctes,
863 3100 904 3133 et
933 3086 1060 3133 multi
1091 3087 1135 3132 in
1163 3086 1381 3134 vestibulo
1410 3087 1697 3143 excubabant,
1726 3088 1801 3148 qui
1830 3106 1938 3135 auro

133 3152 278 3199 ornati
305 3166 347 3199 et
374 3153 558 3212 gemmis
587 3153 928 3201 severitudinem
957 3172 1132 3215 quoque
1163 3155 1207 3201 in
1235 3155 1359 3202 vultu
1387 3154 1691 3215 praeferebant
1718 3155 1939 3216 quandam
