<?xml version="1.0" encoding="UTF-8"?>
<!DOCTYPE html PUBLIC "-//W3C//DTD XHTML 1.0 Transitional//EN"
    "http://www.w3.org/TR/xhtml1/DTD/xhtml1-transitional.dtd">
<html xmlns="http://www.w3.org/1999/xhtml" xml:lang="en" lang="en">
 <head>
  <title>
</title>
<meta http-equiv="Content-Type" content="text/html;charset=utf-8" />
  <meta name='ocr-system' content='tesseract 3.04.00' />
  <meta name='ocr-capabilities' content='ocr_page ocr_carea ocr_par ocr_line ocrx_word'/>
</head>
<body>
  <div class='ocr_page' id='page_1' title='image "bartolomeoscalah00scaluoft_0549.png"; bbox 0 0 2072 3450; ppageno 0'>
   <div class='ocr_carea' id='block_1_1' title="bbox 131 173 1929 216">
    <p class='ocr_par' dir='ltr' id='par_1_1' title="bbox 131 173 1929 216">
     <span class='ocr_line' id='line_1_1' title="bbox 131 173 1929 216; baseline 0.002 -4"><span class='ocrx_word' id='word_1_1' title='bbox 131 179 384 213; x_wconf 83' lang='lat' dir='ltr'>TEXTUAL</span> <span class='ocrx_word' id='word_1_2' title='bbox 409 178 584 212; x_wconf 83' lang='lat' dir='ltr'><strong>NOTES</strong></span> <span class='ocrx_word' id='word_1_3' title='bbox 1095 173 1130 213; x_wconf 92' lang='lat' dir='ltr'>I:</span> <span class='ocrx_word' id='word_1_4' title='bbox 1161 174 1317 214; x_wconf 88' lang='lat'>31-35</span> <span class='ocrx_word' id='word_1_5' title='bbox 1839 177 1929 216; x_wconf 89' lang='lat'>509</span> 
     </span>
    </p>
   </div>
   <div class='ocr_carea' id='block_1_2' title="bbox 214 311 1507 950">
    <p class='ocr_par' dir='ltr' id='par_1_2' title="bbox 214 311 1507 939">
     <span class='ocr_line' id='line_1_2' title="bbox 215 311 494 357; baseline 0 -6"><span class='ocrx_word' id='word_1_6' title='bbox 215 311 229 333; x_wconf 86' lang='lat'><strong><em>⁶</em></strong></span> <span class='ocrx_word' id='word_1_7' title='bbox 243 325 277 351; x_wconf 88' lang='lat' dir='ltr'>at</span> <span class='ocrx_word' id='word_1_8' title='bbox 291 316 334 357; x_wconf 90' lang='lat' dir='ltr'>K;</span> <span class='ocrx_word' id='word_1_9' title='bbox 351 328 389 351; x_wconf 88' lang='lat' dir='ltr'>ac</span> <span class='ocrx_word' id='word_1_10' title='bbox 404 311 494 351; x_wconf 82' lang='lat' dir='ltr'>Bod³</span> 
     </span>
     <span class='ocr_line' id='line_1_3' title="bbox 216 363 546 402; baseline 0 0"><span class='ocrx_word' id='word_1_11' title='bbox 216 363 229 384; x_wconf 92' lang='lat'><strong><em>⁷</em></strong></span> <span class='ocrx_word' id='word_1_12' title='bbox 243 365 378 402; x_wconf 83' lang='lat' dir='ltr'>audeat:</span> <span class='ocrx_word' id='word_1_13' title='bbox 395 365 498 402; x_wconf 90' lang='lat' dir='ltr'>audet</span> <span class='ocrx_word' id='word_1_14' title='bbox 514 368 546 402; x_wconf 91' lang='lat' dir='ltr'>K</span> 
     </span>
     <span class='ocr_line' id='line_1_4' title="bbox 215 415 692 455; baseline 0 0"><span class='ocrx_word' id='word_1_15' title='bbox 215 415 228 438; x_wconf 82' lang='lat'>⁸</span> <span class='ocrx_word' id='word_1_16' title='bbox 242 419 395 455; x_wconf 85' lang='lat' dir='ltr'>nitimur</span> <span class='ocrx_word' id='word_1_17' title='bbox 407 420 450 455; x_wconf 92' lang='lat' dir='ltr'>K:</span> <span class='ocrx_word' id='word_1_18' title='bbox 467 419 589 455; x_wconf 91' lang='lat' dir='ltr'>nimur</span> <span class='ocrx_word' id='word_1_19' title='bbox 603 416 692 455; x_wconf 79' lang='lat' dir='ltr'>Bod³</span> 
     </span>
     <span class='ocr_line' id='line_1_5' title="bbox 214 467 727 519; baseline 0 -12"><span class='ocrx_word' id='word_1_20' title='bbox 214 467 228 489; x_wconf 89' lang='lat'><strong>⁹</strong></span> <span class='ocrx_word' id='word_1_21' title='bbox 242 482 387 518; x_wconf 89' lang='lat' dir='ltr'>excepta</span> <span class='ocrx_word' id='word_1_22' title='bbox 400 472 443 507; x_wconf 87' lang='lat' dir='ltr'>K:</span> <span class='ocrx_word' id='word_1_23' title='bbox 459 482 623 519; x_wconf 84' lang='lat' dir='ltr'>excerpta</span> <span class='ocrx_word' id='word_1_24' title='bbox 637 467 727 507; x_wconf 83' lang='lat' dir='ltr'>B0d³</span> 
     </span>
     <span class='ocr_line' id='line_1_6' title="bbox 217 520 510 566; baseline 0 -6"><span class='ocrx_word' id='word_1_25' title='bbox 217 520 244 543; x_wconf 87' lang='lat'>¹⁰</span> <span class='ocrx_word' id='word_1_26' title='bbox 256 538 298 560; x_wconf 90' lang='lat' dir='ltr'>ex</span> <span class='ocrx_word' id='word_1_27' title='bbox 312 525 355 566; x_wconf 88' lang='lat' dir='ltr'>K;</span> <span class='ocrx_word' id='word_1_28' title='bbox 372 535 406 560; x_wconf 93' lang='lat' dir='ltr'>et</span> <span class='ocrx_word' id='word_1_29' title='bbox 420 520 510 560; x_wconf 81' lang='lat' dir='ltr'>Bod³</span> 
     </span>
     <span class='ocr_line' id='line_1_7' title="bbox 216 573 808 624; baseline 0 -12"><span class='ocrx_word' id='word_1_30' title='bbox 216 573 240 595; x_wconf 90' lang='lat'>¹¹</span> <span class='ocrx_word' id='word_1_31' title='bbox 255 576 455 624; x_wconf 84' lang='lat' dir='ltr'>posuissent</span> <span class='ocrx_word' id='word_1_32' title='bbox 470 577 513 618; x_wconf 89' lang='lat' dir='ltr'>K;</span> <span class='ocrx_word' id='word_1_33' title='bbox 530 576 702 624; x_wconf 87' lang='lat' dir='ltr'>posuisset</span> <span class='ocrx_word' id='word_1_34' title='bbox 719 573 808 612; x_wconf 80' lang='lat' dir='ltr'>Bod³</span> 
     </span>
     <span class='ocr_line' id='line_1_8' title="bbox 216 625 1106 677; baseline 0.001 -12"><span class='ocrx_word' id='word_1_35' title='bbox 216 625 242 648; x_wconf 88' lang='lat'>¹²</span> <span class='ocrx_word' id='word_1_36' title='bbox 255 640 290 665; x_wconf 92' lang='lat' dir='ltr'>et</span> <span class='ocrx_word' id='word_1_37' title='bbox 304 629 401 677; x_wconf 86' lang='lat' dir='ltr'>quasi</span> <span class='ocrx_word' id='word_1_38' title='bbox 417 629 692 677; x_wconf 80' lang='lat' dir='ltr'>congnomentis</span> <span class='ocrx_word' id='word_1_39' title='bbox 703 639 778 677; x_wconf 83' lang='lat' dir='ltr'>post</span> <span class='ocrx_word' id='word_1_40' title='bbox 792 630 923 666; x_wconf 83' lang='lat' dir='ltr'>Vestris</span> <span class='ocrx_word' id='word_1_41' title='bbox 937 628 999 666; x_wconf 87' lang='lat' dir='ltr'>del.</span> <span class='ocrx_word' id='word_1_42' title='bbox 1017 627 1106 666; x_wconf 82' lang='lat' dir='ltr'>Bod³</span> 
     </span>
     <span class='ocr_line' id='line_1_9' title="bbox 216 677 878 729; baseline 0.002 -12"><span class='ocrx_word' id='word_1_43' title='bbox 216 677 240 700; x_wconf 80' lang='lat'>¹³</span> <span class='ocrx_word' id='word_1_44' title='bbox 254 681 499 729; x_wconf 87' lang='lat' dir='ltr'>scriptionem:</span> <span class='ocrx_word' id='word_1_45' title='bbox 515 681 727 729; x_wconf 83' lang='lat' dir='ltr'>scriptorem</span> <span class='ocrx_word' id='word_1_46' title='bbox 743 678 832 718; x_wconf 83' lang='lat' dir='ltr'>Bod³</span> <span class='ocrx_word' id='word_1_47' title='bbox 846 683 878 718; x_wconf 92' lang='lat' dir='ltr'>K</span> 
     </span>
     <span class='ocr_line' id='line_1_10' title="bbox 215 731 1507 783; baseline 0.003 -13"><span class='ocrx_word' id='word_1_48' title='bbox 215 731 241 753; x_wconf 84' lang='lat'>¹⁴</span> <span class='ocrx_word' id='word_1_49' title='bbox 254 734 562 782; x_wconf 82' lang='lat' dir='ltr'>prosequebantur</span> <span class='ocrx_word' id='word_1_50' title='bbox 577 748 644 771; x_wconf 92' lang='lat' dir='ltr'>nos</span> <span class='ocrx_word' id='word_1_51' title='bbox 657 734 701 771; x_wconf 88' lang='lat' dir='ltr'>ad</span> <span class='ocrx_word' id='word_1_52' title='bbox 715 749 754 771; x_wconf 90' lang='lat' dir='ltr'>ea</span> <span class='ocrx_word' id='word_1_53' title='bbox 767 735 1000 783; x_wconf 89' lang='lat' dir='ltr'>corruptione</span> <span class='ocrx_word' id='word_1_54' title='bbox 1008 746 1083 783; x_wconf 82' lang='lat' dir='ltr'>post</span> <span class='ocrx_word' id='word_1_55' title='bbox 1097 735 1323 783; x_wconf 83' lang='lat' dir='ltr'>Quibusdam</span> <span class='ocrx_word' id='word_1_56' title='bbox 1338 736 1400 773; x_wconf 87' lang='lat' dir='ltr'>del.</span> <span class='ocrx_word' id='word_1_57' title='bbox 1418 734 1507 774; x_wconf 79' lang='lat' dir='ltr'>Bod³</span> 
     </span>
     <span class='ocr_line' id='line_1_11' title="bbox 215 783 706 829; baseline 0.002 -7"><span class='ocrx_word' id='word_1_58' title='bbox 215 783 240 805; x_wconf 88' lang='lat'>¹⁵</span> <span class='ocrx_word' id='word_1_59' title='bbox 254 786 378 823; x_wconf 88' lang='lat' dir='ltr'>omnia</span> <span class='ocrx_word' id='word_1_60' title='bbox 391 788 434 829; x_wconf 90' lang='lat' dir='ltr'>K;</span> <span class='ocrx_word' id='word_1_61' title='bbox 451 800 599 823; x_wconf 90' lang='lat' dir='ltr'>omnem</span> <span class='ocrx_word' id='word_1_62' title='bbox 614 783 706 823; x_wconf 79' lang='lat' dir='ltr'>Bod³</span> 
     </span>
     <span class='ocr_line' id='line_1_12' title="bbox 215 836 914 910; baseline 0.001 -34"><span class='ocrx_word' id='word_1_63' title='bbox 215 836 240 858; x_wconf 86' lang='lat'>¹⁶</span> <span class='ocrx_word' id='word_1_64' title='bbox 215 839 482 910; x_wconf 48' lang='lat' dir='ltr'>„subscribunt</span> <span class='ocrx_word' id='word_1_65' title='bbox 497 841 540 882; x_wconf 90' lang='lat' dir='ltr'>K;</span> <span class='ocrx_word' id='word_1_66' title='bbox 556 839 809 877; x_wconf 90' lang='lat' dir='ltr'>subscribuunt</span> <span class='ocrx_word' id='word_1_67' title='bbox 825 837 914 877; x_wconf 79' lang='lat' dir='ltr'>Bod³</span> 
     </span>
     <span class='ocr_line' id='line_1_13' title="bbox 215 888 658 950; baseline 0 -22"><span class='ocrx_word' id='word_1_68' title='bbox 215 888 386 950; x_wconf 75' lang='lat' dir='ltr'>¹7quanta</span> <span class='ocrx_word' id='word_1_69' title='bbox 399 893 442 934; x_wconf 87' lang='lat' dir='ltr'>K;</span> <span class='ocrx_word' id='word_1_70' title='bbox 458 903 554 939; x_wconf 83' lang='lat' dir='ltr'>grata</span> <span class='ocrx_word' id='word_1_71' title='bbox 567 888 658 928; x_wconf 85' lang='lat' dir='ltr'>Bod³</span> 
     </span>
    </p>
   </div>
   <div class='ocr_carea' id='block_1_3' title="bbox 214 941 734 987">
    <p class='ocr_par' dir='ltr' id='par_1_3' title="bbox 214 941 734 987">
     <span class='ocr_line' id='line_1_14' title="bbox 214 941 734 987; baseline 0.002 -7.026"><span class='ocrx_word' id='word_1_72' title='bbox 214 941 262 963; x_wconf 85' lang='lat'>¹⁸</span> <span class='ocrx_word' id='word_1_73' title='bbox 255 944 381 980; x_wconf 83' lang='lat' dir='ltr'>insani‹</span> <span class='ocrx_word' id='word_1_74' title='bbox 384 958 415 980; x_wconf 85' lang='lat' dir='ltr'>a&gt;</span> <span class='ocrx_word' id='word_1_75' title='bbox 418 958 436 980; x_wconf 91' lang='lat' dir='ltr'>e</span> <span class='ocrx_word' id='word_1_76' title='bbox 449 941 575 987; x_wconf 84' lang='lat' dir='ltr'>Bod³;</span> <span class='ocrx_word' id='word_1_77' title='bbox 568 959 688 981; x_wconf 81' lang='lat' dir='ltr'>insane</span> <span class='ocrx_word' id='word_1_78' title='bbox 702 947 734 981; x_wconf 93' lang='lat' dir='ltr'>K</span> 
     </span>
    </p>
   </div>
   <div class='ocr_carea' id='block_1_4' title="bbox 214 992 667 1043">
    <p class='ocr_par' dir='ltr' id='par_1_4' title="bbox 214 992 667 1043">
     <span class='ocr_line' id='line_1_15' title="bbox 214 992 667 1043; baseline 0.002 -12"><span class='ocrx_word' id='word_1_79' title='bbox 214 992 240 1014; x_wconf 85' lang='lat'>¹⁹</span> <span class='ocrx_word' id='word_1_80' title='bbox 254 994 357 1032; x_wconf 91' lang='lat' dir='ltr'>nihil.</span> <span class='ocrx_word' id='word_1_81' title='bbox 371 995 481 1032; x_wconf 92' lang='lat' dir='ltr'>nichil</span> <span class='ocrx_word' id='word_1_82' title='bbox 495 1007 559 1043; x_wconf 87' lang='lat' dir='ltr'>rep.</span> <span class='ocrx_word' id='word_1_83' title='bbox 576 993 667 1032; x_wconf 85' lang='lat' dir='ltr'>Bod³</span> 
     </span>
    </p>
   </div>
   <div class='ocr_carea' id='block_1_5' title="bbox 211 1045 868 1149">
    <p class='ocr_par' dir='ltr' id='par_1_5' title="bbox 211 1045 868 1149">
     <span class='ocr_line' id='line_1_16' title="bbox 211 1045 751 1086; baseline 0.004 -2"><span class='ocrx_word' id='word_1_84' title='bbox 211 1045 240 1068; x_wconf 83' lang='lat'>²0</span> <span class='ocrx_word' id='word_1_85' title='bbox 254 1047 351 1085; x_wconf 89' lang='lat' dir='ltr'>reddi</span> <span class='ocrx_word' id='word_1_86' title='bbox 367 1063 406 1085; x_wconf 79' lang='lat' dir='ltr'>ex</span> <span class='ocrx_word' id='word_1_87' title='bbox 419 1048 546 1085; x_wconf 86' lang='lat' dir='ltr'>redditi</span> <span class='ocrx_word' id='word_1_88' title='bbox 560 1063 643 1085; x_wconf 87' lang='lat' dir='ltr'>corr.</span> <span class='ocrx_word' id='word_1_89' title='bbox 661 1046 751 1086; x_wconf 81' lang='lat' dir='ltr'>Bod³</span> 
     </span>
     <span class='ocr_line' id='line_1_17' title="bbox 211 1097 868 1149; baseline 0.002 -12"><span class='ocrx_word' id='word_1_90' title='bbox 211 1097 237 1119; x_wconf 89' lang='lat'>²¹</span> <span class='ocrx_word' id='word_1_91' title='bbox 253 1099 398 1149; x_wconf 89' lang='lat' dir='ltr'>oppleta</span> <span class='ocrx_word' id='word_1_92' title='bbox 411 1115 450 1137; x_wconf 69' lang='grc' dir='ltr'>α</span> <span class='ocrx_word' id='word_1_93' title='bbox 463 1100 664 1149; x_wconf 84' lang='lat' dir='ltr'>opplectata</span> <span class='ocrx_word' id='word_1_94' title='bbox 677 1115 759 1138; x_wconf 85' lang='lat' dir='ltr'>corr.</span> <span class='ocrx_word' id='word_1_95' title='bbox 777 1098 868 1138; x_wconf 81' lang='lat' dir='ltr'>Bod³</span> 
     </span>
    </p>
   </div>
   <div class='ocr_carea' id='block_1_6' title="bbox 119 1150 1685 2887">
    <p class='ocr_par' dir='ltr' id='par_1_6' title="bbox 119 1150 1685 2887">
     <span class='ocr_line' id='line_1_18' title="bbox 210 1150 987 1198; baseline 0.003 -8"><span class='ocrx_word' id='word_1_96' title='bbox 210 1150 238 1173; x_wconf 84' lang='lat'>²²</span> <span class='ocrx_word' id='word_1_97' title='bbox 252 1153 555 1191; x_wconf 81' lang='lat' dir='ltr'>circumferuntur</span> <span class='ocrx_word' id='word_1_98' title='bbox 568 1156 611 1198; x_wconf 89' lang='lat' dir='ltr'>K;</span> <span class='ocrx_word' id='word_1_99' title='bbox 627 1154 884 1192; x_wconf 85' lang='lat' dir='ltr'>circumferunt</span> <span class='ocrx_word' id='word_1_100' title='bbox 898 1153 987 1192; x_wconf 85' lang='lat' dir='ltr'>Bod³</span> 
     </span>
     <span class='ocr_line' id='line_1_19' title="bbox 210 1202 815 1255; baseline 0.003 -13"><span class='ocrx_word' id='word_1_101' title='bbox 210 1202 237 1225; x_wconf 87' lang='lat'>²³</span> <span class='ocrx_word' id='word_1_102' title='bbox 252 1205 449 1254; x_wconf 85' lang='lat' dir='ltr'>implorant</span> <span class='ocrx_word' id='word_1_103' title='bbox 463 1208 506 1250; x_wconf 90' lang='lat' dir='ltr'>K;</span> <span class='ocrx_word' id='word_1_104' title='bbox 523 1207 712 1255; x_wconf 90' lang='lat' dir='ltr'>inprorant</span> <span class='ocrx_word' id='word_1_105' title='bbox 725 1204 815 1244; x_wconf 79' lang='lat' dir='ltr'>Bod³</span> 
     </span>
     <span class='ocr_line' id='line_1_20' title="bbox 124 1257 411 1296; baseline 0 0"><span class='ocrx_word' id='word_1_106' title='bbox 124 1262 184 1296; x_wconf 85' lang='grc'>32.</span> <span class='ocrx_word' id='word_1_107' title='bbox 212 1257 221 1278; x_wconf 94' lang='lat'><strong>¹</strong></span> <span class='ocrx_word' id='word_1_108' title='bbox 237 1271 271 1296; x_wconf 92' lang='lat' dir='ltr'>et</span> <span class='ocrx_word' id='word_1_109' title='bbox 283 1258 361 1296; x_wconf 81' lang='lat' dir='ltr'>add.</span> <span class='ocrx_word' id='word_1_110' title='bbox 378 1261 411 1296; x_wconf 95' lang='lat' dir='ltr'>K</span> 
     </span>
     <span class='ocr_line' id='line_1_21' title="bbox 209 1308 648 1360; baseline 0.002 -12"><span class='ocrx_word' id='word_1_111' title='bbox 209 1308 222 1331; x_wconf 90' lang='lat'>²</span> <span class='ocrx_word' id='word_1_112' title='bbox 236 1324 354 1360; x_wconf 91' lang='lat' dir='ltr'>septus</span> <span class='ocrx_word' id='word_1_113' title='bbox 369 1313 412 1355; x_wconf 86' lang='lat' dir='ltr'>K;</span> <span class='ocrx_word' id='word_1_114' title='bbox 428 1324 541 1349; x_wconf 91' lang='lat' dir='ltr'>sectus</span> <span class='ocrx_word' id='word_1_115' title='bbox 557 1309 648 1349; x_wconf 80' lang='lat' dir='ltr'>Bod³</span> 
     </span>
     <span class='ocr_line' id='line_1_22' title="bbox 209 1361 713 1408; baseline 0.002 -7"><span class='ocrx_word' id='word_1_116' title='bbox 209 1361 222 1384; x_wconf 82' lang='lat'><strong>³</strong></span> <span class='ocrx_word' id='word_1_117' title='bbox 236 1364 394 1402; x_wconf 90' lang='lat' dir='ltr'>addictus</span> <span class='ocrx_word' id='word_1_118' title='bbox 409 1367 452 1408; x_wconf 89' lang='lat' dir='ltr'>K;</span> <span class='ocrx_word' id='word_1_119' title='bbox 469 1364 606 1402; x_wconf 89' lang='lat' dir='ltr'>additus</span> <span class='ocrx_word' id='word_1_120' title='bbox 622 1363 713 1402; x_wconf 87' lang='lat' dir='ltr'>Bod³</span> 
     </span>
     <span class='ocr_line' id='line_1_23' title="bbox 208 1414 585 1460; baseline 0.003 -7"><span class='ocrx_word' id='word_1_121' title='bbox 208 1414 222 1436; x_wconf 89' lang='lat'><strong>⁴</strong></span> <span class='ocrx_word' id='word_1_122' title='bbox 236 1416 308 1453; x_wconf 91' lang='lat' dir='ltr'>adis</span> <span class='ocrx_word' id='word_1_123' title='bbox 323 1418 366 1460; x_wconf 93' lang='lat' dir='ltr'>K;</span> <span class='ocrx_word' id='word_1_124' title='bbox 382 1416 478 1454; x_wconf 85' lang='lat' dir='ltr'>addis</span> <span class='ocrx_word' id='word_1_125' title='bbox 494 1415 585 1454; x_wconf 87' lang='lat' dir='ltr'>Bod³</span> 
     </span>
     <span class='ocr_line' id='line_1_24' title="bbox 208 1467 742 1514; baseline 0.004 -8"><span class='ocrx_word' id='word_1_126' title='bbox 208 1467 221 1489; x_wconf 83' lang='lat'><strong>⁵</strong></span> <span class='ocrx_word' id='word_1_127' title='bbox 235 1469 410 1507; x_wconf 89' lang='lat' dir='ltr'>addictior</span> <span class='ocrx_word' id='word_1_128' title='bbox 423 1472 466 1514; x_wconf 87' lang='lat' dir='ltr'>K;</span> <span class='ocrx_word' id='word_1_129' title='bbox 483 1470 637 1508; x_wconf 89' lang='lat' dir='ltr'>additior</span> <span class='ocrx_word' id='word_1_130' title='bbox 651 1468 742 1508; x_wconf 82' lang='lat' dir='ltr'>Bod³</span> 
     </span>
     <span class='ocr_line' id='line_1_25' title="bbox 207 1519 677 1566; baseline 0.004 -8"><span class='ocrx_word' id='word_1_131' title='bbox 207 1519 221 1541; x_wconf 87' lang='lat'>⁶</span> <span class='ocrx_word' id='word_1_132' title='bbox 235 1521 366 1559; x_wconf 85' lang='lat' dir='ltr'>efficias</span> <span class='ocrx_word' id='word_1_133' title='bbox 381 1524 424 1566; x_wconf 91' lang='lat' dir='ltr'>K;</span> <span class='ocrx_word' id='word_1_134' title='bbox 441 1522 572 1560; x_wconf 84' lang='lat' dir='ltr'>afficias</span> <span class='ocrx_word' id='word_1_135' title='bbox 588 1520 677 1560; x_wconf 84' lang='lat' dir='ltr'>Bod³</span> 
     </span>
     <span class='ocr_line' id='line_1_26' title="bbox 207 1573 737 1625; baseline 0.006 -14"><span class='ocrx_word' id='word_1_136' title='bbox 207 1573 221 1594; x_wconf 93' lang='lat'><strong><em>⁷</em></strong></span> <span class='ocrx_word' id='word_1_137' title='bbox 234 1575 430 1624; x_wconf 89' lang='lat' dir='ltr'>prudenter</span> <span class='ocrx_word' id='word_1_138' title='bbox 443 1578 486 1619; x_wconf 86' lang='lat' dir='ltr'>K;</span> <span class='ocrx_word' id='word_1_139' title='bbox 502 1576 634 1625; x_wconf 92' lang='lat' dir='ltr'>pruder</span> <span class='ocrx_word' id='word_1_140' title='bbox 648 1574 737 1614; x_wconf 85' lang='lat' dir='ltr'>Bod³</span> 
     </span>
     <span class='ocr_line' id='line_1_27' title="bbox 122 1625 760 1677; baseline 0.003 -13"><span class='ocrx_word' id='word_1_141' title='bbox 122 1630 181 1664; x_wconf 94' lang='lat'>33.</span> <span class='ocrx_word' id='word_1_142' title='bbox 210 1625 219 1646; x_wconf 93' lang='lat'><strong>¹</strong></span> <span class='ocrx_word' id='word_1_143' title='bbox 235 1628 427 1676; x_wconf 91' lang='lat' dir='ltr'>concupivi</span> <span class='ocrx_word' id='word_1_144' title='bbox 441 1630 484 1672; x_wconf 89' lang='lat' dir='ltr'>K;</span> <span class='ocrx_word' id='word_1_145' title='bbox 501 1630 655 1677; x_wconf 91' lang='lat' dir='ltr'>concupi</span> <span class='ocrx_word' id='word_1_146' title='bbox 670 1626 760 1666; x_wconf 79' lang='lat' dir='ltr'>Bod³</span> 
     </span>
     <span class='ocr_line' id='line_1_28' title="bbox 206 1678 548 1718; baseline 0.003 -1"><span class='ocrx_word' id='word_1_147' title='bbox 206 1678 220 1700; x_wconf 89' lang='lat'>²</span> <span class='ocrx_word' id='word_1_148' title='bbox 235 1695 306 1717; x_wconf 86' lang='lat' dir='ltr'>rex:</span> <span class='ocrx_word' id='word_1_149' title='bbox 322 1695 442 1718; x_wconf 91' lang='lat' dir='ltr'>rerum</span> <span class='ocrx_word' id='word_1_150' title='bbox 456 1679 548 1718; x_wconf 78' lang='lat' dir='ltr'>Bod³</span> 
     </span>
     <span class='ocr_line' id='line_1_29' title="bbox 122 1730 474 1776; baseline 0.003 -8"><span class='ocrx_word' id='word_1_151' title='bbox 122 1735 181 1768; x_wconf 77' lang='lat'>34.</span> <span class='ocrx_word' id='word_1_152' title='bbox 209 1730 218 1751; x_wconf 90' lang='lat'><strong>¹</strong></span> <span class='ocrx_word' id='word_1_153' title='bbox 234 1732 277 1769; x_wconf 90' lang='lat' dir='ltr'>ad</span> <span class='ocrx_word' id='word_1_154' title='bbox 292 1734 334 1776; x_wconf 88' lang='lat' dir='ltr'>K;</span> <span class='ocrx_word' id='word_1_155' title='bbox 351 1747 370 1769; x_wconf 91' lang='lat' dir='ltr'>a</span> <span class='ocrx_word' id='word_1_156' title='bbox 384 1730 474 1769; x_wconf 79' lang='lat' dir='ltr'>Bod³</span> 
     </span>
     <span class='ocr_line' id='line_1_30' title="bbox 206 1782 630 1829; baseline 0.002 -7"><span class='ocrx_word' id='word_1_157' title='bbox 206 1782 220 1804; x_wconf 90' lang='lat'>²</span> <span class='ocrx_word' id='word_1_158' title='bbox 234 1784 359 1822; x_wconf 80' lang='lat' dir='ltr'>officio</span> <span class='ocrx_word' id='word_1_159' title='bbox 373 1787 416 1829; x_wconf 89' lang='lat' dir='ltr'>K;</span> <span class='ocrx_word' id='word_1_160' title='bbox 433 1785 524 1823; x_wconf 86' lang='lat' dir='ltr'>offio</span> <span class='ocrx_word' id='word_1_161' title='bbox 539 1783 630 1823; x_wconf 86' lang='lat' dir='ltr'>Bod³</span> 
     </span>
     <span class='ocr_line' id='line_1_31' title="bbox 207 1834 670 1881; baseline 0.002 -7"><span class='ocrx_word' id='word_1_162' title='bbox 207 1834 219 1857; x_wconf 76' lang='lat'>³</span> <span class='ocrx_word' id='word_1_163' title='bbox 233 1837 355 1874; x_wconf 91' lang='lat' dir='ltr'>stilum</span> <span class='ocrx_word' id='word_1_164' title='bbox 370 1840 413 1881; x_wconf 89' lang='lat' dir='ltr'>K;</span> <span class='ocrx_word' id='word_1_165' title='bbox 430 1837 565 1875; x_wconf 89' lang='lat' dir='ltr'>stilium</span> <span class='ocrx_word' id='word_1_166' title='bbox 580 1836 670 1875; x_wconf 80' lang='lat' dir='ltr'>B0d³</span> 
     </span>
     <span class='ocr_line' id='line_1_32' title="bbox 205 1889 807 1940; baseline 0.002 -12"><span class='ocrx_word' id='word_1_167' title='bbox 205 1889 219 1910; x_wconf 87' lang='lat'>⁴</span> <span class='ocrx_word' id='word_1_168' title='bbox 233 1905 332 1939; x_wconf 90' lang='lat' dir='ltr'>spem</span> <span class='ocrx_word' id='word_1_169' title='bbox 342 1902 419 1940; x_wconf 83' lang='lat' dir='ltr'>post</span> <span class='ocrx_word' id='word_1_170' title='bbox 431 1903 472 1928; x_wconf 91' lang='lat' dir='ltr'>ut</span> <span class='ocrx_word' id='word_1_171' title='bbox 484 1891 561 1928; x_wconf 85' lang='lat' dir='ltr'>add.</span> <span class='ocrx_word' id='word_1_172' title='bbox 579 1889 681 1936; x_wconf 80' lang='lat' dir='ltr'>Bod³,</span> <span class='ocrx_word' id='word_1_173' title='bbox 695 1892 757 1929; x_wconf 85' lang='lat' dir='ltr'>del.</span> <span class='ocrx_word' id='word_1_174' title='bbox 774 1895 807 1929; x_wconf 89' lang='lat' dir='ltr'>K</span> 
     </span>
     <span class='ocr_line' id='line_1_33' title="bbox 205 1940 694 1992; baseline 0.002 -12"><span class='ocrx_word' id='word_1_175' title='bbox 205 1940 218 1962; x_wconf 85' lang='lat'>⁵</span> <span class='ocrx_word' id='word_1_176' title='bbox 232 1944 337 1991; x_wconf 87' lang='lat' dir='ltr'>pacis:</span> <span class='ocrx_word' id='word_1_177' title='bbox 354 1944 431 1992; x_wconf 88' lang='lat' dir='ltr'>paci</span> <span class='ocrx_word' id='word_1_178' title='bbox 445 1946 488 1987; x_wconf 90' lang='lat' dir='ltr'>K;</span> <span class='ocrx_word' id='word_1_179' title='bbox 503 1958 588 1992; x_wconf 90' lang='lat' dir='ltr'>pace</span> <span class='ocrx_word' id='word_1_180' title='bbox 602 1942 694 1981; x_wconf 85' lang='lat' dir='ltr'>Bod³</span> 
     </span>
     <span class='ocr_line' id='line_1_34' title="bbox 204 1994 803 2041; baseline 0.003 -8"><span class='ocrx_word' id='word_1_181' title='bbox 204 1994 218 2015; x_wconf 83' lang='lat'><strong>⁶</strong></span> <span class='ocrx_word' id='word_1_182' title='bbox 233 1997 347 2033; x_wconf 89' lang='lat' dir='ltr'>immo</span> <span class='ocrx_word' id='word_1_183' title='bbox 362 2011 449 2034; x_wconf 89' lang='lat' dir='ltr'>vero</span> <span class='ocrx_word' id='word_1_184' title='bbox 463 1999 506 2041; x_wconf 91' lang='lat' dir='ltr'>K;</span> <span class='ocrx_word' id='word_1_185' title='bbox 523 1998 620 2034; x_wconf 90' lang='lat' dir='ltr'>inme</span> <span class='ocrx_word' id='word_1_186' title='bbox 634 2012 699 2035; x_wconf 91' lang='lat' dir='ltr'>nec</span> <span class='ocrx_word' id='word_1_187' title='bbox 713 1996 803 2035; x_wconf 82' lang='lat' dir='ltr'>Bod³</span> 
     </span>
     <span class='ocr_line' id='line_1_35' title="bbox 205 2046 805 2093; baseline 0.005 -8"><span class='ocrx_word' id='word_1_188' title='bbox 205 2046 220 2075; x_wconf 92' lang='lat'>⁷-</span> <span class='ocrx_word' id='word_1_189' title='bbox 232 2048 403 2086; x_wconf 86' lang='lat' dir='ltr'>consultis</span> <span class='ocrx_word' id='word_1_190' title='bbox 417 2051 460 2093; x_wconf 86' lang='lat' dir='ltr'>K3</span> <span class='ocrx_word' id='word_1_191' title='bbox 476 2049 699 2087; x_wconf 87' lang='lat' dir='ltr'>consultibus</span> <span class='ocrx_word' id='word_1_192' title='bbox 714 2048 805 2088; x_wconf 86' lang='lat' dir='ltr'>Bod³</span> 
     </span>
     <span class='ocr_line' id='line_1_36' title="bbox 205 2099 662 2151; baseline 0.004 -13"><span class='ocrx_word' id='word_1_193' title='bbox 205 2099 217 2121; x_wconf 85' lang='lat'>⁸</span> <span class='ocrx_word' id='word_1_194' title='bbox 232 2101 351 2150; x_wconf 88' lang='lat' dir='ltr'>legatis</span> <span class='ocrx_word' id='word_1_195' title='bbox 366 2104 409 2146; x_wconf 89' lang='lat' dir='ltr'>K;</span> <span class='ocrx_word' id='word_1_196' title='bbox 426 2102 556 2151; x_wconf 86' lang='lat' dir='ltr'>legatus</span> <span class='ocrx_word' id='word_1_197' title='bbox 572 2101 662 2140; x_wconf 81' lang='lat' dir='ltr'>Bod³</span> 
     </span>
     <span class='ocr_line' id='line_1_37' title="bbox 203 2151 405 2191; baseline 0 0"><span class='ocrx_word' id='word_1_198' title='bbox 203 2151 218 2173; x_wconf 86' lang='lat'>⁹</span> <span class='ocrx_word' id='word_1_199' title='bbox 231 2166 266 2191; x_wconf 90' lang='lat' dir='ltr'>et</span> <span class='ocrx_word' id='word_1_200' title='bbox 278 2153 355 2191; x_wconf 81' lang='lat' dir='ltr'>add.</span> <span class='ocrx_word' id='word_1_201' title='bbox 372 2156 405 2191; x_wconf 90' lang='lat' dir='ltr'>K</span> 
     </span>
     <span class='ocr_line' id='line_1_38' title="bbox 206 2204 535 2256; baseline 0.003 -12"><span class='ocrx_word' id='word_1_202' title='bbox 206 2204 233 2226; x_wconf 87' lang='lat'>¹⁰</span> <span class='ocrx_word' id='word_1_203' title='bbox 246 2206 348 2244; x_wconf 82' lang='lat' dir='ltr'>mihi:</span> <span class='ocrx_word' id='word_1_204' title='bbox 363 2219 426 2256; x_wconf 86' lang='lat' dir='ltr'>rep.</span> <span class='ocrx_word' id='word_1_205' title='bbox 444 2205 535 2245; x_wconf 82' lang='lat' dir='ltr'>Bod³</span> 
     </span>
     <span class='ocr_line' id='line_1_39' title="bbox 206 2256 574 2302; baseline 0.005 -7"><span class='ocrx_word' id='word_1_206' title='bbox 206 2256 230 2278; x_wconf 90' lang='lat'>¹¹</span> <span class='ocrx_word' id='word_1_207' title='bbox 246 2258 311 2296; x_wconf 89' lang='lat' dir='ltr'>hac</span> <span class='ocrx_word' id='word_1_208' title='bbox 325 2261 368 2302; x_wconf 91' lang='lat' dir='ltr'>K;</span> <span class='ocrx_word' id='word_1_209' title='bbox 385 2259 470 2296; x_wconf 91' lang='lat' dir='ltr'>haec</span> <span class='ocrx_word' id='word_1_210' title='bbox 484 2257 574 2297; x_wconf 78' lang='lat' dir='ltr'>Bod³</span> 
     </span>
     <span class='ocr_line' id='line_1_40' title="bbox 119 2309 1011 2363; baseline 0.006 -15"><span class='ocrx_word' id='word_1_211' title='bbox 119 2315 178 2348; x_wconf 87' lang='lat'>35.</span> <span class='ocrx_word' id='word_1_212' title='bbox 206 2309 215 2331; x_wconf 89' lang='lat'><strong>¹</strong></span> <span class='ocrx_word' id='word_1_213' title='bbox 231 2312 472 2350; x_wconf 90' lang='lat' dir='ltr'>Cancellarius</span> <span class='ocrx_word' id='word_1_214' title='bbox 486 2312 702 2351; x_wconf 89' lang='lat' dir='ltr'>florentinus</span> <span class='ocrx_word' id='word_1_215' title='bbox 711 2326 786 2363; x_wconf 84' lang='lat' dir='ltr'>post</span> <span class='ocrx_word' id='word_1_216' title='bbox 800 2315 895 2352; x_wconf 88' lang='lat' dir='ltr'>Scala</span> <span class='ocrx_word' id='word_1_217' title='bbox 906 2315 968 2352; x_wconf 85' lang='lat' dir='ltr'>del.</span> <span class='ocrx_word' id='word_1_218' title='bbox 986 2317 1011 2352; x_wconf 93' lang='lat' dir='ltr'>P</span> 
     </span>
     <span class='ocr_line' id='line_1_41' title="bbox 203 2361 756 2413; baseline 0.004 -12.107"><span class='ocrx_word' id='word_1_219' title='bbox 203 2361 375 2412; x_wconf 87' lang='lat' dir='ltr'>²quidem</span> <span class='ocrx_word' id='word_1_220' title='bbox 386 2376 461 2413; x_wconf 83' lang='lat' dir='ltr'>post</span> <span class='ocrx_word' id='word_1_221' title='bbox 476 2366 637 2403; x_wconf 90' lang='lat' dir='ltr'>Primum</span> <span class='ocrx_word' id='word_1_222' title='bbox 651 2366 713 2403; x_wconf 87' lang='lat' dir='ltr'>del.</span> <span class='ocrx_word' id='word_1_223' title='bbox 731 2368 756 2403; x_wconf 92' lang='lat' dir='ltr'>P</span> 
     </span>
     <span class='ocr_line' id='line_1_42' title="bbox 204 2414 1685 2472; baseline 0.006 -19.149"><span class='ocrx_word' id='word_1_224' title='bbox 204 2414 378 2465; x_wconf 81' lang='lat' dir='ltr'>³magnos</span> <span class='ocrx_word' id='word_1_225' title='bbox 393 2418 524 2455; x_wconf 89' lang='lat' dir='ltr'>scilicet</span> <span class='ocrx_word' id='word_1_226' title='bbox 538 2420 629 2456; x_wconf 93' lang='lat' dir='ltr'>vires</span> <span class='ocrx_word' id='word_1_227' title='bbox 643 2432 677 2456; x_wconf 91' lang='lat' dir='ltr'>et</span> <span class='ocrx_word' id='word_1_228' title='bbox 691 2432 806 2468; x_wconf 82' lang='lat' dir='ltr'>patres</span> <span class='ocrx_word' id='word_1_229' title='bbox 815 2431 890 2468; x_wconf 85' lang='lat' dir='ltr'>post</span> <span class='ocrx_word' id='word_1_230' title='bbox 903 2433 1022 2458; x_wconf 90' lang='lat' dir='ltr'>tamen</span> <span class='ocrx_word' id='word_1_231' title='bbox 1035 2421 1155 2464; x_wconf 84' lang='lat' dir='ltr'>delevi,</span> <span class='ocrx_word' id='word_1_232' title='bbox 1170 2423 1347 2471; x_wconf 89' lang='lat' dir='ltr'>principes</span> <span class='ocrx_word' id='word_1_233' title='bbox 1359 2434 1441 2460; x_wconf 83' lang='lat' dir='ltr'>ante</span> <span class='ocrx_word' id='word_1_234' title='bbox 1452 2436 1567 2472; x_wconf 88' lang='lat' dir='ltr'>patres</span> <span class='ocrx_word' id='word_1_235' title='bbox 1580 2424 1642 2461; x_wconf 85' lang='lat' dir='ltr'>del.</span> <span class='ocrx_word' id='word_1_236' title='bbox 1660 2426 1685 2460; x_wconf 94' lang='lat' dir='ltr'>P</span> 
     </span>
     <span class='ocr_line' id='line_1_43' title="bbox 203 2467 817 2529; baseline 0.003 -23.092"><span class='ocrx_word' id='word_1_237' title='bbox 203 2467 370 2506; x_wconf 86' lang='lat' dir='ltr'>⁴causem</span> <span class='ocrx_word' id='word_1_238' title='bbox 385 2484 423 2506; x_wconf 86' lang='lat' dir='ltr'>ex</span> <span class='ocrx_word' id='word_1_239' title='bbox 436 2472 679 2529; x_wconf 87' lang='lat' dir='ltr'>patrocinium</span> <span class='ocrx_word' id='word_1_240' title='bbox 692 2486 774 2508; x_wconf 89' lang='lat' dir='ltr'>corr.</span> <span class='ocrx_word' id='word_1_241' title='bbox 792 2474 817 2508; x_wconf 91' lang='lat' dir='ltr'>P</span> 
     </span>
     <span class='ocr_line' id='line_1_44' title="bbox 204 2519 734 2572; baseline 0.006 -14.155"><span class='ocrx_word' id='word_1_242' title='bbox 204 2519 264 2558; x_wconf 88' lang='lat' dir='ltr'>⁵et</span> <span class='ocrx_word' id='word_1_243' title='bbox 278 2523 521 2570; x_wconf 87' lang='lat' dir='ltr'>patrocinium</span> <span class='ocrx_word' id='word_1_244' title='bbox 534 2535 690 2572; x_wconf 81' lang='lat' dir='ltr'>suprascr.</span> <span class='ocrx_word' id='word_1_245' title='bbox 708 2526 734 2561; x_wconf 94' lang='lat' dir='ltr'>P</span> 
     </span>
     <span class='ocr_line' id='line_1_45' title="bbox 202 2571 722 2622; baseline 0.004 -12.114"><span class='ocrx_word' id='word_1_246' title='bbox 202 2571 361 2611; x_wconf 82' lang='lat' dir='ltr'>⁶scilicet</span> <span class='ocrx_word' id='word_1_247' title='bbox 370 2585 446 2622; x_wconf 85' lang='lat' dir='ltr'>post</span> <span class='ocrx_word' id='word_1_248' title='bbox 460 2574 605 2612; x_wconf 90' lang='lat' dir='ltr'>litterati</span> <span class='ocrx_word' id='word_1_249' title='bbox 617 2575 679 2613; x_wconf 85' lang='lat' dir='ltr'>del.</span> <span class='ocrx_word' id='word_1_250' title='bbox 697 2578 722 2612; x_wconf 95' lang='lat' dir='ltr'>P</span> 
     </span>
     <span class='ocr_line' id='line_1_46' title="bbox 203 2624 602 2698; baseline 0.005 -35"><span class='ocrx_word' id='word_1_251' title='bbox 203 2624 216 2645; x_wconf 92' lang='lat'><strong><em>⁷</em></strong></span> <span class='ocrx_word' id='word_1_252' title='bbox 203 2626 387 2698; x_wconf 51' lang='lat' dir='ltr'>gfortasse:</span> <span class='ocrx_word' id='word_1_253' title='bbox 402 2639 558 2676; x_wconf 80' lang='lat' dir='ltr'>suprascr.</span> <span class='ocrx_word' id='word_1_254' title='bbox 577 2630 602 2665; x_wconf 93' lang='lat' dir='ltr'>P</span> 
     </span>
     <span class='ocr_line' id='line_1_47' title="bbox 203 2676 628 2729; baseline 0.005 -14.141"><span class='ocrx_word' id='word_1_255' title='bbox 203 2676 332 2715; x_wconf 83' lang='lat' dir='ltr'>⁸istam</span> <span class='ocrx_word' id='word_1_256' title='bbox 347 2694 386 2716; x_wconf 71' lang='grc' dir='ltr'>ωε</span> <span class='ocrx_word' id='word_1_257' title='bbox 400 2679 491 2717; x_wconf 93' lang='lat' dir='ltr'>hanc</span> <span class='ocrx_word' id='word_1_258' title='bbox 505 2695 587 2717; x_wconf 74' lang='lat' dir='ltr'>corr.</span> <span class='ocrx_word' id='word_1_259' title='bbox 604 2695 628 2729; x_wconf 91' lang='lat' dir='ltr'>p</span> 
     </span>
     <span class='ocr_line' id='line_1_48' title="bbox 201 2729 591 2803; baseline 0.005 -35"><span class='ocrx_word' id='word_1_260' title='bbox 201 2729 216 2751; x_wconf 86' lang='lat'>⁹</span> <span class='ocrx_word' id='word_1_261' title='bbox 205 2734 273 2803; x_wconf 81' lang='lat' dir='ltr'>oEt</span> <span class='ocrx_word' id='word_1_262' title='bbox 282 2743 358 2780; x_wconf 84' lang='lat' dir='ltr'>post</span> <span class='ocrx_word' id='word_1_263' title='bbox 372 2734 474 2770; x_wconf 92' lang='lat' dir='ltr'>Pater</span> <span class='ocrx_word' id='word_1_264' title='bbox 486 2733 548 2770; x_wconf 86' lang='lat' dir='ltr'>del.</span> <span class='ocrx_word' id='word_1_265' title='bbox 565 2735 591 2770; x_wconf 93' lang='lat' dir='ltr'>P</span> 
     </span>
     <span class='ocr_line' id='line_1_49' title="bbox 204 2781 726 2856; baseline 0.006 -36.242"><span class='ocrx_word' id='word_1_266' title='bbox 204 2781 389 2856; x_wconf 37' lang='lat' dir='ltr'>&amp;sineque</span> <span class='ocrx_word' id='word_1_267' title='bbox 403 2799 442 2822; x_wconf 84' lang='lat' dir='ltr'>ex</span> <span class='ocrx_word' id='word_1_268' title='bbox 455 2787 498 2822; x_wconf 90' lang='lat' dir='ltr'>Et</span> <span class='ocrx_word' id='word_1_269' title='bbox 512 2786 588 2822; x_wconf 89' lang='lat' dir='ltr'>sine</span> <span class='ocrx_word' id='word_1_270' title='bbox 601 2801 683 2823; x_wconf 73' lang='lat' dir='ltr'>corr.</span> <span class='ocrx_word' id='word_1_271' title='bbox 701 2788 726 2823; x_wconf 94' lang='lat' dir='ltr'>P</span> 
     </span>
     <span class='ocr_line' id='line_1_50' title="bbox 219 2835 699 2887; baseline 0.004 -13.11"><span class='ocrx_word' id='word_1_272' title='bbox 219 2835 351 2874; x_wconf 90' lang='lat' dir='ltr'>¹etiam</span> <span class='ocrx_word' id='word_1_273' title='bbox 364 2852 403 2874; x_wconf 83' lang='lat' dir='ltr'>ex</span> <span class='ocrx_word' id='word_1_274' title='bbox 416 2852 559 2887; x_wconf 90' lang='lat' dir='ltr'>quoque</span> <span class='ocrx_word' id='word_1_275' title='bbox 574 2854 656 2876; x_wconf 86' lang='lat' dir='ltr'>corr.</span> <span class='ocrx_word' id='word_1_276' title='bbox 674 2841 699 2876; x_wconf 91' lang='lat' dir='ltr'>P</span> 
     </span>
    </p>
   </div>
   <div class='ocr_carea' id='block_1_7' title="bbox 204 2886 876 3200">
    <p class='ocr_par' dir='ltr' id='par_1_7' title="bbox 204 2886 876 3200">
     <span class='ocr_line' id='line_1_51' title="bbox 204 2886 592 2938; baseline 0.005 -13"><span class='ocrx_word' id='word_1_277' title='bbox 204 2886 230 2908; x_wconf 85' lang='lat'>¹²</span> <span class='ocrx_word' id='word_1_278' title='bbox 243 2901 324 2926; x_wconf 87' lang='lat' dir='ltr'>tuae</span> <span class='ocrx_word' id='word_1_279' title='bbox 336 2901 402 2938; x_wconf 76' lang='lat' dir='ltr'>sup.</span> <span class='ocrx_word' id='word_1_280' title='bbox 407 2889 467 2926; x_wconf 81' lang='lat' dir='ltr'>lin.</span> <span class='ocrx_word' id='word_1_281' title='bbox 470 2890 547 2927; x_wconf 84' lang='lat' dir='ltr'>add.</span> <span class='ocrx_word' id='word_1_282' title='bbox 566 2892 592 2927; x_wconf 92' lang='lat' dir='ltr'>P</span> 
     </span>
     <span class='ocr_line' id='line_1_52' title="bbox 204 2939 602 3012; baseline 0.005 -34"><span class='ocrx_word' id='word_1_283' title='bbox 204 2939 229 2961; x_wconf 79' lang='lat'>¹³</span> <span class='ocrx_word' id='word_1_284' title='bbox 204 2941 335 3012; x_wconf 89' lang='lat' dir='ltr'>¹⁴bene</span> <span class='ocrx_word' id='word_1_285' title='bbox 347 2954 413 2991; x_wconf 87' lang='lat' dir='ltr'>sup.</span> <span class='ocrx_word' id='word_1_286' title='bbox 418 2942 478 2980; x_wconf 87' lang='lat' dir='ltr'>lin.</span> <span class='ocrx_word' id='word_1_287' title='bbox 481 2943 558 2980; x_wconf 83' lang='lat' dir='ltr'>add.</span> <span class='ocrx_word' id='word_1_288' title='bbox 577 2945 602 2980; x_wconf 89' lang='lat' dir='ltr'>P</span> 
     </span>
     <span class='ocr_line' id='line_1_53' title="bbox 216 2992 772 3042; baseline 0.006 -12.165"><span class='ocrx_word' id='word_1_289' title='bbox 216 2992 293 3030; x_wconf 89' lang='lat' dir='ltr'>⁴rei</span> <span class='ocrx_word' id='word_1_290' title='bbox 308 3008 342 3042; x_wconf 90' lang='lat' dir='ltr'>p.</span> <span class='ocrx_word' id='word_1_291' title='bbox 353 3005 429 3042; x_wconf 81' lang='lat' dir='ltr'>post</span> <span class='ocrx_word' id='word_1_292' title='bbox 443 2994 656 3032; x_wconf 87' lang='lat' dir='ltr'>florentinae</span> <span class='ocrx_word' id='word_1_293' title='bbox 667 2996 730 3033; x_wconf 87' lang='lat' dir='ltr'>del.</span> <span class='ocrx_word' id='word_1_294' title='bbox 747 2998 772 3033; x_wconf 92' lang='lat' dir='ltr'>P</span> 
     </span>
     <span class='ocr_line' id='line_1_54' title="bbox 204 3043 593 3096; baseline 0.005 -13"><span class='ocrx_word' id='word_1_295' title='bbox 204 3043 229 3066; x_wconf 86' lang='lat'>¹⁵</span> <span class='ocrx_word' id='word_1_296' title='bbox 243 3046 324 3084; x_wconf 88' lang='lat' dir='ltr'>urbi</span> <span class='ocrx_word' id='word_1_297' title='bbox 337 3046 548 3096; x_wconf 84' lang='lat' dir='ltr'>sup.lin.ada&#39;.</span> <span class='ocrx_word' id='word_1_298' title='bbox 567 3050 593 3085; x_wconf 91' lang='lat' dir='ltr'>P</span> 
     </span>
     <span class='ocr_line' id='line_1_55' title="bbox 204 3096 876 3149; baseline 0.006 -14"><span class='ocrx_word' id='word_1_299' title='bbox 204 3096 229 3118; x_wconf 87' lang='lat'>¹⁶</span> <span class='ocrx_word' id='word_1_300' title='bbox 243 3098 493 3148; x_wconf 86' lang='lat' dir='ltr'>dignitatisque</span> <span class='ocrx_word' id='word_1_301' title='bbox 507 3114 546 3137; x_wconf 84' lang='lat' dir='ltr'>ex</span> <span class='ocrx_word' id='word_1_302' title='bbox 558 3100 738 3149; x_wconf 87' lang='lat' dir='ltr'>dignitatis</span> <span class='ocrx_word' id='word_1_303' title='bbox 751 3116 834 3139; x_wconf 78' lang='lat' dir='ltr'>corr.</span> <span class='ocrx_word' id='word_1_304' title='bbox 851 3104 876 3139; x_wconf 92' lang='lat' dir='ltr'>P</span> 
     </span>
     <span class='ocr_line' id='line_1_56' title="bbox 204 3149 607 3200; baseline 0.005 -12"><span class='ocrx_word' id='word_1_305' title='bbox 204 3149 230 3170; x_wconf 90' lang='lat'>¹⁷</span> <span class='ocrx_word' id='word_1_306' title='bbox 244 3152 280 3188; x_wconf 91' lang='lat' dir='ltr'>in</span> <span class='ocrx_word' id='word_1_307' title='bbox 291 3163 367 3200; x_wconf 82' lang='lat' dir='ltr'>post</span> <span class='ocrx_word' id='word_1_308' title='bbox 381 3153 488 3200; x_wconf 87' lang='lat' dir='ltr'>ipsius</span> <span class='ocrx_word' id='word_1_309' title='bbox 502 3153 564 3190; x_wconf 84' lang='lat' dir='ltr'>del.</span> <span class='ocrx_word' id='word_1_310' title='bbox 582 3155 607 3190; x_wconf 93' lang='lat' dir='ltr'>P</span> 
     </span>
    </p>
   </div>
  </div>
 </body>
</html>
