2118 3444
102 185 291 218 PUBLIC
319 183 598 217 ORATIONS
1810 175 1900 216 213

103 322 204 369 huic
238 321 410 368 divinae
445 338 614 368 necesse
646 321 713 367 sit.
751 321 870 367 Hinc
903 337 1019 380 ergo,
1055 319 1099 366 id
1130 334 1206 375 est,
1240 337 1263 366 a
1295 319 1442 366 divina
1474 319 1716 375 voluntate,
1748 318 1829 366 fuit
1863 334 1911 366 ut

101 407 403 451 quaecumque
430 406 453 435 a
478 388 603 435 vobis
630 388 746 435 dicta
768 402 883 443 sunt,
910 387 1158 448 singulatim
1188 405 1466 448 exequamur.
1495 388 1650 444 [Hinc]
1679 387 1750 434 illa
1775 388 1911 434 animi

101 458 364 513 commotio,
386 474 486 503 cum
505 456 709 516 sacrilega
726 455 797 502 illa
815 455 1062 516 nefariaque
1080 456 1328 502 immanitas
1347 470 1388 502 et
1404 455 1687 516 parricidium
1708 455 1907 502 auditum

101 540 177 573 est.
200 526 334 580 Hinc,
360 524 403 571 id
424 539 486 571 est
509 542 532 571 a
550 524 713 585 Spiritu
735 527 910 579 Sancto,
933 523 1028 570 illae
1051 524 1188 584 regiae
1208 523 1376 570 litterae
1398 522 1451 570 ad
1471 541 1551 570 nos
1573 538 1615 570 et
1637 522 1691 570 ad
1710 538 1909 570 auctores

101 608 143 641 et
164 594 447 654 permissores
472 592 684 639 scelerum
710 593 834 639 omni
859 592 1067 652 gravitate
1090 606 1131 638 et
1154 589 1399 652 sapientia³⁰
1424 586 1761 638 refertissimae.b
1787 592 1908 638 Hinc

99 662 267 723 primae
285 660 339 708 ad
355 678 434 708 nos
452 675 493 708 et
508 664 740 708 Summum
762 659 1025 707 Pontificem
1042 659 1290 720 legationes.
1311 661 1431 707 Hinc
1448 659 1651 707 Aureliae
1669 659 1906 707 concilium

100 745 142 778 et
166 731 249 777 tria
271 729 447 777 concilii
473 747 574 776 vere
597 730 900 790 sapienterque
926 728 1099 776 decreta
1120 743 1161 776 et
1187 728 1465 776 decretorum
1491 728 1687 785 effectus,
1715 728 1906 776 inhibiti-

100 817 206 846 ones
232 813 274 845 et
297 798 666 858 proclamationes
693 798 828 844 totius
855 798 973 857 regni
998 812 1040 844 et
1062 797 1370 858 Delphinatus‚
1399 798 1700 844 revocationes
1724 815 1746 844 e
1772 798 1908 844 Curia

98 866 411 927 praelatorum,
441 865 600 925 legatio
627 865 805 912 tandem
834 880 975 912 vestra
1001 865 1175 912 concilii
1204 865 1457 912 universalis
1485 865 1687 912 ecclesiae
1715 883 1840 912 causa
1867 880 1909 912 et

100 935 315 994 regiarum
339 933 562 994 expeditio
582 934 824 993 copiarum;
849 948 978 993 atque
1000 933 1104 980 haec
1123 933 1301 994 quidem
1324 934 1475 980 omnia
1496 933 1740 980 admirabili
1765 933 1909 980 celeri-

99 1017 202 1057 tate,
230 1019 371 1062 neque
401 1001 541 1048 ullum
574 1016 747 1061 tempus
776 1002 868 1047 sine
899 1001 1042 1061 aliqua
1070 1002 1305 1048 necessaria
1335 1019 1467 1061 opera
1498 1001 1782 1061 interlapsum
1815 1009 1908 1048 est.c

98 1074 219 1116 Nam
243 1069 365 1130 quod
387 1069 519 1116 dilata
539 1084 601 1116 est
625 1087 648 1116 a
668 1069 914 1129 Septembri
937 1087 1098 1125 mense,
1124 1087 1214 1129 quo
1234 1070 1429 1129 primum
1455 1074 1548 1116 Rex
1569 1087 1647 1116 vos
1670 1069 1842 1129 legavit,
1866 1070 1910 1115 in

98 1137 421 1193 Novembrem,
457 1151 505 1183 ut
537 1152 637 1183 ante
669 1136 775 1197 quid
806 1136 993 1184 foederis
1026 1138 1163 1184 nostri
1196 1137 1323 1197 legati
1356 1136 1541 1184 afferent
1572 1138 1905 1197 cognosceretis,

99 1220 268 1252 mature
297 1223 399 1252 sane
428 1206 702 1265 graviterque
733 1219 775 1252 et
802 1205 1044 1265 prudenter
1072 1204 1236 1252 factum
1267 1206 1431 1252 censeri
1463 1220 1654 1266 oportet,
1686 1220 1734 1252 ut
1765 1205 1817 1252 ab
1848 1206 1908 1252 eis

99 1291 245 1320 rerum
267 1272 412 1320 Italiae
431 1272 761 1319 conditionibus
785 1272 942 1320 auditis
960 1273 1315 1320 accomodatiora
1334 1273 1491 1320 fierent
1510 1273 1715 1320 mandata
1733 1273 1908 1334 legatio—

98 1342 164 1388 nis
183 1356 363 1388 vestrae.
383 1344 487 1400 Qua
508 1342 640 1388 etiam
660 1342 705 1387 in
728 1359 771 1388 re
791 1359 871 1388 nos
891 1342 1084 1402 sociique
1107 1342 1244 1388 nostri
1266 1341 1402 1389 Italici
1421 1341 1608 1389 foederis
1629 1341 1905 1389 illustrissimi

98 1409 288 1457 multum
334 1409 544 1456 debemus
587 1409 982 1457 Christianissimae
1028 1411 1166 1470 regiae
1206 1411 1426 1457 Maiestati
1467 1410 1588 1471 quod
1632 1428 1723 1457 non
1767 1410 1905 1458 modo

94 1478 362 1539 perbenigne
381 1479 546 1538 accepit
561 1493 690 1539 atque
706 1478 871 1525 audivit
889 1493 1062 1526 nostros
1078 1478 1255 1539 legatos,
1272 1478 1348 1526 sed
1362 1479 1754 1540 supplicationibus
1776 1480 1908 1526 etiam

98 1547 257 1594 nostris
278 1546 450 1593 abunde
471 1546 740 1602 satisfecerit,
761 1565 901 1607 neque
922 1548 976 1594 sit
995 1565 1142 1608 passus
1165 1547 1498 1608 benignissimus
1524 1547 1902 1595 clementissimus-

97 1633 180 1675 que
199 1619 292 1661 Rex
310 1632 389 1661 nos
410 1614 574 1675 aliquid
591 1632 745 1661 eorum
766 1633 874 1675 quae
894 1616 938 1661 in
958 1615 1172 1662 mandatis
1190 1616 1289 1662 data
1304 1631 1404 1662 sunt
1425 1616 1736 1663 communibus
1759 1616 1907 1676 legatis

97 1683 256 1729 nostris
281 1682 535 1729 desiderare.
560 1681 747 1729 Vetuit³¹
775 1701 992 1730 accessum
1018 1683 1072 1730 ad
1095 1684 1277 1731 Curiam
1304 1688 1551 1731 Romanam
1577 1685 1663 1731 suis
1688 1684 1904 1745 praelatis,

96 1751 393 1797 nonrreversis
417 1750 631 1797 beneficia
654 1769 754 1797 cum
780 1750 993 1798 fructibus
1017 1750 1229 1798 ademit.³²
1255 1752 1447 1799 Concilii
1472 1752 1747 1812 significandi
1771 1754 1907 1812 gratia

95 1836 174 1865 vos
204 1819 264 1865 ire
295 1818 349 1865 ad
374 1822 607 1865 Summum
640 1818 904 1866 Pontificem
935 1820 1069 1875 iussit3
1101 1837 1221 1866 arma
1246 1821 1414 1880 paravit
1445 1820 1638 1876 tandem,
1668 1821 1838 1881 quibus,
1871 1822 1906 1867 si

95 1885 220 1933 aliter
247 1904 340 1933 non
368 1901 528 1946 posset,
560 1901 601 1933 et
628 1901 802 1947 pacaret
831 1887 998 1934 Italiam
1027 1902 1068 1934 et
1097 1887 1295 1948 religioni
1324 1888 1589 1948 periclitanti
1617 1904 1902 1945 succurreret,

95 1972 204 2014 quae
224 1955 462 2014 petitiones
485 1953 691 2001 fuerant³³
716 1970 969 2002 nostrorum
994 1955 1250 2016 legatorum.

179 2023 308 2082 Agite
330 2023 474 2082 igitur,
496 2022 604 2069 boni
627 2023 766 2083 angeli
787 2024 905 2083 regii,
927 2023 1085 2071 divinis
1107 2024 1266 2084 angelis
1286 2025 1612 2072 comitantibus.
1636 2025 1794 2072 Vadite
1815 2044 1906 2086 quo

94 2091 338 2137 mittimini.
376 2090 563 2137 Reddite
594 2090 738 2138 Italiae
771 2091 963 2138 debitam
995 2110 1161 2153 pacem.
1196 2095 1346 2140 Parate
1379 2094 1439 2140 rei
1472 2093 1748 2141 Christianae
1780 2112 1903 2141 suam

94 2157 410 2206 defensionem.
431 2160 537 2219 Regi
553 2174 699 2206 autem
716 2159 1092 2208 Christianissimo
1111 2165 1381 2209 Francorum
1400 2162 1627 2209 Ludovico
1642 2177 1901 2224 perpetuam

93 2241 222 2287 atque
242 2227 540 2274 immortalem
562 2227 631 2275 hic
649 2243 691 2275 et
709 2229 753 2274 in
772 2228 903 2276 coelis
921 2229 1104 2289 gloriam
1124 2245 1388 2291 comparate.
1407 2235 1506 2278 Nos
1525 2232 1643 2278 enim
1663 2231 1784 2292 quod
1803 2232 1903 2279 estis

94 2296 138 2341 in
170 2295 284 2342 calce
314 2296 526 2343 orationis
557 2311 722 2344 vestrae
752 2298 869 2357 regio
902 2297 1063 2345 hortati
1095 2299 1290 2354 nomine,
1322 2300 1400 2346 etsi
1431 2299 1579 2346 multis
1611 2298 1900 2360 magnisque³⁴

93 2364 261 2410 iniuriis
304 2381 453 2410 sumus
497 2364 793 2424 indignissime
839 2365 999 2421 affecti,
1040 2366 1244 2413 trucidati
1284 2367 1578 2414 crudelissime
1624 2369 1667 2413 in
1711 2368 1899 2429 templis,

92 2430 280 2478 adducta
298 2432 341 2477 in
363 2431 597 2478 discrimen
616 2432 791 2479 libertas
810 2434 1180 2481 execrandissimis
1198 2435 1454 2495 parricidiis,
1475 2437 1538 2482 vis
1560 2435 1676 2483 illata
1692 2451 1903 2483 mercato-

93 2498 210 2545 ribus
245 2500 404 2546 nostris
436 2500 650 2547 inusitatis
683 2500 839 2557 modis,
875 2501 1157 2549 interdictum
1188 2504 1316 2549 sacris
1347 2503 1553 2550 omnibus
1588 2504 1694 2551 locis
1726 2505 1898 2560 nostris,

92 2567 512 2627 iniustissimumque
539 2567 707 2615 illatum
730 2568 894 2615 bellum
919 2584 960 2616 et
981 2569 1174 2630 direptus
1197 2571 1391 2618 inaudita
1412 2570 1614 2618 feritate³⁵
1636 2590 1735 2632 ager
1754 2587 1795 2619 et
1818 2591 1901 2619 cas-

170 2810 185 2835 b
201 2819 365 2854 Lorenzo
380 2829 496 2855 wrote
508 2830 548 2855 to
564 2819 672 2856 Louis
686 2821 736 2855 XI
750 2818 927 2867 thanking
939 2819 1017 2857 him
1030 2819 1089 2858 for
1101 2820 1156 2858 his
1169 2820 1274 2858 letter
1285 2820 1326 2858 os
1338 2821 1559 2859 condolance
1573 2836 1624 2860 on
1637 2826 1681 2859 27
1695 2826 1782 2871 May
1799 2827 1897 2867 1478,

87 2868 282 2912 Protocolli,
301 2868 354 2906 ed.
375 2872 427 2907 M.
445 2869 502 2907 del
521 2871 659 2914 Piazzo,
681 2874 734 2915 53,
753 2870 797 2908 cf.
817 2874 993 2915 Lorenzo,
1011 2875 1149 2916 Lettere,
1169 2876 1225 2917 111,
1244 2876 1299 2917 34,
1319 2885 1405 2911 note
1422 2878 1454 2911 4.

170 2931 183 2946 ⁶
200 2928 307 2965 Louis
324 2930 404 2966 XI’s
421 2927 505 2977 help
522 2928 688 2967 included
703 2943 723 2967 a
738 2929 843 2968 letter
856 2929 898 2968 of
911 2930 1131 2969 condolance
1146 2944 1185 2969 to
1204 2935 1367 2970 Lorenzo
1386 2932 1544 2971 received
1561 2934 1599 2970 in
1615 2936 1702 2982 May
1721 2937 1818 2978 1478;
1836 2933 1899 2972 the

88 2980 239 3017 mission
261 2979 303 3017 of
323 2979 377 3017 his
400 2981 626 3019 ambassador
650 2981 813 3031 Philippe
832 2982 876 3020 de
900 2985 1123 3032 Commynoe
1148 2996 1187 3021 to
1212 2984 1382 3022 Florence
1404 2986 1442 3021 in
1460 2985 1707 3034 july-August
1732 2986 1802 3024 and
1822 2999 1899 3024 two

89 3032 330 3071 ambassadors
356 3046 396 3071 to
423 3037 549 3078 Rome,
576 3034 695 3072 where
719 3035 884 3083 together
906 3036 996 3074 with
1018 3036 1080 3074 the
1104 3040 1238 3085 League
1263 3038 1502 3076 ambassadors
1529 3038 1617 3087 they
1639 3039 1856 3077 summoned
1882 3054 1902 3077 a

90 3084 245 3122 General
267 3085 423 3123 Council
444 3085 541 3133 (held
562 3087 600 3123 in
621 3086 774 3125 Orleans
794 3088 832 3124 in
851 3089 1070 3137 September)
1093 3089 1163 3127 and
1181 3089 1331 3127 ordered
1352 3090 1396 3127 all
1419 3090 1557 3128 French
1575 3091 1724 3139 prelates
1743 3104 1782 3129 to
1803 3091 1901 3129 leave

90 3139 217 3180 Rome;
236 3136 307 3174 and
321 3137 480 3186 military
495 3150 659 3187 support,
679 3142 854 3183 Lorenzo,
872 3143 1011 3184 Lettere,
1030 3143 1086 3184 ΠΙ,
1103 3144 1147 3178 72
1164 3141 1263 3189 (note
1280 3141 1325 3189 2),
1345 3145 1386 3179 85
1405 3142 1504 3190 (note
1521 3142 1566 3190 9),
1590 3146 1732 3187 116-18,
1755 3147 1898 3187 159-60,

92 3191 236 3232 186-88,
259 3192 392 3227 195-96
412 3189 511 3237 (note
530 3190 574 3238 8),
595 3194 661 3228 217
680 3191 795 3238 (notes
814 3197 835 3229 4
853 3191 923 3230 and
941 3192 985 3240 5),
1006 3205 1071 3230 etc.
