2072 3450
167 144 258 202 554
813 159 871 198 V:
903 159 924 198 8
1518 162 1770 196 TEXTUAL
1794 161 1969 196 NOTEs

251 302 280 325 ⁴⁰
294 305 473 342 rationem
487 318 525 341 ex
539 302 690 340 modum
706 301 924 351 sup.lin.corr.
942 304 1008 338 Mo

251 355 278 377 ⁴¹
292 355 505 406 sup.lin.add.
524 358 590 393 Mo

251 409 279 431 ⁴²
294 410 478 448 libidinosi
491 409 553 447 del.
571 412 637 447 Mo

251 461 302 483 ⁴³
295 478 368 512 ipsa
385 462 424 511 (?)
440 462 502 500 del.
520 465 586 499 Mo

251 516 449 589 xquadam·
462 527 528 565 sup.
534 515 593 553 lin.
597 515 674 552 add.
693 517 759 552 Mo

267 567 580 606 ⁵sanctissimum.
597 567 786 604 .consilii
775 582 811 603 m
827 565 1011 614 margwadd
1029 568 1095 603 Mo

252 620 280 642 ⁴⁶
294 637 362 671 pro
377 622 531 659 horrore
543 636 582 658 ex
595 635 658 658 ore
672 635 792 657 errore
806 634 888 657 corr.
906 619 949 656 ed

252 673 281 695 ⁴⁷
293 673 506 723 sup.lin.add.
525 676 591 710 Mo

252 726 280 748 ⁴⁸
296 728 472 765 recessisse
489 727 603 775 putati
618 738 701 763 sunt
716 728 781 762 Mo

252 778 281 800 ⁴⁹
296 779 487 828 aliquando
502 778 564 816 del.
582 781 648 815 Mo

253 831 282 854 ⁵⁰
294 832 507 882 sup.lin.add.
526 835 592 869 Mo

253 884 279 906 ⁵¹
295 885 493 924 secundum
508 884 570 922 del.
588 887 654 921 Mo

253 938 281 960 ⁵²
295 939 355 977 sed
368 939 431 976 del.
449 941 515 975 Mo

253 989 281 1012 ⁵³
296 1006 461 1040 magnam
475 989 688 1039 sup.lin.add.
707 992 773 1026 Mo

253 1043 281 1065 ⁵⁴
295 1057 425 1094 putant
438 1044 500 1082 del.
518 1046 584 1081 Mo

253 1096 280 1118 ⁵⁵
295 1097 338 1135 de
354 1097 409 1135 his
421 1096 484 1134 del.
502 1099 567 1134 Mo

253 1150 281 1172 ⁵⁶
295 1151 338 1189 de
354 1152 485 1200 pietate
497 1162 564 1200 sup.
569 1150 629 1187 lin.
632 1149 710 1187 add.
728 1152 794 1186 Mo

253 1202 282 1225 ⁵⁷
295 1205 378 1241 sint:
393 1216 476 1241 sunt
491 1206 557 1240 Mo

253 1256 280 1278 ⁵⁸
296 1258 475 1295 Romani.
516 1257 640 1294 .sacris
657 1259 693 1293 in
709 1255 894 1304 margadd.
912 1257 977 1292 Mo

254 1308 281 1331 ⁵⁹
296 1325 372 1347 non
388 1311 436 1347 ita
447 1321 530 1347 ante
542 1320 574 1346 et
587 1309 794 1346 factitarunt
802 1319 878 1357 post
892 1307 1047 1345 Hebraei
1061 1307 1122 1344 del.
1140 1309 1205 1344 Mo

253 1362 283 1384 ⁶⁰
297 1378 442 1401 nonne.
459 1362 722 1400 f..actitarunt:
736 1361 866 1399 similes
881 1373 964 1398 sunt
978 1364 1015 1398 in
1031 1360 1215 1409 margadd.
1233 1362 1298 1397 Mo

254 1414 280 1436 ⁶¹
269 1427 636 1489 2:commonstratore
653 1425 952 1451 commostratore
968 1413 1020 1450 ed.
1037 1415 1103 1450 Mo
1117 1435 1155 1440 —
1168 1414 1249 1449 Deo
1262 1411 1473 1460 sup.lin.add.
1491 1413 1557 1448 Mo

254 1467 386 1542 &quae
401 1471 479 1513 Mo;
495 1469 556 1517 qui
570 1468 614 1505 ed

270 1519 335 1559 ³ex
349 1522 528 1558 caruerint
540 1535 623 1557 corr.
641 1522 707 1557 Mo

255 1573 283 1595 64
297 1575 402 1613 simul
418 1586 484 1623 sup
490 1574 549 1611 lin.
553 1573 630 1611 add.
649 1576 715 1610 Mo

255 1626 282 1648 ⁶⁵
297 1629 431 1665 Dicant
445 1642 483 1664 ex
496 1628 552 1664 Tu
566 1626 623 1664 dic
636 1625 854 1675 sup.lin.corr.
873 1627 939 1662 Mo

255 1680 283 1702 ⁶⁶
298 1682 499 1718 amicorum
514 1696 553 1718 ex
565 1681 771 1717 vicinorum
786 1694 868 1716 corr.
886 1681 951 1716 Mo
965 1701 1003 1706 —
1017 1679 1184 1715 omnium
1200 1690 1409 1715 nostrorum
1421 1676 1483 1714 del.
1501 1679 1566 1713 Mo

255 1732 283 1754 ⁶7
297 1734 422 1771 saltem
436 1733 498 1770 del.
516 1735 582 1770 Mo

255 1785 282 1807 ⁶⁸
298 1802 442 1836 quoque
458 1786 570 1823 modo
585 1785 797 1835 sup.lin.add.
816 1787 881 1822 Mo

255 1837 284 1859 ⁶⁹
297 1852 354 1877 tot
367 1838 441 1888 (bis)
454 1838 666 1888 sup.lin.add.
685 1840 751 1875 Mo

256 1891 284 1914 ⁷⁰
298 1893 469 1931 omnibus
483 1892 546 1930 del.
563 1895 629 1929 Mo

255 1944 282 1966 ⁷¹
298 1961 369 1984 esse
383 1944 595 1994 sup.lin.add.
615 1947 681 1982 Mo

255 1998 283 2020 7²
298 1999 443 2049 quidem
457 1998 535 2036 add.
553 2001 619 2036 Mo

256 2050 283 2073 ⁷³
299 2054 362 2090 iste
377 2083 384 2089 .
401 2083 408 2089 .
425 2082 431 2089 .
446 2053 566 2088 minus
581 2066 619 2088 ex
632 2066 709 2088 non
723 2051 839 2088 sentio
854 2065 929 2087 non
942 2049 1159 2098 sup.lin.corr.
1178 2051 1244 2086 Mo

256 2105 284 2126 ⁷⁴
298 2121 343 2143 ne
358 2137 365 2143 .
381 2136 388 2143 .
406 2136 412 2143 .
427 2117 620 2154 arguantur
635 2107 671 2141 in
687 2119 879 2152 marg.corr.
897 2106 962 2140 Mo

256 2157 283 2178 ⁷⁵
298 2159 407 2207 magis
422 2156 634 2206 sup.lin.add.
653 2159 719 2193 Mo

256 2210 284 2231 ⁷⁶
298 2215 434 2260 Auquo
451 2241 458 2248 .
474 2241 481 2248 .
497 2241 504 2248 .
519 2210 640 2247 ferunt
653 2209 871 2258 sup.lin.corr.
891 2211 956 2246 Mo

256 2262 284 2283 ⁷⁷
299 2263 457 2301 alienum
471 2274 600 2312 putant
613 2261 824 2310 sup.lin.add.
844 2264 909 2298 Mo

256 2315 284 2337 ⁷⁸
298 2329 431 2354 vocant
445 2331 484 2354 ex
497 2328 602 2353 vocat
616 2330 698 2353 corr.
716 2315 759 2352 ed

257 2367 284 2390 ⁷⁹
299 2370 360 2418 qui
375 2400 382 2406 .
400 2400 407 2406 .
423 2399 430 2406 .
446 2369 694 2406 Florentinam
705 2367 916 2416 sup.lin.add.
935 2369 1001 2404 Mo

257 2421 285 2443 ⁸⁰
299 2423 468 2460 oboritur
481 2434 547 2471 sup.
553 2422 700 2459 lin.corr.
719 2424 784 2458 Mo

258 2473 283 2495 ⁸¹
298 2474 511 2524 sup.lin.add.
530 2477 596 2511 Mo

257 2527 285 2548 ⁸²
299 2540 476 2577 quantum
493 2529 529 2564 in
545 2542 602 2564 me
618 2539 668 2564 est
681 2526 758 2564 add.
776 2529 841 2563 Mo

257 2579 284 2601 ⁸³
299 2582 450 2618 minime
464 2580 527 2617 del.
545 2583 611 2617 Mo

257 2633 285 2654 ⁸⁴
299 2634 395 2672 unde
409 2634 505 2671 unde
519 2649 557 2671 ex
570 2633 666 2670 unde
680 2648 762 2670 corr.
780 2635 845 2669 Mo

258 2685 284 2707 ⁸⁵
298 2686 511 2735 sup.lin.add.
530 2688 596 2723 Mo

258 2738 286 2760 ⁸⁶
298 2739 511 2789 sup.lin.add.
530 2742 596 2776 Mo

258 2790 286 2812 ⁸⁷
299 2791 511 2841 sup.lin.add.
530 2794 596 2828 Mo

259 2844 285 2866 ⁸⁸
300 2848 474 2904 Φρητρῃς
494 2860 532 2882 ex
547 2857 722 2891 ρηρητης
742 2848 824 2881 cor'r-
842 2843 885 2881 ed

259 2896 286 2918 ⁸⁹
301 2898 372 2935 hoc
386 2912 484 2935 emm
499 2928 506 2934 .
522 2927 529 2934 .
546 2927 553 2934 .
567 2897 762 2934 voluerunt
776 2899 812 2933 in
828 2895 1013 2944 margadd.
1030 2898 1096 2932 Mo

258 2949 288 2971 ⁹⁰
301 2954 352 2988 Ite
366 2954 432 2988 Mo
447 2959 485 2988 'ex
500 2952 548 2987 ita
561 2965 643 2987 corr.
661 2950 704 2987 ed

258 3001 286 3023 ⁹¹
300 3002 513 3052 sup.lin.add.
531 3005 598 3039 Mo

259 3054 288 3076 ⁹²
302 3071 368 3093 nec
382 3071 420 3093 ex
434 3068 468 3093 et
482 3070 564 3093 corr.
582 3058 648 3092 Mo

259 3106 287 3128 ⁹³
303 3108 357 3146 his
372 3108 437 3145 ed.:
455 3109 482 3145 is
496 3110 562 3145 Mo

260 3160 289 3182 ⁹⁴
304 3162 512 3199 induxerint
525 3161 578 3198 ed.
595 3163 672 3204 Mo,
688 3163 816 3197 correxi
