2060 3450
179 184 269 225 482
1731 189 1869 222 PART
1895 189 1985 223 VIII

177 347 258 390 per
275 343 318 376 te
339 329 384 375 in
405 328 549 389 aliqua
565 342 688 389 parte
707 328 944 374 instaurata
964 326 1060 383 fuit,
1081 326 1135 374 ad
1152 326 1381 374 meliorem
1400 341 1563 374 statum
1583 327 1775 388 redigere
1795 345 1856 384 ac,
1875 341 1924 375 ut
1943 328 1990 374 in

180 397 252 444 illa
279 398 432 444 missae
462 411 503 443 et
532 396 613 443 alia
640 395 788 443 divina
815 395 964 442 officia
989 396 1157 456 possint
1189 395 1425 456 aliquando
1453 395 1660 442 celebrari
1688 395 1740 442 de
1766 410 1834 443 tot
1862 395 1991 443 bonis

181 465 484 512 immobilibus
507 482 698 525 quorum
718 463 898 520 fructus,
919 463 1113 510 redditus
1129 477 1170 510 et
1184 478 1426 524 proventus
1444 464 1599 524 viginti
1617 463 1811 511 florenos
1829 464 1922 511 auri
1939 463 1991 511 de

180 537 370 581 Camera
402 532 575 580 valeant
608 533 835 579 annuatim
870 531 1022 579 dotare
1052 532 1279 593 proponis,
1315 532 1350 578 si
1383 546 1532 579 tamen
1564 532 1628 579 ius
1660 546 1919 592 patronatus
1952 546 1994 580 et

177 601 487 663 praesentandi
510 618 746 661 personam
778 600 983 647 idoneam
1011 599 1236 647 ordinario
1262 599 1348 647 loci
1375 599 1429 647 ad
1455 600 1591 660 ipsam
1620 599 1858 657 ecclesiam,
1885 599 1992 647 dum

180 670 299 717 illam
320 669 525 730 deinceps
540 687 692 716 vacare
710 669 957 729 contigerit,
975 668 1056 716 tibi
1074 686 1122 716 ac
1139 668 1370 715 heredibus
1386 668 1790 729 successoribusque
1812 669 1897 716 tuis
1914 686 1994 730 per

178 738 341 786 lineam
360 737 646 785 masculinam
668 736 1032 784 descendentibus
1050 737 1095 783 in
1111 751 1374 798 perpetuum
1394 750 1638 784 reservetur
1652 751 1693 784 et
1711 736 1990 785 concedatur.

180 811 331 866 Quare
351 825 435 868 pro
456 821 580 867 parte
600 821 675 853 tua
697 805 824 853 nobis
847 805 928 853 fuit
953 805 1178 853 humiliter
1197 805 1490 867 supplicatum
1514 820 1562 852 ut
1585 806 1649 852 ius
1668 820 1927 866 patronatus
1950 820 1992 853 et

177 874 486 936 praesentandi
502 892 738 935 personam
760 874 965 921 idoneam
985 874 1105 921 dicto
1124 873 1348 921 ordinario
1367 873 1421 921 ad
1437 875 1574 934 ipsam
1594 873 1833 930 ecclesiam,
1852 875 1993 935 quoti-

179 962 254 991 ens
272 943 390 990 illam
407 962 491 1004 pro
509 958 710 1003 tempore
729 961 880 989 vacare
897 943 1143 1003 contigerit,
1160 942 1240 989 tibi
1258 943 1428 1003 tuisque
1449 941 1679 989 heredibus
1697 957 1738 989 et
1755 960 1990 990 successor-

179 1012 274 1059 ibus
301 1011 453 1059 edictis
474 1026 691 1072 perpetuo
716 1029 932 1058 reservare
956 1025 997 1058 et
1020 1010 1260 1058 concedere
1283 1010 1468 1071 aliasque
1494 1011 1538 1057 in
1561 1011 1806 1071 praemissis
1831 1029 1990 1072 oppor-

178 1095 284 1127 tune
316 1079 551 1141 providere
584 1079 636 1126 de
668 1079 936 1140 benignitate
970 1078 1209 1140 apostolica
1241 1078 1531 1140 dignaremur.
1566 1083 1666 1126 Nos
1700 1079 1831 1140 igitur
1861 1093 1989 1127 tuum

175 1150 302 1209 pium
336 1163 377 1195 et
406 1148 622 1195 laudabile
651 1148 932 1208 propositum
965 1147 1207 1208 plurimum
1242 1148 1287 1194 in
1318 1147 1504 1195 domino
1537 1147 1913 1204 commendantes,
1945 1165 1994 1196 ac

177 1216 377 1263 volentes
404 1231 461 1272 te,
490 1217 565 1277 qui
593 1216 856 1263 dilectorum
886 1215 1082 1263 filiorum
1113 1215 1301 1263 dominii
1329 1215 1574 1263 Florentini
1601 1216 1855 1263 secretarius
1881 1234 1925 1263 es
1951 1230 1994 1263 et

178 1299 380 1346 tempore
401 1303 491 1345 quo
512 1285 639 1332 nobis
662 1299 703 1332 et
722 1284 985 1345 apostolicae
1006 1284 1104 1331 Sedi
1124 1284 1421 1331 obedientiam
1440 1285 1751 1345 praestiterunt
1772 1298 1924 1332 orator
1941 1284 1996 1332 ad

178 1372 259 1400 nos
284 1353 525 1400 destinatus
548 1352 681 1409 fuisti,
703 1353 1045 1413 praemissorum
1074 1353 1235 1400 intuitu
1261 1352 1510 1413 apostolicis
1535 1352 1758 1400 favoribus
1782 1367 1824 1400 et
1845 1353 1992 1413 gratiis

176 1422 399 1483 prosequi,
433 1421 686 1468 huiusmodi
717 1420 1109 1482 supplicationibus
1141 1420 1351 1478 inclinati,
1381 1421 1475 1477 tibi,
1502 1435 1738 1482 postquam
1767 1420 1992 1468 ecclesiam

175 1490 462 1551 praedictam,
493 1490 614 1537 cuius
643 1489 809 1537 fructus
840 1489 1034 1537 redditus
1062 1504 1103 1537 et
1128 1504 1383 1550 proventus,
1415 1504 1463 1537 ut
1491 1490 1652 1546 asseris,
1683 1488 1791 1536 nulli
1819 1503 1921 1537 sunt
1950 1503 1992 1537 et

178 1577 288 1620 quae
304 1558 421 1620 apud
435 1574 530 1606 tuas
543 1559 836 1624 possessiones
855 1559 1067 1615 constitit,
1084 1558 1315 1615 dotaveris,
1331 1573 1378 1605 ut
1392 1557 1638 1619 praefertur
1652 1559 1716 1605 ius
1730 1572 1989 1619 patronatus

178 1642 219 1675 et
243 1627 552 1688 praesentandi
578 1645 813 1688 personam
844 1627 1048 1674 idoneam
1078 1627 1220 1674 eidem
1247 1627 1472 1674 ordinario
1500 1626 1554 1674 ad
1578 1626 1741 1674 dictam
1767 1626 1992 1674 ecclesiam

178 1697 383 1757 quotiens
403 1695 522 1743 illam
541 1714 693 1743 vacare
711 1696 958 1756 contigerit,
977 1695 1057 1743 tibi
1075 1696 1245 1756 tuisque
1267 1695 1497 1743 heredibus
1516 1710 1557 1743 et
1575 1695 1894 1742 successoribus
1912 1713 1993 1757 per

177 1764 341 1812 dictam
370 1764 532 1812 lineam
566 1764 850 1812 masculinam
886 1764 1249 1812 descendentibus
1279 1765 1537 1812 auctoritate
1567 1763 1807 1825 apostolica
1837 1778 1991 1812 tenore

175 1834 474 1894 praesentium
496 1834 541 1879 in
562 1848 826 1894 perpetuum
848 1851 1129 1890 reservamus,
1152 1833 1435 1880 concedimus
1455 1848 1496 1880 et
1517 1834 1793 1894 assignamus,
1818 1833 1987 1880 nonob-

176 1902 392 1949 stantibus
408 1901 800 1948 constitutionibus
818 1916 859 1948 et
873 1901 1226 1949 ordinationibus
1243 1901 1492 1962 apostolicis
1509 1902 1747 1962 ceterisque
1761 1902 1991 1949 contrariis

177 1969 525 2030 quibuscunque.
551 1969 769 2016 Volumus
794 1984 940 2017 autem
962 1969 1095 2030 quod,
1115 1970 1150 2017 si
1172 1969 1396 2017 ecclesiam
1414 1969 1684 2031 praedictam
1703 1988 1795 2016 non
1817 1969 1992 2017 dotave-

177 2039 247 2095 ris,
277 2053 324 2086 ut
350 2039 664 2099 praemittitur,
691 2052 938 2099 praesentes
964 2037 1132 2086 litterae
1159 2037 1318 2086 nullius
1346 2039 1431 2086 sint
1460 2038 1631 2086 roboris
1660 2037 1727 2085 vel
1755 2038 1986 2086 momenti.

175 2106 304 2154 Nulli
322 2125 439 2167 ergo,
459 2121 539 2154 etc.
559 2121 732 2154 nostrae
751 2107 1068 2163 reservationis,
1087 2107 1392 2164 concessionis,
1414 2107 1713 2168 assignationis
1733 2121 1775 2154 et
1790 2106 1989 2154 volunta-

176 2176 230 2222 tis
249 2174 500 2235 infringere,
521 2190 602 2222 etc.
621 2176 663 2222 Si
682 2176 777 2236 quis
796 2190 956 2232 autem,
976 2190 1056 2222 etc.
1074 2179 1243 2222 Datum
1262 2180 1429 2222 Romae
1449 2175 1564 2236 apud
1580 2179 1788 2222 Sanctum
1806 2178 1986 2222 Petrum

177 2261 296 2291 anno
329 2244 643 2291 incarnationis
676 2243 923 2291 dominicae
958 2243 1191 2291 millesimo
1225 2243 1656 2304 quadringentesimo
1688 2244 1987 2304 octuagesimo

177 2326 348 2372 quarto.
373 2313 551 2371 Quinto
574 2311 658 2359 kal.
684 2313 870 2359 Ianuarii
890 2311 1176 2373 pontificatus
1200 2313 1338 2359 nostri
1361 2330 1479 2359 anno
1500 2313 1660 2373 primo.

1073 2444 1096 2485 9

358 2513 655 2553 MAGISTER
678 2515 907 2553 COSIMO
930 2514 1168 2553 MATTEO
1192 2515 1449 2559 FAVILLA,
1469 2513 1807 2553 ANECDOTE²

1032 2584 1136 2622 1485

554 2662 639 2711 CS’,
661 2663 745 2704 fols.
766 2667 942 2704 85v-86r.
962 2667 1005 2703 In
1024 2679 1140 2716 marg.
1162 2663 1463 2704 ‘Bartholomeus
1485 2663 1611 2704 Scala.’

176 2755 515 2803 Bartholomeus
537 2756 658 2803 Scala
674 2756 814 2803 scriba
834 2755 915 2803 fuit
935 2756 1213 2803 Florentinae
1233 2756 1508 2817 reipublicae,
1531 2773 1583 2803 ex
1603 2755 1846 2816 humilique
1866 2752 1985 2802 locol

176 2842 200 2871 a
222 2823 403 2871 fortuna
426 2825 471 2870 in
495 2824 633 2871 altum
657 2839 832 2871 evectus
854 2825 1079 2871 annitente
1101 2827 1233 2871 Petro
1255 2823 1443 2880 Medice,
1465 2825 1539 2885 qui
1562 2838 1668 2870 tunc
1691 2824 1736 2870 in
1759 2823 1867 2870 urbe
1890 2822 1987 2870 Flo-

176 2892 350 2939 rentina
366 2910 632 2952 quocunque
651 2889 799 2939 vellet2
816 2891 1020 2939 flectebat
1037 2892 1238 2948 habenas,
1256 2906 1303 2939 ut
1322 2889 1561 2939 ordinatim
1580 2891 1900 2951 magistratibus
1917 2890 1986 2938 vel

176 2959 454 3020 amplissimis
476 2960 608 3007 etiam
628 2960 673 3006 in
691 2959 799 3007 urbe
818 2960 1038 3021 potiretur
1056 2974 1177 3007 tanta
1193 2977 1293 3007 cum
1313 2959 1477 3006 invidia
1494 2959 1719 3006 universae
1737 2959 1924 3006 civitatis
1938 2972 1988 3006 ut

176 3209 210 3243 Α
257 3159 269 3174 ²
290 3154 377 3213 This
397 3154 570 3192 anecdote
591 3155 618 3192 is
639 3154 832 3192 contained
852 3155 891 3191 in
912 3153 1071 3192 Favilla’s
1091 3166 1244 3192 account
1264 3153 1305 3192 of
1322 3153 1384 3192 the
1403 3153 1563 3192 miracles
1585 3153 1626 3191 of
1643 3153 1705 3191 the
1725 3153 1853 3202 Virgin
1871 3153 1911 3190 in
1931 3154 1987 3191 SS.

213 3219 420 3244 nnunziata.
