2118 3444
224 166 314 207 180
1852 173 1990 206 PART
2015 173 2029 206 1

221 310 537 358 asseverabant.
556 314 660 357 Hoc
676 311 736 357 sic
753 310 945 370 agebam.
964 314 1085 357 Nam
1104 309 1225 370 quod
1241 328 1394 357 verum
1413 325 1454 357 et
1471 310 1618 357 audire
1634 325 1675 357 et
1691 310 1833 358 dicere
1849 310 2037 358 libenter

219 379 359 426 solere
388 396 468 425 vos
498 378 662 434 scribis,
695 381 740 424 O
772 377 957 425 faustam
987 392 1028 424 et
1058 377 1230 425 felicem
1259 379 1385 425 istam
1413 393 1591 425 sortem.
1624 381 1854 425 Perrarum
1883 393 1960 435 est,
1989 393 2032 426 at

219 446 508 508 praeclarum,
535 464 676 507 neque
701 446 775 507 qui
799 445 843 493 id
866 445 1011 493 audiat
1034 460 1106 493 aut
1131 446 1219 507 ipse
1244 446 1358 494 dicat
1381 445 1504 493 facile
1527 447 1722 494 invenire
1748 461 1809 494 est
1834 446 1919 494 hoc
1943 447 2034 508 qui-

221 515 323 562 dem
352 530 567 576 tempore.
598 519 719 561 Nam
749 515 908 561 veritas
934 514 1087 561 odium
1114 515 1241 575 parit,
1271 515 1445 562 comico
1471 509 1743 575 proverbio,b
1777 529 1818 562 et
1846 514 1931 562 hoc
1958 515 2031 563 sic.

219 589 341 631 Nam
370 583 423 631 de
449 583 836 644 epigrammatibus
864 584 984 639 meis,
1011 597 1059 630 ut
1085 582 1195 630 feras
1219 597 1281 640 tu,
1306 597 1433 630 tuum
1461 583 1671 630 iudicium
1698 601 1808 644 opus
1836 601 1929 631 non
1954 598 2031 640 est,

221 670 363 713 neque
381 670 430 699 ea
446 651 499 699 de
516 670 642 699 causa
660 651 714 699 ad
729 666 771 698 te
787 652 950 712 scripsi.
972 652 1080 698 Satis
1098 652 1186 712 ipse
1207 669 1337 712 quam
1356 666 1479 699 curta
1493 652 1578 699 sint
1599 651 1670 699 illa
1687 651 1866 713 quidem
1884 651 2031 709 didici,

220 735 262 768 et
294 720 474 782 quidam
507 719 740 767 familiares
772 734 1041 767 monuerunt
1078 738 1131 767 ne
1162 721 1244 767 sim
1278 721 1323 766 in
1356 721 1462 767 meis
1494 719 1623 767 iudex
1656 721 1861 781 iniquior.
1895 720 2031 768 Volui

219 789 369 836 ludere
388 803 536 836 tecum
555 789 708 845 amice,
724 803 772 835 ut
792 806 888 835 mos
906 803 967 836 est
987 806 1122 845 meus,
1141 788 1269 836 simul
1288 803 1335 836 ut
1354 803 1402 836 tu
1419 788 1576 836 laetior
1590 789 1675 836 tuis
1693 788 1833 845 fieres,
1851 789 1927 850 qui
1942 803 2033 836 tan-

219 872 268 904 to
300 872 342 904 te
373 858 647 918 superiorem
682 856 806 904 facile
838 875 1133 917 cognosceres.
1170 857 1281 904 Illud
1312 857 1513 913 mirabar,
1549 875 1649 904 cum
1683 857 1864 904 ridicula
1893 875 2032 918 paene

220 926 372 973 omnia
391 926 478 972 sint
501 926 546 972 in
569 926 676 972 meis
695 926 880 986 scriptis,
902 939 944 972 te
963 939 1111 972 tamen
1132 924 1240 971 nihil
1262 924 1416 981 ridere,
1438 943 1578 986 neque
1599 940 1647 972 tu
1665 927 1951 983 ανῄλασιος
1975 943 2032 982 es,

220 994 342 1055 quod
368 995 528 1041 Graeci
551 1008 727 1050 vocant3
753 993 890 1054 qualis
917 997 1097 1041 Crassus
1124 993 1240 1054 apud
1263 998 1490 1041 Romanos
1518 993 1645 1041 fuisse
1672 993 1824 1041 fertuff
1849 1008 1891 1041 et
1915 993 2033 1055 apud

220 1080 301 1109 nos
326 1080 414 1109 una
438 1061 616 1118 familia,
643 1063 717 1122 qui
742 1061 842 1108 inde
868 1062 1252 1121 cognominantur,
1281 1061 1402 1122 quod
1426 1079 1517 1108 non
1543 1061 1700 1108 rident.
1724 1061 1808 1109 Sed
1830 1061 2033 1118 arbitror,

218 1148 298 1177 vos
320 1131 413 1177 veri
435 1129 657 1177 auditores
679 1130 824 1176 minus
849 1129 1011 1186 ridetis,
1035 1147 1247 1190 nugarum
1274 1130 1406 1190 magis
1429 1147 1577 1177 comes
1599 1130 1706 1176 risus
1731 1144 1806 1176 est.

304 1199 373 1246 Sic
398 1198 579 1258 agebam
606 1199 686 1245 ista
711 1212 753 1245 et
779 1197 1113 1258 oblanguescere
1141 1198 1286 1258 coepit
1313 1198 1504 1258 agitatio,
1530 1216 1688 1259 sopore
1717 1198 2030 1245 circumeunte.

219 1271 370 1327 Itaque
389 1284 438 1314 ea
457 1267 630 1323 omissa,
654 1266 921 1313 dormiendo
943 1266 1221 1326 indulgebam
1246 1281 1287 1314 et
1307 1266 1572 1327 aucupandis
1594 1281 1635 1313 et
1656 1265 1897 1314 inescandis
1916 1266 2035 1313 som-⁴

219 1336 315 1392 niis,
336 1353 446 1396 quos
465 1334 575 1381 mihi
595 1334 867 1382 difficiliores
885 1349 926 1382 et
943 1334 1137 1391 morbus,
1160 1353 1260 1382 cum
1279 1334 1348 1382 ille
1365 1334 1462 1396 plus
1479 1335 1628 1391 saevit,
1647 1334 1821 1382 efficere
1836 1334 1960 1382 solet.
1978 1339 2032 1382 Et

219 1422 318 1451 ecce
343 1418 475 1450 nocte
503 1403 591 1450 fere
618 1404 893 1464 intempesta,
921 1421 1021 1450 cum
1050 1403 1370 1450 obdormissem
1400 1403 1593 1459 tandem,
1620 1403 1759 1450 multa
1781 1403 1902 1464 prius
1930 1421 2031 1451 cum

219 1473 523 1519 morosissimo
552 1471 637 1519 deo
659 1471 932 1528 colluctatus,
957 1472 1077 1519 venit
1100 1471 1154 1519 ad
1176 1489 1245 1519 me
1266 1466 1473 1519 Merula:d
1498 1475 1565 1519 ‘Et
1588 1471 1694 1532 quid
1715 1471 1862 1528 Scala,’
1887 1472 2029 1533 inquit

219 1541 416 1587 ‘insanis?
440 1542 509 1587 Tu
533 1558 634 1587 cum
658 1540 879 1587 Politiano
903 1554 1125 1587 certamen
1146 1541 1227 1587 inis
1249 1540 1531 1587 litterarium?
1553 1539 1697 1587 Letale
1719 1555 1794 1587 est.
1818 1543 1966 1601 Atque
1988 1539 2033 1586 il-

216 1609 306 1656 linc
324 1627 405 1669 ego
423 1608 477 1656 ad
493 1623 535 1656 te
551 1608 710 1655 umbra
728 1609 872 1655 venio.
893 1609 1016 1655 Misit
1036 1627 1105 1655 me
1122 1627 1228 1656 vero
1246 1610 1502 1656 Laurentius
1520 1608 1716 1656 Medices
1732 1627 1784 1656 ex
1801 1608 1892 1656 alto
1909 1608 2030 1656 caelo

217 1692 265 1724 ut
286 1691 328 1724 te
347 1678 407 1724 sic
427 1676 729 1733 admonerem,
752 1676 833 1724 tibi
851 1676 1122 1724 subtimens.’
1149 1680 1267 1724 Cum
1289 1676 1394 1724 haec
1413 1676 1601 1733 dixisset,
1622 1695 1723 1724 cum
1744 1676 1902 1724 umbra
1918 1677 2029 1738 pari-

217 1760 285 1793 ter
302 1763 485 1792 somnus
511 1745 716 1792 discessit.
739 1746 807 1792 Mi
828 1745 1056 1801 Politiane‚
1078 1745 1185 1792 vale.
1208 1750 1318 1792 Non
1341 1746 1552 1792 insaniam
1574 1744 1779 1806 profecto
1797 1746 1940 1806 gratis:
1962 1763 2031 1793 au-

218 1814 369 1861 dacior
386 1828 434 1860 tu
451 1813 631 1874 quidem
649 1831 705 1869 es,
720 1814 964 1874 pugnacior
981 1831 1037 1870 es,
1054 1814 1295 1861 sternacior
1311 1831 1367 1870 es;
1384 1813 1593 1874 milesque
1612 1828 1654 1860 et
1670 1813 1771 1869 dux,
1790 1831 1932 1874 neque
1949 1831 2029 1874 ego

218 1883 384 1928 resisto.
409 1881 530 1938 Vale,
556 1896 597 1928 et
619 1899 689 1928 me
710 1899 834 1928 serva
855 1882 1045 1928 amicum
1070 1896 1111 1928 et
1133 1881 1348 1928 cultorem
1371 1882 1448 1928 tui.

1086 2025 1167 2065 219

782 2094 859 2134 TO
881 2096 1122 2134 ANGELO
1145 2094 1469 2134 POLIZIANO

1054 2165 1197 2211 [1494]

301 2256 369 2296 Ed.
389 2259 437 2304 V,
459 2259 528 2308 Ly,
549 2259 691 2304 XH,16,
715 2259 870 2304 391-95‚
891 2257 931 2296 in
952 2256 1058 2309 reply
1078 2270 1119 2297 to
1142 2259 1283 2305 XH,15‚
1305 2259 1460 2297 390-92.
1482 2256 1674 2297 Poliziano
1696 2269 1818 2296 wrote
1838 2255 1945 2296 three

301 2328 410 2353 more
429 2312 555 2353 letters
575 2326 615 2353 to
638 2312 751 2361 Scala,
771 2316 852 2361 XII,
877 2316 1005 2361 17-19,
1025 2316 1204 2354 395-400.
1223 2312 1335 2361 Scala,
1357 2316 1498 2353 217-19
1520 2315 1704 2362 [145-46J.

216 2416 582 2464 Bartholomaeus
601 2417 721 2464 Scala
740 2417 913 2478 Angelo
933 2417 1153 2464 Politiano
1172 2435 1252 2465 suo
1271 2417 1467 2465 salutem.
1489 2417 1748 2474 Modestius,
1769 2431 1817 2464 ut
1836 2416 1946 2463 mihi
1965 2417 2025 2463 vi-

216 2485 358 2541 detur,
378 2485 518 2532 fecisti
537 2485 731 2541 tandem,
752 2486 827 2546 qui
846 2485 1091 2546 obsignatas
1112 2485 1165 2533 ad
1183 2504 1252 2533 me
1272 2486 1425 2533 misisti
1443 2485 1620 2533 litteras.
1641 2488 1755 2532 Puto
1775 2486 1893 2532 enim
1914 2485 2030 2532 inter

216 2553 318 2600 alias
343 2571 519 2613 quoque
546 2571 691 2600 causas
714 2554 917 2614 antiquae
943 2553 1068 2600 huius
1094 2553 1421 2600 consuetudinis
1447 2553 1755 2613 signandamm
1780 2553 2026 2600 litterarum

216 2620 480 2668 modestiam
505 2639 681 2681 quoque
705 2622 842 2681 ipsam
866 2639 958 2668 non
980 2622 1025 2667 in
1046 2622 1280 2681 postremis
1303 2621 1451 2668 locum
1472 2621 1553 2668 sibi
1575 2620 1827 2668 vindicasse.
1851 2620 2026 2667 Consti-

215 2703 387 2736 tueram
412 2707 519 2736 vero
542 2688 729 2736 modum
756 2688 895 2736 facere
918 2689 1136 2736 scribendi
1161 2688 1214 2736 ad
1235 2703 1291 2745 te,
1316 2689 1390 2750 qui
1415 2689 1567 2736 iratior
1586 2706 1760 2749 semper
1782 2689 1828 2734 in
1852 2705 2027 2749 respon·

216 2757 365 2804 dendo
385 2756 531 2814 fueris,
552 2757 627 2804 sed
645 2757 713 2804 vel
733 2757 971 2804 Merulam³
989 2758 1154 2805 interea
1169 2758 1317 2818 potius
1338 2775 1469 2818 quam
1490 2758 1548 2804 ita
1566 2756 1703 2804 modo
1722 2756 1790 2804 vel
1810 2756 2025 2804 amicitiae

295 2956 311 2980 '³
330 2964 497 3005 Terence,
514 2961 664 3005 Andria,
684 2965 737 2999 68.

296 3023 309 3037 ⁶
327 3021 469 3064 Cicero,
488 3023 561 3057 Fin.
581 3023 682 3063 V‚92.

294 3071 311 3095 d
327 3078 479 3125 Giorgio
496 3076 637 3114 Merula
651 3076 692 3114 of
705 3076 940 3121 Alessandria,
958 3076 1043 3114 who
1059 3076 1233 3114 criticised
1249 3076 1462 3114 Poliziano’s
1475 3075 1698 3120 Miscellanea,
1716 3078 1780 3124 Ly,
1795 3078 2022 3119 327,331-33‚

214 3130 258 3167 cf.
278 3130 383 3174 Scala,
404 3133 540 3167 216-17
559 3133 664 3175 [153]‚
685 3142 772 3167 note
790 3134 844 3167 75.

296 3191 308 3205 ²
325 3189 387 3224 See
404 3186 595 3235 preceding
614 3199 711 3224 note.
