2118 3444
192 142 282 183 140
1821 151 1959 185 PART
1984 152 1997 185 1

188 287 297 346 tror)
321 304 413 333 non
435 286 831 347 impro<ba›verint,
852 286 887 333 si
907 285 1070 333 dedero
1088 304 1267 347 operam
1287 301 1335 334 ut
1354 305 1485 348 quam
1506 287 1712 335 diuturna
1730 289 1784 335 sit
1803 287 2002 350 claraque

188 355 351 402 amoris
372 372 471 415 erga
489 372 558 401 me
578 355 710 401 vestri
728 368 981 415 vestraeque
1000 354 1268 402 liberalitatis
1286 355 1551 403 testificatio.
1568 355 1733 403 Valete.
1754 360 1817 403 Ex
1835 356 2003 405 Palatio

187 423 450 470 Florentino
473 422 542 469 die
565 428 590 469 6
611 422 884 469 Novembris
913 427 1031 470 1482.

1061 564 1138 606 170

694 634 772 674 TO
796 634 911 673 THE
930 634 1181 674 ANZIANI
1204 636 1279 674 OF
1301 636 1495 675 LUCCA

878 705 926 742 18
949 702 1191 743 December
1215 705 1320 743 1482

271 799 340 845 Lu,
361 795 446 837 fols.
468 799 645 837 80v-81r.
667 795 869 849 Chancery
888 812 1000 849 copy.
1018 799 1062 837 In
1083 812 1197 849 marg.
1219 798 1424 838 ‘Dominus
1444 797 1734 838 Bartholomeus
1753 797 1908 839 Schala.’

186 900 416 961 Magnifici
439 916 481 948 et
502 915 708 962 potentes
730 901 915 957 domini,
941 901 1112 948 domini
1138 902 1223 948 mei
1244 901 1568 962 singularissimi
1593 917 1693 963 post
1718 902 1998 951 commenda-

186 970 372 1025 tionem,
396 984 476 1016 etc.
498 974 561 1016 Ut
584 969 672 1016 fere
693 969 744 1016 fit
766 970 811 1015 in
834 969 979 1016 liberis
999 970 1187 1030 populis,
1213 971 1344 1017 etiam
1366 971 1439 1031 qui
1461 989 1512 1018 ex
1534 971 1624 1018 iure
1648 971 1792 1018 minus
1814 971 1999 1032 litigant,

186 1037 380 1084 fautores
403 1055 553 1084 causae
578 1038 902 1093 nanciscuntur,
931 1055 1071 1098 neque
1095 1037 1139 1084 id
1162 1038 1334 1085 incivile
1356 1039 1500 1099 putari
1522 1038 1645 1086 solet.
1671 1043 1735 1086 Ita
1756 1057 1836 1086 nos
1860 1039 1999 1087 modo

186 1107 231 1152 in
258 1105 538 1153 restituendis
564 1124 776 1166 aquarum
804 1107 1003 1153 terminis
1030 1106 1084 1154 ad
1109 1107 1356 1154 Bientinam
1380 1106 1628 1168 plusculum
1659 1108 1824 1168 negotii
1851 1107 1999 1155 habui-

187 1192 295 1221 mus.
324 1178 468 1221 Causa
492 1189 554 1221 est
580 1192 681 1221 cum
708 1174 889 1221 homine
915 1174 1203 1235 locupletiore
1228 1190 1269 1222 et
1293 1176 1367 1236 qui
1393 1175 1547 1223 habeat
1570 1176 1614 1221 in
1640 1176 1814 1223 civitate
1835 1177 2000 1224 amicos

185 1242 469 1303 complures.²
489 1247 551 1289 Re
570 1257 719 1289 tamen
737 1243 925 1302 cognita,
945 1242 1069 1290 facile
1085 1243 1325 1290 succubuit.
1348 1244 1628 1303 Magistratus
1643 1243 1698 1290 ad
1711 1244 1809 1290 Vici
1828 1247 2002 1291 Praeto-

186 1328 279 1357 rem
295 1310 445 1357 scribit
466 1325 513 1357 ut
531 1311 773 1357 terminum
792 1311 989 1358 restituat
1006 1311 1050 1357 in
1067 1325 1229 1358 statum
1246 1312 1454 1372 priorem.
1475 1315 1574 1358 Nec
1587 1326 1699 1372 puto
1717 1326 1867 1359 tamen
1883 1312 2000 1373 quie-

184 1394 254 1426 tus
276 1380 357 1426 erit
377 1380 551 1440 pistrini
574 1394 741 1435 auctor,
761 1378 837 1426 sed
857 1394 899 1426 et
921 1379 1131 1426 iudicium
1152 1398 1282 1441 super
1302 1398 1428 1427 causa
1449 1381 1534 1427 iam
1556 1379 1721 1427 facturn
1742 1395 1784 1428 et
1805 1381 1998 1442 aequitas

185 1466 335 1495 causae
354 1447 582 1508 pugnabit,
603 1462 651 1495 ut
671 1447 874 1504 arbitror,
893 1466 976 1509 pro
996 1449 1195 1495 terminis
1212 1448 1492 1496 stabiliendis.
1514 1453 1613 1496 Nos
1632 1467 1808 1510 quoque
1827 1448 1904 1496 ubi
1920 1467 1998 1510 po-

184 1517 367 1564 terimus
387 1517 519 1564 etiarn
539 1531 706 1564 vestrae
723 1534 873 1564 causae
889 1516 1280 1578 patrocinabimur,
1303 1535 1442 1578 neque
1462 1517 1536 1565 ubi
1557 1517 1814 1565 intellexero
1831 1532 1999 1579 gratam

185 1603 254 1632 me
280 1603 373 1632 rem
398 1603 485 1632 esse
509 1585 635 1632 vobis
661 1585 895 1642 facturum,
919 1585 1067 1633 studio
1091 1600 1163 1633 aut
1188 1585 1410 1646 diligentia
1433 1587 1667 1647 quicquam
1693 1586 1837 1634 deero.
1863 1590 1998 1634 Com-

184 1653 351 1701 mendo
370 1672 439 1700 me
457 1653 735 1701 Excellentiis
751 1655 930 1710 Vestris,
949 1672 1057 1715 quae
1075 1653 1260 1701 feliciter
1272 1654 1456 1702 valeant.
1472 1659 1536 1701 Ex
1555 1654 1722 1702 Palatio
1737 1654 1997 1702 Florentino

184 1722 253 1769 die
281 1727 327 1769 18
351 1722 613 1769 Decembris
641 1727 759 1769 1482.

1056 1865 1130 1906 171

432 1934 510 1974 ΤΟ
534 1936 881 1974 BONGIANNI
903 1935 1344 1974 GIANFIGLIAZZI
1367 1937 1450 1983 [IN
1470 1937 1755 1983 FERRARA]

864 2005 903 2050 [3
923 2005 1114 2054 January
1137 2006 1239 2043 1483
1267 2005 1318 2051 ?]²

332 2096 441 2135 Dieci
460 2096 627 2144 Missive,
649 2096 850 2148 Legazioni
871 2111 891 2136 e
911 2096 1180 2136 Commissarie
1202 2100 1235 2144 5,
1256 2095 1322 2136 fol.
1346 2099 1495 2136 lOSr-v.
1515 2095 1717 2149 Chancery
1735 2095 1845 2137 draft.

182 2199 422 2260 Magnifice
440 2215 566 2260 pater
583 2201 656 2247 mi.
679 2205 727 2246 In
747 2215 898 2261 questa
915 2215 1062 2248 vostra
1079 2200 1234 2248 ultima
1253 2200 1320 2248 del
1339 2201 1487 2261 primo
1507 2200 1529 2248 ὲ
1549 2200 1696 2261 quello
1716 2200 1910 2261 capitolo
1928 2200 1997 2248 del

181 2269 420 2315 soscrivere
446 2267 536 2315 voil
569 2287 597 2315 o
626 2262 753 2325 non,b
779 2287 821 2316 se
851 2269 895 2315 in
923 2283 1073 2330 questa
1098 2283 1260 2316 venuta
1286 2268 1395 2316 costi
1423 2268 1490 2316 del
1517 2268 1675 2330 legatoc
1700 2269 1734 2316 si
1764 2268 1992 2316 havessino

183 2355 206 2384 a
222 2338 408 2384 scrivere
427 2337 580 2384 lettere
597 2338 840 2394 communi,
862 2352 941 2385 etc.
961 2342 1020 2385 La
1036 2338 1220 2398 risposta
1238 2337 1281 2385 di
1298 2352 1453 2399 questo
1470 2337 1663 2398 capitolo
1682 2355 1774 2385 non
1793 2337 1815 2385 ὲ
1831 2351 1994 2398 preter-

262 2575 274 2589 ²
299 2573 360 2608 See
386 2570 449 2608 the
474 2570 580 2608 letter
603 2570 644 2608 of
666 2570 728 2608 the
754 2571 911 2608 Anziani
935 2582 973 2608 to
999 2570 1095 2608 Scala
1120 2570 1161 2608 of
1187 2574 1227 2607 12
1252 2570 1461 2614 December,
1491 2573 1554 2614 Lu,
1579 2570 1642 2608 fol.
1669 2573 1748 2608 79v:
1776 2572 1992 2608 ‘Hortamur

181 2625 344 2660 Vestram
364 2622 673 2670 Magnificentiam
691 2622 734 2660 ad
753 2622 928 2670 agendum
947 2636 1030 2660 cum
1049 2623 1176 2671 quibus
1197 2622 1385 2666 videbitur,
1404 2634 1444 2660 ut
1462 2622 1650 2660 reducatur
1667 2636 1720 2660 res
1737 2621 1781 2660 ad
1798 2623 1992 2671 pristinum

180 2676 380 2713 terminum
395 2676 425 2713 si
440 2677 563 2724 possit,
583 2675 638 2713 vel
654 2675 779 2713 saltem
795 2688 956 2714 servetur
971 2675 1069 2724 quod
1086 2677 1239 2724 Augusti
1255 2690 1376 2714 mense
1394 2676 1584 2724 praeterito
1600 2675 1658 2722 [cf.
1660 2675 1765 2713 letter
1783 2678 1847 2713 160
1863 2674 1992 2721 above]

181 2728 422 2765 constitutum
443 2727 512 2765 fuit
532 2742 597 2776 per
617 2730 822 2776 Spectatum
845 2729 973 2766 Virum
996 2727 1205 2766 Bertoldum
1228 2729 1424 2765 Corsinum
1447 2739 1481 2765 et
1503 2728 1800 2765 Commissarium
1825 2738 1992 2765 nostrum

181 2779 366 2817 Andream
380 2778 424 2817 de
441 2779 579 2817 Podio!
596 2779 672 2817 The
686 2780 844 2817 Anziani
856 2779 990 2838 replied
1001 2792 1040 2817 to
1055 2779 1151 2817 Scala
1163 2794 1215 2817 on
1228 2783 1271 2817 20
1284 2779 1485 2817 December
1500 2778 1595 2827 (ib1d,
1610 2778 1995 2827 fol.81r):‘1nveniun-

180 2843 241 2868 tur
258 2845 400 2879 semper
420 2832 459 2868 in
477 2831 597 2869 liberis
618 2831 820 2869 civitatibus
840 2832 901 2880 qui
919 2832 1066 2880 privatis
1085 2831 1294 2869 hominibus
1312 2831 1453 2869 faveant
1472 2843 1507 2868 et
1524 2831 1731 2880 praesertim
1749 2831 1781 2868 si
1797 2829 1993 2879 locupletos

179 2887 276 2922 smt.’

262 2947 274 2961 ²
288 2944 350 2980 See
364 2941 427 2980 the
441 2942 631 2991 preceding
643 2941 737 2980 draft
751 2943 790 2979 in
802 2941 874 2980 this
888 2942 1033 2980 volume
1047 2956 1098 2980 on
1110 2941 1173 2980 fol.
1192 2946 1290 2986 104v,
1303 2941 1366 2980 the
1381 2942 1484 2980 Dieci
1496 2953 1535 2979 to
1551 2942 1763 2990 Bongianni,
1776 2944 1795 2979 3
1807 2943 1988 2988 jan.1483.

262 2995 277 3020 '⁵
292 3004 350 3038 He
366 3000 472 3038 refers
486 3013 526 3038 to
541 3000 603 3039 the
619 3000 749 3039 clauses
765 3000 868 3039 ‘della
882 3015 966 3049 pace
979 3000 1147 3049 stipulata
1159 3015 1178 3038 a
1194 3003 1320 3038 Roma‘
1338 3001 1376 3038 in
1390 3000 1590 3038 December
1608 3003 1705 3044 1482,
1721 2998 1765 3037 cf.
1780 2998 1843 3037 the
1857 2999 1990 3037 Dieci’s

180 3053 286 3091 letter
301 3065 340 3091 to
361 3054 574 3101 Bongianm',
592 3056 636 3090 20
654 3055 844 3097 Dec.1482,
866 3052 959 3097 ibid„
979 3052 1042 3091 fol.
1065 3056 1157 3091 lO4r.

262 3117 275 3131 C
298 3111 375 3149 The
400 3111 503 3160 papal
526 3111 648 3160 legate,
676 3115 868 3149 Francesco
894 3113 1074 3160 Gonzaga,
1102 3111 1269 3149 Cardinal
1293 3110 1334 3149 of
1355 3114 1515 3155 Mantua,
1537 3125 1594 3148 see
1619 3110 1724 3148 letter
1746 3113 1821 3154 179,
1847 3121 1934 3148 note
1956 3109 1988 3158 a)

182 3163 312 3201 below.
