2118 3444
135 179 325 213 PUBLJC
352 178 581 212 LETTERS
1853 171 1940 213 195

134 332 250 365 runt.
278 316 527 364 Voluerunt
556 331 702 364 autem
728 316 936 364 Iacobum
964 317 1106 378 ipsum
1135 316 1497 364 Guicciardinum
1525 331 1566 364 et
1590 317 1948 365 Petrumfrancis—

134 404 235 433 cum
256 385 513 433 <Medicem›
532 386 848 446 suprascriptos
869 384 1032 445 legatos
1051 385 1256 446 syndicos
1278 400 1319 432 et
1336 400 1644 446 procuratores
1665 386 1946 434 Florentinos

134 469 175 501 et
204 471 408 515 quenque
436 471 591 500 eorum
620 454 715 514 pari
742 454 833 500 iure
864 453 1021 500 habere
1048 453 1225 514 plenam
1254 468 1296 501 et
1323 453 1505 501 liberam
1536 453 1789 501 facultatem
1816 469 1946 516 atque

131 536 404 583 potestatem,
423 521 548 568 simul
570 539 669 568 cum
692 521 832 581 legatis
849 522 1067 568 sociorum
1087 521 1340 569 Ferdinandi
1359 523 1462 582 regis
1481 522 1758 583 Neapolitani
1777 537 1817 570 et
1838 523 1959 570 Gale-

133 590 339 637 azmariae
356 589 548 646 Sfortiae,
566 590 841 636 Vicecomitis
858 589 1093 637 Mediolani
1110 590 1256 646 Ducis,
1274 590 1592 637 constituendae
1611 590 1773 638 Italicae
1789 591 1904 652 pacis
1921 606 1962 638 et

133 657 314 706 foederis
327 658 477 705 veteris
491 657 620 705 Italici
634 657 867 705 renovandi
880 672 951 705 aut
966 676 1131 705 novum
1145 658 1422 719 percutiendi,
1437 658 1808 719 quemadmodum
1823 659 1964 720 legatis

133 727 230 787 ipsis
243 726 428 786 syndicis
443 740 484 773 et
499 726 852 786 procuratoribus
868 741 939 773 aut
956 726 1073 773 alteri
1089 744 1240 773 eorum
1258 726 1384 774 simul
1401 745 1501 774 cum
1518 728 1808 788 suprascriptis
1824 742 1963 775 orato-

133 794 249 840 ribus
261 794 480 840 sociorum
495 793 720 840 videbitur.
735 795 1038 841 Promittentes
1050 795 1319 855 suprascripti
1333 795 1636 842 constituentes
1648 795 1727 842 sub
1743 795 1962 855 obligatio-

132 879 185 908 ne
203 879 346 909 rerum
365 862 566 909 omnium
584 861 927 909 Florentinarum
943 861 1159 923 populum
1176 862 1472 910 Florentinum
1491 862 1695 924 quicquid
1707 881 1787 924 per
1802 881 1875 911 eos
1893 878 1964 911 aut

132 947 285 977 eorum
304 929 484 977 alterum
502 945 645 977 actum
665 944 705 977 et
723 945 980 977 transactum
999 929 1137 987 fuerit,
1156 945 1295 978 ratum
1315 930 1574 978 habiturum.
1594 935 1806 979 Iusserunt
1823 946 1967 979 autem

130 1012 179 1046 ut
209 1016 288 1045 nos
317 998 549 1046 cancellarii
578 1013 618 1046 et
650 999 803 1046 notarii
831 998 1082 1060 infrascripti
1111 999 1410 1047 mandaremus
1439 1000 1515 1047 ista
1541 999 1688 1047 litteris
1717 1014 1757 1047 et
1786 1000 1959 1061 publica

129 1067 284 1128 scripta
299 1066 609 1114 conficeremus
623 1068 820 1128 quotiens
835 1082 1066 1128 oporteret.
1084 1071 1231 1128 Quam
1249 1067 1422 1129 quidem
1435 1083 1691 1130 potestatem
1709 1083 1835 1130 atque
1851 1087 1967 1117 man-

130 1135 279 1183 datum
296 1136 404 1183 vires
418 1135 571 1183 habere
586 1135 816 1183 voluerunt
832 1136 941 1184 duos
956 1154 1130 1184 menses.
1147 1140 1278 1184 Gesta
1291 1152 1389 1184 sunt
1406 1137 1507 1185 haec
1521 1138 1669 1185 omnia
1683 1138 1727 1184 in
1742 1138 1957 1186 auditorio

129 1204 274 1251 Palatii
293 1204 529 1251 Florentini
548 1204 614 1251 die
634 1204 803 1251 decimo
824 1205 978 1252 mensis
997 1205 1203 1252 Octobris
1222 1223 1336 1252 anno
1356 1206 1407 1253 ab
1429 1207 1716 1253 incarnatione
1737 1206 1955 1254 dominica

130 1272 358 1319 millesimo
373 1272 790 1333 quadringentesimo
803 1274 1112 1333 septuagesimo
1128 1289 1276 1334 quarta
1289 1274 1533 1331 indictione,
1546 1275 1836 1335 praesentibus
1849 1276 1958 1322 testi-

129 1340 209 1387 bus
224 1340 412 1387 Nicolao
429 1340 629 1388 Bernardi
646 1340 736 1388 filio
752 1356 792 1388 et
809 1341 1043 1398 Gulielmo,
1059 1343 1248 1389 Americi
1265 1341 1368 1399 filio,
1383 1343 1481 1389 viris
1497 1342 1706 1403 religiosis,
1721 1343 1841 1403 sigilli
1854 1343 1947 1390 Flo-

130 1409 284 1455 rentini
305 1408 564 1456 custodibus.
588 1409 915 1457 Bartholomeus
934 1409 1049 1457 Scala
1068 1410 1334 1458 cancellarius
1356 1412 1510 1471 rogavi.
1533 1412 1751 1458 Antonius
1770 1413 1953 1459 Mariani

128 1477 272 1533 Mutii,
291 1477 391 1524 civis
408 1491 448 1524 et
468 1478 657 1524 notarius
670 1477 868 1538 publicus
886 1496 933 1525 ac
949 1478 1157 1525 secundus
1173 1478 1439 1526 cancellarius
1455 1479 1745 1536 Florentinus‚c
1763 1479 1814 1527 de
1831 1498 1947 1540 prae-

129 1544 249 1591 dictis
269 1559 439 1605 rogatus
459 1563 545 1592 una
565 1563 665 1592 cum
686 1547 971 1606 suprascripto
992 1549 1048 1593 D.
1071 1546 1378 1594 Bartholomeo
1398 1547 1524 1603 Scala,
1543 1548 1690 1608 primo
1711 1547 1958 1595 cancellario

126 1612 281 1673 populi
296 1612 544 1670 Florentini,
562 1613 615 1660 ad
630 1612 760 1660 fidem
779 1631 849 1661 me
865 1614 1089 1675 subscripsi
1104 1629 1144 1662 et
1160 1615 1327 1675 signum
1344 1616 1388 1661 in
1405 1616 1591 1676 margine
1607 1617 1800 1677 apposui,
1818 1630 1858 1663 et
1875 1634 1954 1664 nos

128 1680 260 1728 ambo
289 1681 521 1728 cancellarii
548 1681 783 1729 maioribus
811 1683 1008 1743 occupati
1035 1701 1083 1730 ea
1109 1683 1422 1731 transcribenda
1450 1684 1747 1732 commisimus
1771 1684 1959 1746 provido

126 1750 221 1796 viro
242 1753 317 1797 Ser
336 1753 463 1797 Petro
486 1750 686 1797 Bernardi
707 1751 787 1798 civi
809 1765 849 1798 et
871 1752 1040 1799 notario
1062 1751 1323 1800 Florentino.
1344 1757 1449 1813 Ego,
1470 1756 1617 1800 Petrus
1639 1753 1839 1801 Bernardi
1860 1758 1954 1801 Bar·

126 1817 341 1866 tholomei
368 1813 622 1876 Geminus?
651 1820 751 1867 civis
779 1834 819 1867 et
848 1821 1037 1868 notarius
1061 1820 1258 1882 publicus
1284 1820 1565 1878 Florentinus,
1592 1823 1873 1883 suprascripta
1900 1841 1951 1870 ex

126 1888 431 1935 commissione
449 1887 556 1934 mihi
573 1887 681 1936 facta
697 1906 720 1936 a
733 1889 956 1950 praedictis
971 1892 1027 1937 D.
1046 1889 1353 1938 Bartholomeo
1369 1890 1484 1938 Scala
1499 1905 1540 1938 et
1557 1892 1755 1939 Antonio
1772 1892 1955 1939 Mariani

126 1955 393 2003 cancellariisl
417 1956 500 2004 hoc
522 1957 773 2004 mandatum
794 1959 938 2018 scripsi
958 1973 999 2005 et
1019 1959 1185 2019 signum
1208 1977 1355 2006 meum
1378 1960 1558 2020 apposui
1578 1975 1846 2007 consuetum.

1022 2102 1046 2142 5

309 2169 424 2207 ΤΗΕ
446 2171 734 2209 SIGNORIA
758 2171 833 2210 OF
855 2172 1164 2211 FLORENCE
1184 2172 1262 2211 To
1285 2173 1434 2212 POPE
1455 2173 1653 2212 SIXTUS
1675 2175 1753 2212 1v²

882 2241 930 2277 21
951 2238 1052 2290 July
1076 2242 1180 2279 1478

208 2330 302 2369 Miss
323 2332 382 2377 49,
404 2329 488 2370 fols.
510 2334 692 2378 54v-55v‚
713 2330 901 2383 chancery
918 2331 1027 2380 draft3
1050 2331 1131 2380 1301,
1152 2331 1236 2373 fols.
1257 2336 1385 2381 6v—8r‚
1405 2332 1558 2373 headed:
1582 2335 1735 2386 ‘Xystus
1757 2349 1854 2386 papa

209 2386 262 2424 iiii
283 2386 429 2438 scripsit
449 2399 486 2426 et
507 2386 552 2426 ad
571 2386 795 2427 eiiciendum
818 2403 838 2428 e
856 2388 1003 2428 civitate
1025 2389 1269 2429 Laurentium
1288 2388 1530 2430 Florentinos
1550 2389 1677 2430 multis
1698 2390 1855 2431 iniiectis

209 2441 307 2482 falsis
329 2442 551 2483 criminibus
575 2442 747 2484 hortatus
770 2457 835 2484 est.
860 2446 962 2484 Cum
983 2444 1065 2485 illae
1086 2444 1230 2485 litterae
1251 2459 1372 2486 essent
1394 2445 1697 2499 frequentissimo
1722 2460 1853 2487 senatu

209 2498 393 2546 recitatae,
411 2499 462 2539 ita
477 2498 670 2539 decretum
687 2513 741 2540 est
757 2513 799 2540 ut
815 2500 1130 2553 responderetur’;
1148 2501 1323 2542 included
1339 2502 1379 2541 in
1393 2505 1442 2542 A.
1460 2502 1602 2551 Gallus,
1621 2505 1855 2543 Commenta-

122 2869 297 2957 244-04511
311 2869 424 2912 Muzi,
442 2868 504 2906 the
518 2869 652 2907 second
669 2869 897 2914 Chancellor,
911 2885 968 2908 see
984 2870 1088 2915 Scala,
1106 2875 1229 2915 21‚138
1247 2875 1363 2917 [9,96];
1383 2873 1510 2916 Marzi,
1529 2872 1750 2916 Cancellert'az,
1767 2876 1845 2917 221,
1862 2877 1939 2916 231,

202 2972 219 2996 ‘¹
232 2980 297 3015 On
310 2979 412 3016 Piero
426 2980 597 3023 Cennini,
608 2994 664 3017 see
677 2979 721 3017 de
734 2980 767 3018 la
779 2984 890 3024 Mare,
905 2983 1012 3018 ‘New
1024 2981 1197 3019 Research
1209 2996 1261 3019 on
1273 2983 1467 3020 Humanist
1480 2983 1640 3027 Scribes‚’
1654 2987 1773 3027 no.60‚
1788 2987 1934 3021 526-29.

203 3039 215 3053 ²
231 3035 308 3074 The
324 3036 430 3074 letter
443 3051 514 3075 was
530 3039 677 3075 written
692 3039 731 3075 in
746 3038 847 3087 reply
862 3051 902 3076 to
917 3039 980 3077 the
994 3042 1119 3088 pope‘s
1136 3039 1241 3078 letter
1253 3040 1295 3078 of
1307 3045 1328 3077 7
1341 3040 1425 3089 July
1439 3052 1478 3078 to
1495 3040 1558 3078 the
1574 3041 1797 3079 Florentines
1812 3042 1864 3089 (in
1881 3043 1936 3086 Ri,

122 3090 186 3125 MS
203 3091 282 3132 913,
298 3087 379 3126 fols.
400 3092 561 3134 69r-71r,
579 3091 703 3134 ASMi,
721 3092 800 3128 SPE
818 3093 934 3129 Roma
952 3091 1007 3140 86)
1026 3091 1149 3140 asking
1165 3091 1267 3130 them
1282 3104 1321 3130 to
1339 3092 1440 3141 expel
1458 3095 1622 3131 Lorenzo
1638 3092 1695 3131 de’
1713 3093 1847 3131 Medici
1863 3107 1898 3131 as
1916 3108 1935 3131 a

122 3151 259 3230 ῑῙζιῖι-ιέῑέ
275 3140 453 3231 Ἐέἓῑῖεὲτ
470 3155 540 3179 was
560 3141 737 3180 discussed
756 3143 795 3179 in
814 3157 833 3180 a
851 3143 1087 3182 consultative
1104 3145 1260 3192 meeting
1280 3158 1331 3182 on
1353 3148 1391 3182 13
1409 3144 1504 3193 July;
1524 3148 1700 3189 Lorenzo,
1719 3149 1858 3188 Letoere,
1879 3149 1936 3190 HI,
