2118 3444
202 164 294 205 284
1815 168 1953 202 PART
1978 169 2010 201 V

204 327 301 356 mos
323 323 453 369 atque
473 322 735 368 extorquere
756 307 1063 363 assensionem,
1085 307 1341 368 praesertim
1360 307 1395 354 si
1414 306 1548 368 paulo
1571 307 1810 354 accuratius
1830 321 2014 354 tracten-

203 392 287 425 tur:
316 395 458 437 neque
483 377 604 437 prius
633 375 1007 423 animadvertatur
1029 393 1183 422 verum
1211 393 1343 436 quam
1369 393 1470 422 cum
1496 374 1675 422 tandem
1702 374 1849 435 aliquo
1876 374 2014 422 modo

204 446 438 505 contigerit
458 459 507 492 ut
529 445 835 505 experimento
856 444 951 504 ipso
974 458 1103 504 atque
1120 461 1200 490 usu
1222 461 1368 490 rerum
1391 457 1545 490 natura
1565 442 1718 490 melius
1740 442 1867 490 nobis
1889 443 2014 490 inno-

203 527 351 561 tescat.
372 517 446 560 Est
470 513 589 560 enim
611 511 719 559 illud
742 511 957 559 humanae
980 512 1139 558 mentis
1159 512 1390 572 proprium
1414 511 1607 558 veritatis
1626 510 1727 558 duci
1747 511 2015 571 quaestione,

204 600 285 629 nec
301 582 422 643 prius
443 581 646 628 desistere
663 598 795 641 quam
813 579 991 641 aliquid,
1010 579 1086 627 ubi
1103 579 1283 627 demum
1303 580 1537 627 consistere
1553 580 1704 640 possit,
1726 579 1955 626 invenerit.
1972 579 2015 626 Si

204 665 366 706 autem,
405 650 631 710 quoniam,
671 663 719 696 ut
755 648 929 696 Platoni
965 666 1141 709 quoque
1177 647 1333 709 placet,
1370 662 1580 708 tanquam
1617 665 1786 695 carcere
1819 646 2013 708 quodam

204 719 395 766 obscuro
413 717 555 765 clausa
571 732 647 774 est,
666 731 885 764 errantem
901 716 1043 764 adhuc
1058 731 1099 763 et
1115 717 1236 777 quasi
1253 716 1569 763 caecutientem
1584 733 1664 763 nec
1679 733 1833 763 verum
1851 716 2016 763 inveni·

204 801 354 834 entem
374 786 591 834 declinare
611 804 635 833 a
652 803 755 833 vera
772 786 927 833 semita
946 784 1165 845 obtigerit,
1188 784 1385 832 mirabile
1406 784 1525 832 dictu
1546 798 1608 832 est
1629 802 1761 845 quam
1780 783 1904 832 facile
1924 801 2016 832 cor-

204 870 313 902 ruat.
333 854 474 914 Quod
490 855 525 901 si
543 854 681 901 malus
699 854 831 901 etiam
847 854 901 900 sit
920 853 1091 900 additus
1104 867 1495 914 praemonstrator,
1514 852 1574 899 nil
1593 852 1749 913 reliqui
1765 870 1852 900 esse
1868 866 2015 913 potest

204 924 312 984 quin
334 924 394 970 ita
411 922 611 970 trahatur
628 923 673 968 in
692 939 899 983 praeceps
917 936 965 969 ut
987 921 1041 969 ad
1058 939 1153 969 eam
1174 920 1444 968 liberandam
1462 922 1536 968 vix
1554 920 1775 968 sufficiant
1796 920 2012 968 humanae

202 993 330 1048 vires,
349 991 426 1038 sed
444 991 766 1052 omnipotentis
786 991 886 1046 Dei,
906 991 995 1051 qui,
1014 990 1172 1037 veritas
1189 990 1292 1050 ipse,
1311 990 1465 1036 unicus
1486 1003 1548 1036 est
1566 990 1761 1036 veritatis
1777 1003 1818 1036 et
1837 989 2016 1036 certissi-

204 1078 301 1107 mus
325 1074 492 1116 auctor,
516 1059 726 1107 auxilium
752 1058 1081 1119 implorandum
1106 1059 1173 1106 sit.

288 1128 422 1175 Unde
440 1128 559 1175 enim
574 1142 702 1188 putas
719 1141 786 1174 tot
804 1141 1036 1187 tantosque
1054 1144 1235 1183 errores,
1254 1141 1295 1174 et
1311 1127 1356 1172 in
1372 1125 1653 1187 philosophia
1671 1140 1713 1173 et
1729 1126 1774 1172 in
1792 1125 2015 1186 religione,

204 1198 291 1244 iam
310 1211 407 1243 tum
430 1214 454 1243 a
471 1197 693 1256 principio
715 1195 804 1242 fere
825 1195 993 1242 conditi
1013 1195 1130 1242 orbis
1153 1194 1326 1242 aliunde
1345 1194 1580 1255 pululasse?
1603 1194 1788 1241 Graecia
1806 1194 1897 1254 ipsa
1915 1211 2015 1254 pro-

204 1264 336 1320 fecto,
362 1282 471 1324 quae
495 1281 669 1324 semper
693 1263 750 1310 ob
775 1281 956 1310 suorum
984 1262 1218 1310 hominum
1243 1262 1438 1323 preclara
1458 1263 1630 1322 ingenia
1654 1276 1695 1309 et
1718 1261 1772 1308 ad
1793 1261 2015 1309 invenien-

204 1332 311 1379 dum
345 1331 740 1391 exornandumque
773 1330 1012 1378 sollertiam
1046 1330 1362 1377 fabulosissima
1398 1329 1494 1386 fuit,
1527 1329 1629 1376 hinc
1662 1344 1831 1376 tantam
1862 1328 2014 1376 habuit

204 1400 535 1460 disciplinarum
557 1399 855 1446 diversitatem
871 1413 919 1446 ut
940 1398 994 1446 ad
1009 1413 1226 1446 sectarum
1246 1416 1480 1445 numerum
1501 1397 1789 1445 ducentarum
1809 1411 1851 1444 et
1869 1411 2015 1445 octua-

202 1469 324 1528 ginta
347 1482 465 1524 octo,
488 1482 537 1514 ut
561 1467 832 1527 Augustinus
859 1481 1013 1514 auctor
1035 1481 1096 1513 est
1121 1467 1166 1512 in
1189 1466 1309 1513 libris
1330 1469 1398 1513 De
1423 1469 1612 1513 Civitate
1630 1468 1747 1522 Dei,'‘
1765 1465 2013 1526 pervenisse

204 1537 291 1583 iam
304 1536 516 1596 potuerit3
534 1550 576 1582 et
591 1535 873 1582 scientiarum
890 1535 1010 1595 quasi
1027 1549 1249 1582 certamen
1264 1534 1487 1595 quoddam
1503 1548 1544 1581 et
1559 1533 1867 1581 confusionem
1886 1533 2016 1581 excit-

204 1605 300 1660 arit,
319 1619 367 1651 ut
387 1605 476 1651 sive
497 1603 549 1650 de
565 1621 743 1650 summo
764 1603 900 1659 bono,
922 1603 1010 1650 sive
1029 1602 1082 1649 de
1099 1602 1334 1649 virtutibus
1354 1617 1599 1663 quaeratur,
1618 1616 1666 1649 ut
1685 1602 1852 1648 maiora
1871 1600 1944 1648 illa
1960 1600 2013 1648 de

205 1672 414 1732 religione
437 1671 725 1719 deliramenta
742 1671 1107 1732 praetermittam,
1128 1670 1237 1716 nihil
1261 1670 1349 1717 fere
1369 1688 1421 1717 ex
1443 1669 1508 1717 his
1531 1687 1640 1730 quae
1661 1684 1762 1717 sunt
1785 1668 1838 1716 de
1858 1686 2014 1730 genere

203 1740 352 1800 aliquo
375 1739 600 1787 bonorum
626 1738 876 1786 defensores
898 1753 1026 1799 atque
1048 1753 1278 1785 assertores
1296 1739 1500 1799 proprios
1525 1755 1618 1784 non
1641 1738 1870 1784 invenerit.
1890 1741 2013 1784 Nam

204 1808 256 1856 de
273 1808 427 1855 dolore
445 1807 624 1868 quidem
641 1822 713 1855 aut
730 1806 1109 1868 aegritudine—ita
1125 1807 1242 1854 enim
1259 1824 1459 1867 asperum
1476 1806 1611 1854 animi
1627 1820 1802 1853 motum
1818 1823 2015 1867 praesen-

203 1878 258 1924 tis
273 1876 453 1923 alicuius
471 1876 574 1923 mali
591 1876 802 1936 opinione
823 1875 1029 1936 appellari
1046 1875 1214 1922 malunt
1231 1893 1362 1936 quam
1380 1874 1662 1922 dolore—etsi
1677 1873 2011 1921 similitudinem

204 1945 340 1992 animi
363 1944 626 1991 morborum
652 1958 693 1990 et
713 1944 923 2004 corporis,
948 1958 989 1990 et
1007 1961 1113 1990 vero
1134 1943 1326 2003 quidem,
1349 1942 1572 1998 inducant,
1592 1957 1754 1998 tamen,
1774 1942 1863 1989 sive
1883 1941 2014 1989 dolor

204 2012 274 2059 ille
298 2013 351 2060 sit
375 2013 464 2059 sive
489 2011 716 2072 aegritudo
741 2011 1047 2072 nuncupanda,
1075 2011 1183 2057 nihil
1209 2011 1335 2058 nobis
1362 2010 1552 2068 afferunt
1572 2024 1746 2071 praeter
1768 2010 2013 2057 contentio-

204 2099 307 2128 nem
339 2095 380 2127 et
407 2081 528 2141 quasi
559 2079 917 2140 digladiationem
946 2079 1166 2140 quandam
1191 2079 1413 2140 perpetuis
1442 2096 1596 2126 eorum
1627 2077 2009 2139 disputationibus,

204 2147 348 2196 dum27
372 2149 631 2209 sapientiam
656 2149 803 2196 nescio
828 2166 959 2209 quam
982 2147 1224 2195 defendunt
1247 2162 1375 2208 atque
1397 2146 1766 2208 complectuntur,
1793 2164 1902 2207 quae
1924 2160 2016 2193 tan·

204 2235 337 2278 quam
356 2235 408 2264 ex
427 2217 634 2264 altissima
651 2216 825 2277 specula
844 2216 1050 2277 despiciat
1069 2230 1125 2272 et,
1144 2217 1264 2276 quasi
1283 2215 1337 2263 ad
1351 2233 1394 2263 se
1414 2215 1522 2262 nihil
1543 2215 1734 2262 humana
1750 2215 2014 2275 pertineant,

204 2285 435 2333 ambitiose
454 2299 712 2332 contemnat
730 2303 778 2332 ac
792 2303 876 2345 pro
894 2284 1034 2331 nihilo
1054 2284 1221 2332 habeat.
1240 2283 1379 2343 Quod
1396 2284 1513 2331 bona
1530 2301 1684 2331 eorum
1701 2283 1829 2330 venia
1844 2282 2013 2330 dictum

203 2354 271 2410 sit,
297 2371 389 2400 non
411 2353 543 2400 video
565 2371 655 2413 quo
678 2352 816 2400 modo
840 2353 920 2413 ipsi
943 2352 1121 2413 quidem
1142 2353 1228 2399 sint
1252 2351 1528 2399 existimandi
1548 2352 1774 2412 sapientes.

288 2426 349 2468 Ea
383 2422 502 2468 enim
538 2420 694 2468 afferre
729 2435 769 2468 et
801 2421 1050 2481 praecipere
1086 2420 1338 2467 hominibus
1376 2438 1485 2480 quae
1520 2419 1771 2466 humaniter
1804 2419 2013 2479 consequi

205 2489 408 2536 homines
432 2507 524 2536 non
546 2490 728 2550 possint.
754 2488 879 2548 Quid
900 2488 1017 2536 aliud
1037 2502 1098 2535 est
1121 2506 1267 2549 quam,
1289 2487 1407 2535 nulla
1428 2487 1482 2535 ad
1500 2501 1698 2534 auctores
1720 2487 1835 2547 ipsos
1857 2486 2012 2533 redun-

204 2557 335 2605 dante
354 2557 557 2614 utilitate,
578 2556 737 2604 frustra
755 2575 798 2604 se
820 2556 1023 2604 iactando
1042 2571 1171 2617 atque
1191 2555 1455 2603 ostentando
1476 2555 1709 2602 hominum
1732 2554 1875 2602 studia
1894 2554 1949 2602 ad
1965 2572 2009 2602 se

205 2627 348 2686 ipsum
377 2625 557 2672 tandem
586 2624 964 2672 contemnendum
993 2626 1181 2672 irritare?
1209 2624 1417 2672 Afferunt
1445 2639 1593 2671 tamen
1619 2628 1790 2679 Brutos,
1818 2625 2013 2683 Torqua-

204 2708 315 2750 tum,
337 2694 603 2749 Maximum,
626 2693 823 2749 Paulum,
848 2697 1083 2748 Catonem,
1106 2707 1147 2739 et
1168 2710 1220 2739 ex
1240 2693 1419 2739 Graecis
1438 2691 1740 2747 Telamonem,
1763 2695 2013 2750 Anaxagor-

204 2779 289 2817 am,
310 2761 546 2817 Theseum,
567 2760 901 2821 compluresque
924 2760 1043 2816 alios,
1063 2759 1337 2807 mulierculas
1357 2760 1488 2806 etiam
1507 2758 1775 2814 fortissimas,
1795 2773 1843 2805 ut
1864 2758 1909 2804 hi
1927 2757 2013 2805 col·

204 2829 343 2889 ligunt
373 2830 447 2889 qui
473 2828 796 2875 consolationes
823 2828 1009 2875 scribere
1036 2842 1370 2875 consueverunt.
1399 2826 1691 2874 Indolentiam
1717 2841 1866 2873 tamen
1891 2825 2010 2872 illam

203 2915 326 2944 suam
353 2898 442 2944 sive
467 2897 616 2956 potius
643 2911 870 2956 stuporem
900 2896 1009 2942 mihi
1037 2913 1128 2942 non
1153 2895 1427 2955 persuadent.
1454 2895 1545 2941 Etsi
1570 2895 1688 2941 enim
1716 2893 1891 2940 fortiter
1914 2892 2011 2940 illos

204 2964 351 3011 tulisse
371 2963 495 3011 facile
513 2963 773 3010 crediderim
791 2963 1021 3023 dolorique
1040 2962 1224 3009 viriliter
1240 2963 1554 3023 repugnavisse,
1575 2976 1723 3008 tamen
1741 2960 1849 3007 nihil
1869 2960 2009 3007 omni-

283 3181 299 3196 '‘
320 3179 407 3214 CD.
427 3180 559 3220 XIX,1.
