2124 3464
117 177 347 212 PRIVATE
373 176 601 211 LETTERS
1860 165 1917 206 69

201 315 346 362 Siamo
364 328 475 361 stato
494 328 616 360 tanto
635 312 832 372 occupati
851 326 891 358 et
911 311 1156 358 coll’animo
1175 325 1216 357 et
1235 310 1331 357 coll’
1352 327 1483 370 opera
1499 309 1564 370 gia
1582 309 1604 356 ὲ
1624 309 1706 356 due
1725 309 1769 356 di
1787 327 1811 356 3
1830 327 1945 369 ques-

117 398 160 431 ta
189 381 318 430 difesa
345 381 388 429 di
418 380 555 437 Colle,
585 380 663 428 che
691 397 807 441 poco
837 379 945 427 altro
973 378 1030 426 s’e
1057 393 1217 439 potuto
1248 377 1344 425 fare.
1374 377 1675 433 Nondimeno,
1706 395 1797 424 non
1825 394 1936 424 sono

117 451 389 499 dimentioete
407 449 446 497 le
465 449 640 505 muline,
659 447 713 495 ne
729 448 853 503 Vico,
873 465 944 494 ma
961 447 1310 494 continuamente
1326 447 1360 493 si
1377 464 1431 493 va
1448 445 1688 493 ordinando
1707 445 1823 492 l'una
1840 463 1938 492 cosa

117 534 158 567 et
178 518 313 566 l’altra
331 532 373 565 et
393 517 480 565 cosi
501 516 707 564 facciamo
727 530 768 563 et
789 515 953 563 faremo
974 516 1018 561 in
1037 529 1152 562 tucte
1172 514 1303 562 l’altre
1323 529 1463 561 vostre
1484 514 1789 561 commissioni.

202 587 363 646 Questi
385 586 557 646 Signori
583 583 776 632 Deifebo
798 599 840 631 et
864 582 1109 631 Antonello
1134 582 1297 630 dicono
1320 597 1529 630 staranno
1551 583 1713 629 ancora
1736 581 1926 629 domane

117 656 192 716 qui
211 672 293 716 per
311 653 469 701 vedere
490 652 638 714 quello
660 652 740 700 che
762 651 947 699 faranno
968 655 1004 699 e’
1028 651 1180 698 nimici
1202 650 1391 698 domane
1413 668 1437 698 a
1458 650 1600 698 Colle.
1623 651 1686 696 Di
1705 651 1782 711 poi
1803 667 1847 697 se
1869 667 1924 697 ne

115 722 313 784 voglono
331 736 524 777 tornare,
541 719 702 782 perche
721 738 813 767 non
833 720 872 767 ci
889 719 1071 767 essendo
1090 719 1128 766 el
1147 737 1305 780 campo
1324 733 1366 766 et
1384 736 1476 765 non
1494 719 1530 765 si
1546 717 1747 779 potendo
1767 717 1926 765 andare

115 792 407 839 sicuramente
431 807 455 837 a
477 789 793 845 sachomanno,
821 806 913 835 non
938 787 1134 835 arebono
1158 788 1323 843 strami,
1350 802 1391 834 et
1415 786 1532 834 fuori
1557 786 1670 834 della
1691 801 1807 833 terra
1829 804 1922 833 non

115 858 312 920 voglono
332 857 535 919 allogiare
554 875 635 918 per
654 875 746 904 non
764 859 947 904 v’essere
966 856 1108 903 sicuri.
1129 858 1306 903 Drento
1325 855 1466 917 questi
1487 854 1690 902 huomini
1713 855 1759 901 in
1781 872 1922 902 nessu-

116 945 177 975 no
196 926 335 974 modo
352 926 410 987 gli
427 925 637 986 voglono,
660 940 701 972 et
718 926 816 986 oggi
833 923 993 986 perche
1010 924 1195 971 vollono
1214 938 1385 971 entrare
1401 925 1447 970 in
1466 938 1582 970 certe
1599 941 1692 970 case
1706 941 1787 984 per
1803 922 1927 970 fot-La

116 995 230 1042 nella
248 1009 378 1050 terra,
396 993 613 1041 avendovi
635 994 710 1040 noi
730 992 920 1053 allogiati
940 992 1113 1048 dentre,
1133 1010 1259 1039 come
1278 993 1323 1038 vi
1340 992 1557 1039 scrivemo
1579 992 1748 1047 iersera,
1767 1006 1923 1038 contra

116 1081 140 1110 3
157 1062 257 1110 loro
275 1061 473 1117 volonta‚
493 1079 634 1122 naque
652 1078 745 1108 uno
763 1060 975 1108 scandolo
994 1059 1073 1107 che
1091 1061 1130 1107 ci
1148 1059 1334 1120 bisogno
1355 1059 1592 1120 adoperare
1611 1060 1714 1119 ogni
1734 1058 1925 1106 autorita

116 1145 266 1178 nostra
284 1144 326 1177 et
342 1130 446 1190 ogni
465 1143 615 1176 nostra
631 1128 843 1176 industria
859 1146 940 1189 per
954 1127 1180 1175 mortarlo.
1199 1131 1251 1175 Se
1265 1128 1524 1188 partiranno
1542 1145 1669 1174 come
1686 1126 1923 1183 crediamo,

114 1198 294 1247 sarebbe
315 1197 459 1245 molto
480 1197 768 1258 approposito
790 1196 901 1244 delle
920 1214 1018 1244 cose
1039 1195 1083 1243 di
1102 1214 1200 1257 qua,
1219 1195 1378 1243 stando
1397 1195 1435 1243 el
1455 1213 1613 1256 campo
1635 1213 1658 1243 a
1678 1195 1821 1251 Colle,
1842 1195 1922 1242 che

115 1285 272 1315 messer
300 1268 492 1314 Tomaso
523 1265 567 1313 di
594 1265 746 1313 Saluzo
777 1265 935 1312 venisse
966 1283 990 1312 a
1019 1264 1242 1312 Gambassi
1273 1263 1381 1312 colla
1409 1282 1484 1312 sua
1514 1264 1779 1325 compagnia,
1809 1281 1935 1311 come

115 1353 270 1383 avamo
285 1335 446 1396 scripto
464 1338 499 1381 a'
519 1334 797 1382 commissarii
813 1334 857 1380 in
874 1351 1042 1395 campo.
1062 1332 1297 1380 Antonello
1316 1351 1406 1380 non
1424 1333 1461 1380 ci
1479 1332 1658 1394 epunto
1676 1332 1719 1380 di
1735 1333 1877 1393 gratia,
1895 1347 1936 1379 et

115 1421 272 1452 messer
290 1406 482 1451 Tomaso
504 1403 542 1450 ci
563 1402 585 1450 ὲ
606 1402 646 1450 13
665 1402 947 1463 grandissima„
970 1405 1139 1461 Questo
1161 1419 1331 1458 amano,
1353 1401 1495 1463 quello
1519 1401 1663 1449 hanno
1684 1402 1728 1447 in
1750 1400 1866 1448 odio.
1890 1404 1931 1447 A

116 1473 191 1519 noi
210 1472 387 1532 bisogna
406 1470 616 1518 ricordare
637 1470 712 1518 alle
732 1471 920 1531 Signorie
939 1474 1094 1517 Vostre
1114 1484 1235 1517 tucto
1256 1469 1398 1531 quello
1419 1469 1496 1517 che
1517 1469 1794 1517 intendiamo.

198 1540 248 1586 El
270 1540 451 1600 Signore
475 1540 654 1586 Giovan
675 1538 859 1595 Savello,
883 1538 920 1586 el
943 1538 1068 1600 quale
1090 1538 1112 1585 ὲ
1133 1556 1194 1585 un
1215 1556 1322 1599 gran
1343 1538 1511 1599 rigoglo
1534 1552 1689 1585 nostro
1711 1552 1867 1585 contra
1887 1541 1925 1585 a’

115 1609 281 1665 nimici,
310 1608 414 1669 ogni
441 1607 486 1655 di
512 1607 535 1655 ὲ
562 1625 586 1655 3
611 1608 687 1655 noi
715 1622 757 1654 et
783 1607 881 1668 oggi
907 1625 988 1668 per
1011 1606 1167 1654 ultima
1194 1606 1475 1654 conclusione
1506 1607 1545 1654 ci
1571 1605 1595 1654 ὲ
1621 1605 1752 1654 decto
1777 1605 1857 1653 che
1884 1606 1925 1653 13

114 1677 375 1738 compagnia
400 1694 477 1724 sua
501 1694 545 1724 se
572 1694 627 1723 ne
651 1691 775 1737 parte
799 1677 845 1722 in
873 1675 1011 1723 modo
1036 1675 1094 1736 gli
1122 1675 1327 1723 abbiamo
1352 1676 1533 1737 prestati
1559 1675 1706 1723 ducati
1734 1673 1815 1722 10.³
1842 1678 1925 1722 Per

113 1746 221 1801 Dio,
241 1745 365 1792 nollo
385 1744 536 1792 lassate
553 1744 750 1805 perdere,
769 1744 849 1791 che
867 1745 902 1791 si
920 1744 1189 1805 perderebbe
1207 1762 1300 1791 uno
1319 1745 1521 1791 animoso
1542 1743 1808 1791 difenditore
1828 1761 1923 1790 nos-

114 1827 200 1869 tro,
223 1827 265 1860 et
287 1812 488 1859 sollecito
512 1827 554 1859 et
577 1813 695 1868 vivo,
720 1826 762 1859 et
784 1811 864 1859 che
888 1829 980 1859 non
1004 1812 1113 1859 vede
1134 1811 1293 1859 alcuno
1316 1811 1514 1872 pericolo
1538 1811 1717 1872 quando
1740 1811 1764 1858 ὲ
1787 1829 1811 1858 3
1834 1810 1923 1858 fare

114 1898 215 1928 cosa
235 1880 315 1928 che
337 1879 464 1928 crede
485 1879 565 1927 che
586 1881 647 1927 sia
666 1898 746 1940 per
763 1894 879 1927 stato
901 1895 1067 1927 nostro.
1092 1879 1363 1940 Mandategli
1382 1879 1565 1940 qualche
1587 1879 1758 1927 denaiO.

197 1948 401 1996 Mandate
426 1947 603 2009 qualche
626 1966 749 1995 soma
771 1948 815 1995 di
838 1947 969 1995 lancie
995 1947 1049 1995 da
1069 1947 1139 2009 pie
1164 1963 1204 1995 et
1229 1947 1283 1995 da
1305 1947 1477 2004 oevallo,
1502 1947 1580 1995 che
1604 1966 1696 1995 non
1719 1966 1766 1995 ce
1791 1947 1859 1995 n'e
1884 1947 1936 1995 al-

113 2035 235 2074 cuna,
256 2031 297 2064 et
315 2031 504 2064 stamane
524 2016 754 2064 essendone
773 2016 926 2064 chieste
947 2031 988 2064 et
1007 2016 1060 2064 da
1079 2016 1277 2064 huomini
1296 2016 1456 2064 d'arme
1475 2031 1516 2064 et
1537 2016 1590 2064 da
1608 2015 1713 2064 fanti
1731 2034 1755 2064 a
1771 2015 1841 2077 pie
1858 2034 1938 2077 per

113 2085 266 2133 andare
286 2103 311 2132 a
328 2103 546 2133 socorrere
566 2085 703 2142 CoHe,
722 2086 903 2146 pensino
923 2085 961 2132 le
980 2086 1168 2146 Signorie
1187 2089 1342 2133 Vostre
1361 2103 1403 2133 se
1422 2085 1461 2132 le
1482 2084 1810 2133 desideravamo.

195 2153 408 2201 Mandate
432 2153 544 2201 della
565 2153 760 2214 polvere,
788 2153 867 2201 che
893 2171 985 2201 non
1010 2155 1046 2201 si
1070 2172 1265 2215 possono
1294 2153 1531 2215 adoperare
1554 2153 1611 2214 gli
1637 2154 1921 2215 scoppettieri

111 2225 229 2269 sanz’
254 2240 357 2278 essa,
381 2221 435 2269 ne
458 2221 546 2269 fare
567 2221 721 2269 alcuna
742 2221 877 2269 difesa
897 2221 941 2269 di
962 2237 1113 2283 questa
1133 2237 1248 2270 terra
1267 2222 1445 2283 quando
1467 2222 1726 2283 bisognasse.

196 2294 374 2337 Avamo
392 2291 558 2351 scripto
579 2291 724 2337 insino
745 2291 820 2351 qui
840 2305 882 2337 et
901 2290 938 2337 el
958 2291 1115 2351 Signor
1132 2290 1325 2338 Deifebo
1344 2291 1383 2338 ci
1402 2290 1562 2338 manda
1580 2308 1669 2338 una
1686 2290 1847 2337 lectera
1862 2290 1920 2351 gli

110 2359 249 2406 scrive
274 2376 436 2405 messer
458 2359 663 2406 Antonio
687 2361 886 2415 Donato,
909 2358 1192 2420 proveditore
1216 2358 1283 2406 de'
1306 2359 1536 2406 Vinitiano
1563 2359 1608 2405 in
1632 2366 1821 2420 campo.c
1843 2358 1920 2406 Gli

112 2426 330 2474 comanda
346 2426 426 2474 che
445 2426 693 2474 domattina
709 2427 840 2474 debbi
859 2445 994 2475 essere
1012 2445 1098 2475 con
1116 2442 1236 2475 tucta
1251 2427 1291 2475 la
1306 2445 1382 2475 sua
1401 2428 1661 2489 compagnia
1679 2446 1703 2475 a
1718 2431 1803 2475 San
1820 2431 1922 2475 Cas-

111 2495 240 2541 ciano
259 2512 284 2541 3
304 2494 388 2541 due
410 2495 517 2541 hore
540 2513 568 2541 o
589 2509 654 2542 tre
675 2495 719 2542 di
739 2495 797 2551 di,
818 2510 860 2542 et
880 2495 959 2542 che
980 2495 1080 2542 vadi
1099 2513 1178 2556 per
1195 2495 1236 2542 la
1255 2497 1325 2542 via
1345 2495 1512 2542 diricta.
1532 2495 1699 2542 Partira
1716 2495 1922 2542 domatti-

112 2579 181 2618 na,
202 2579 295 2609 non
315 2563 512 2622 sapiamo
533 2562 681 2623 quello
703 2562 783 2609 che
802 2562 934 2609 vorra
952 2562 1041 2610 fare
1062 2563 1319 2610 Antonello.
1344 2566 1446 2610 Con
1468 2563 1612 2624 quegli
1633 2563 1713 2610 che
1735 2564 1774 2610 ci
1795 2578 1921 2610 reste·

113 2647 267 2686 ranno,
291 2629 461 2677 faremo
482 2629 519 2677 el
542 2645 697 2677 nostro
719 2630 883 2677 debito.

195 2698 361 2758 Signori
381 2698 528 2754 nostri,
550 2697 747 2745 mandate
767 2716 852 2759 qua
870 2698 907 2745 el
928 2716 1083 2759 campo
1104 2713 1145 2746 et
1166 2717 1257 2745 non
1277 2698 1466 2746 dubitate
1487 2698 1564 2746 che
1585 2698 1676 2746 Idio
1698 2699 1735 2746 ci
1755 2698 1924 2746 aiutera.

196 2765 298 2812 Α113
314 2766 514 2826 Signoria
534 2769 695 2813 Vostra
715 2766 754 2813 ci
775 2766 1171 2814 raccomandiamo.
1195 2770 1259 2813 Ex
1281 2770 1442 2814 Sancto
1461 2761 1752 2814 Geminianod
1774 2766 1843 2814 die
1869 2771 1917 2813 18

112 2833 326 2880 Octobris
353 2838 472 2880 1479.
497 2833 833 2881 Bartholomeus
856 2834 975 2882 Scala
994 2849 1036 2882 et
1057 2835 1155 2882 Pier
1173 2836 1354 2882 Vectori
1375 2835 1689 2882 commissario.

191 3025 205 3040 ⁶
222 3020 367 3060 Elected
387 3024 583 3060 ‘oratorem
601 3034 636 3060 et
654 3023 880 3071 provisorem
903 3054 932 3060 ..
951 3036 1035 3060 cum
1054 3022 1214 3061 mandati
1233 3035 1269 3061 et
1287 3037 1371 3061 cum
1390 3024 1562 3072 pemniis'
1581 3022 1641 3061 for
1661 3022 1831 3061 Florence
1850 3022 1921 3061 and

111 3075 347 3164 ἷιιὲῧηξὲῑῐὲ
360 3073 634 3163 12128ερῑεω1κῐ,
650 3073 741 3112 after
751 3073 815 3112 the
828 3073 889 3112 fall
904 3073 945 3112 of
957 3075 1089 3123 Poggio
1107 3074 1301 3123 Imperiale,
1318 3078 1494 3119 Lorenzo,
1508 3078 1647 3118 Lettere,
1663 3078 1721 3118 IV,
1742 3078 1817 3118 188,
1833 3086 1920 3112 note

190 3177 207 3202 ‘³
225 3184 445 3222 Geminiano
463 3185 693 3222 exCasciano
713 3198 799 3222 corr.
817 3187 892 3222 MS.
