2124 3464
203 158 259 199 62
1835 163 1974 197 PART
1999 164 2013 197 I

203 303 258 350 da
272 307 357 350 San
374 307 617 350 Francesco
635 316 676 349 et
696 301 1001 348 chiovoronne
1022 319 1109 348 una
1127 319 1149 348 e
1167 315 1418 348 tornorono
1439 319 1463 348 a
1478 301 1764 358 salvament03
1784 316 1826 348 et
1841 302 1919 362 poi
1937 301 2018 349 che

203 371 368 418 furono
389 370 563 426 dentro‚
582 384 783 417 trassono
801 387 824 416 a
840 387 932 416 uno
951 383 1094 416 tracto
1106 368 1308 430 parechie
1325 368 1554 430 spingarde
1573 368 1652 416 che
1671 387 1805 416 erano
1819 387 2018 430 prepara-

202 454 245 487 te
267 457 290 486 a
312 438 395 495 cio,
420 453 461 486 et
484 438 551 486 de'
576 438 727 485 nimici
751 437 830 485 che
852 438 1133 498 seguitavano
1157 441 1193 484 e'
1218 438 1356 485 nostri
1379 436 1556 485 feciono
1579 438 1683 485 assai
1705 437 1867 485 danno.

287 508 560 555 Domactina
582 506 838 554 mandiamo
861 524 954 553 uno
980 506 1152 553 enterra
1173 507 1218 552 in
1243 506 1370 553 Colle
1397 521 1438 553 et
1461 506 1626 553 doman
1650 506 1702 553 de
1724 524 1818 554 sera
1841 506 2020 554 tornera

203 595 226 624 a
249 577 339 633 noi,
363 575 525 637 perche
550 575 573 623 a
595 574 822 622 comodita
845 574 889 622 di
910 574 1086 636 poterlo
1111 573 1214 631 fare,
1239 589 1280 621 et
1303 574 1610 621 intenderemo
1630 574 2018 635 particularmente

202 663 330 693 come
355 644 393 692 le
419 662 518 692 cose
542 659 703 692 stanno
729 658 770 691 et
795 643 932 691 anche
956 643 1013 704 gli
1039 643 1326 691 manderemo
1352 661 1375 691 a
1399 642 1650 691 confortare
1675 643 1786 691 colle
1810 661 2018 705 speranze

202 714 282 761 che
321 713 503 774 bisogna
543 728 585 760 et
624 713 881 760 aviseremvi
920 712 1067 773 quello
1107 712 1185 759 che
1226 711 1546 769 intenderemo‚
1586 711 1755 760 benche
1795 712 2018 760 crediamo

202 786 367 829 n'arete
389 781 499 829 costi
522 782 625 842 ogni
646 781 920 842 particulare.

287 854 462 909 Questo
483 850 563 897 che
581 850 708 897 viene
728 849 772 896 di
790 849 831 896 la
848 849 942 896 dice
961 849 1040 896 che
1059 850 1194 896 intese
1215 849 1559 910 aparechiavano
1576 867 1663 896 una
1682 867 1788 910 gran
1806 849 2023 897 cavalcata

202 920 247 965 in
267 918 348 966 Val
372 918 560 965 d'Arno.
585 922 643 965 Le
663 919 860 978 Signorie
881 922 1040 965 Vostre
1064 917 1249 965 faranno
1268 936 1398 978 sopra
1419 919 1521 978 ogni
1545 936 1644 965 cosa
1664 917 1807 979 quella
1826 917 2014 978 pruden-

201 988 367 1034 tissima
390 986 706 1034 deliberatione
729 986 808 1033 che
830 987 874 1033 vi
894 986 1034 1047 parra,
1057 1001 1099 1033 et
1120 1004 1144 1033 a
1165 987 1241 1033 noi
1263 987 1516 1033 scriverrete
1538 986 1685 1047 quello
1708 986 1788 1034 che
1811 986 2017 1034 abbiamo

201 1073 225 1102 a
244 1054 332 1102 fare
353 1070 395 1102 et
416 1054 713 1115 nell’eseguire
736 1058 772 1101 e'
795 1054 1154 1101 comandamenti
1172 1055 1309 1101 vostri
1331 1072 1423 1101 non
1446 1054 1681 1101 manchera
1701 1055 1746 1100 in
1766 1055 1858 1101 Dio
1879 1053 1976 1102 fede
1996 1072 2018 1101 e

201 1123 427 1183 diligentia
447 1122 675 1183 singulare.

286 1194 469 1238 Doman
493 1190 547 1238 da
564 1209 658 1237 sera
679 1190 700 1237 ὲ
724 1190 931 1237 ordinato
953 1205 1147 1250 guastare
1168 1190 1206 1237 le
1230 1190 1409 1246 muline,
1435 1208 1506 1237 ma
1527 1190 1548 1237 ὲ
1572 1190 1710 1237 molta
1728 1208 1841 1251 poca
1861 1190 1901 1237 la
1922 1189 2020 1238 fede

201 1259 281 1306 che
304 1259 511 1306 abbiamo
536 1260 581 1305 in
605 1259 746 1319 questi
768 1259 1005 1306 executori.
1029 1262 1111 1305 Per
1132 1259 1207 1305 noi
1231 1277 1323 1306 non
1346 1258 1506 1306 restera
1526 1276 1549 1305 a
1570 1258 1670 1305 farsi
1692 1276 1792 1306 cosa
1813 1258 1979 1306 alcuna.

285 1328 347 1374 Di
362 1328 475 1374 Vico
494 1345 655 1374 ancora
671 1327 1033 1374 continuamente
1053 1345 1213 1374 ancora
1227 1327 1456 1388 pensiamo
1475 1326 1657 1388 qualche
1675 1345 1787 1383 cosa,
1808 1341 1849 1374 et
1863 1341 2018 1388 poten-

201 1396 296 1444 dosi
320 1395 537 1457 apichare,
560 1395 730 1443 faremo
752 1395 789 1443 el
813 1395 964 1443 debito
986 1410 1152 1443 nostro.

284 1464 497 1512 Mandate
528 1464 640 1512 della
665 1464 860 1525 polvere‚
894 1464 973 1511 che
1005 1465 1079 1525 qui
1111 1482 1203 1511 non
1234 1464 1255 1511 ὲ
1286 1479 1438 1525 punta,
1470 1479 1511 1512 et
1543 1463 1653 1511 delle
1682 1463 1855 1521 farin[e]
1887 1482 2014 1512 come

199 1533 454 1581 v'abbiamo
481 1533 625 1590 decto,
649 1532 810 1594 perche
837 1551 883 1580 ce
908 1533 977 1580 n'e
1002 1551 1174 1580 somma
1201 1533 1420 1580 necessita.
1447 1533 1545 1580 Alle
1569 1533 1765 1594 Signorie
1792 1537 1951 1580 Vostre
1978 1534 2017 1580 ci

201 1601 624 1649 racommandiamo.

286 1671 385 1717 Pier
410 1671 605 1726 Vectori,
634 1669 671 1717 al
700 1669 825 1731 quale
854 1670 898 1716 io
925 1669 1138 1726 ubidisco‚
1168 1669 1191 1717 a
1216 1669 1373 1717 voluto
1400 1669 1518 1717 ch'io
1545 1670 1683 1717 scriva
1709 1669 1856 1731 quello
1885 1669 1964 1717 che
1991 1669 2020 1717 ὸ

199 1739 366 1799 scripto
389 1738 410 1786 ὲ
433 1753 559 1786 tucto
580 1756 661 1786 suo
682 1756 833 1799 parere
858 1753 899 1785 et
919 1756 995 1785 sua
1018 1738 1344 1786 deliberatione.
1368 1743 1431 1784 Ex
1454 1742 1614 1786 Sancto
1636 1739 1921 1795 Geminiano,
1948 1738 2017 1785 die

200 1807 292 1853 xiiii
315 1806 530 1854 Octobris
554 1806 663 1853 hora
684 1807 804 1867 quasi
827 1821 981 1867 quarta
1000 1807 1142 1853 noctis
1168 1811 1286 1853 1479.
1310 1807 1506 1853 Servitor
1525 1806 1862 1853 Bartholomeus
1884 1805 2017 1853 Scala.

1084 1933 1135 1974 72

565 2003 642 2042 TO
666 2003 782 2041 THE
803 2004 963 2042 DIECI
985 2004 1048 2042 DI
1070 1993 1238 2042 BALiA
1260 2005 1326 2043 IN
1346 2004 1654 2042 FLORENCE

701 2073 783 2111 San
805 2071 1092 2123 Gimignano‚
1117 2074 1164 2111 15
1189 2071 1386 2111 October
1410 2074 1514 2112 1479

284 2148 394 2188 Dieci
418 2150 592 2200 Resp.25‚
617 2147 701 2188 fols.
726 2151 906 2188 328-329.
932 2147 1117 2200 Original.
1143 2150 1365 2200 Secretary’s
1388 2147 1502 2188 hand.
1532 2150 1648 2188 Verso:
1674 2146 1928 2200 ‘[Magnificis]

284 2204 465 2244 Dominis
496 2205 732 2244 Decemviris
763 2205 950 2253 [ci]vitatis
983 2204 1173 2245 Florentie
1204 2204 1384 2253 [dominis
1416 2205 1523 2253 m]eis
1554 2203 1926 2245 observandissimis!

284 2260 398 2301 Recd.
424 2264 467 2301 16
488 2263 578 2301 Oct.
603 2264 693 2301 1479
716 2260 772 2313 (?).

198 2348 429 2409 Magnifici
458 2349 630 2396 domini
660 2350 759 2396 mei.
792 2354 952 2397 Iersera
975 2350 1115 2396 scrissi
1142 2368 1222 2410 per
1248 2350 1557 2396 commissione
1591 2349 1635 2396 di
1662 2350 1790 2396 Piero
1815 2350 2009 2396 Vectori.

199 2420 370 2476 Questa
393 2435 487 2464 sera
509 2417 697 2464 scrivera
721 2435 881 2464 ancora
904 2417 964 2464 lui
991 2432 1032 2464 et
1054 2417 1163 2478 pero
1189 2436 1212 2465 a
1234 2436 1304 2464 me
1328 2417 1509 2465 tochera
1532 2435 1667 2464 essere
1690 2417 1767 2478 piu
1793 2417 1937 2464 breve.
1962 2420 2010 2463 E'

200 2486 352 2532 nimici
374 2485 493 2532 anno
514 2486 611 2546 oggi
634 2486 995 2533 continuamente
1016 2486 1310 2533 bombardato
1332 2486 1474 2542 Colle,
1495 2500 1537 2532 et
1555 2503 1635 2546 per
1653 2486 1797 2532 insino
1820 2503 1844 2532 a
1862 2499 2013 2546 questa

200 2553 309 2600 hora
329 2571 442 2600 sono
466 2553 583 2614 colpi
603 2558 671 2609 43,
694 2568 736 2600 et
754 2572 834 2614 per
853 2553 924 2600 chi
942 2555 1068 2600 viene
1090 2553 1133 2600 di
1152 2553 1206 2610 la,
1228 2553 1306 2600 che
1327 2553 1348 2600 ὲ
1368 2568 1483 2601 stato
1504 2553 1676 2609 mecho,
1699 2553 1817 2600 anno
1838 2554 2014 2600 ruinato

199 2621 236 2668 el
257 2622 456 2668 torrione
478 2621 591 2668 della
608 2621 743 2668 difesa
760 2639 887 2668 verso
907 2625 991 2668 San
1009 2626 1262 2669 Francesco.
1281 2621 1366 2668 Dal
1387 2639 1515 2668 mezo
1536 2622 1580 2667 in
1600 2639 1649 2668 su
1670 2622 1827 2668 restavi
1844 2620 1881 2668 el
1900 2620 2012 2668 sodo

199 2704 241 2736 et
262 2689 283 2736 ὲ
305 2689 424 2737 facto
443 2689 603 2737 dentro
626 2693 661 2737 e'
685 2690 828 2750 ripari.
852 2689 1018 2737 Danno
1042 2689 1152 2737 nelle
1174 2708 1299 2737 mura
1320 2689 1384 2737 fra
1403 2689 1441 2737 le
1463 2689 1546 2737 due
1566 2686 1710 2750 portel
1732 2689 1857 2736 basso
1880 2703 1922 2736 et
1942 2707 2012 2736 an-

199 2775 302 2804 cora
323 2776 415 2804 non
435 2759 469 2804 si
491 2758 657 2805 vedeva
675 2757 904 2805 facessimo
925 2758 1038 2805 altro
1056 2758 1251 2819 proficto
1271 2776 1314 2805 se
1336 2776 1427 2805 non
1450 2757 1471 2804 ὲ
1491 2758 1570 2805 che
1592 2758 1899 2804 intronavano.
1922 2761 2012 2803 An-

200 2825 398 2873 deranno
418 2827 495 2886 poi
519 2825 590 2886 giu
616 2825 932 2886 agevolmente.
958 2831 1017 2873 La
1037 2826 1281 2873 bombarda
1303 2826 1371 2873 del
1396 2829 1510 2886 Papa
1532 2826 1626 2873 dice
1649 2825 1794 2872 ch’era
1815 2826 1967 2886 giunta
1990 2843 2014 2872 a

198 2897 282 2940 San
304 2891 595 2941 Marzialan0²
617 2912 767 2955 presso
791 2912 815 2941 a
836 2894 963 2941 Colle
986 2912 1078 2941 uno
1100 2894 1251 2954 miglio
1275 2909 1316 2941 et
1338 2894 1574 2941 facevanne
1594 2895 1639 2940 in
1662 2911 1820 2954 campo
1843 2893 2014 2953 allegre-

198 2980 261 3009 za.
284 2966 490 3009 Stanocte
510 2980 690 3009 venono
713 2962 767 3009 da
786 2962 913 3009 Colle
937 2959 1038 3009 due³
1061 2980 1146 3009 con
1169 2962 1326 3009 lectere
1345 2980 1368 3009 a
1387 2963 1485 3009 Pier
1504 2962 1685 3008 Vectori
1705 2976 1746 3008 et
1768 2960 2013 3021 d’Agnolo⁸

280 3134 292 3148 ²
311 3129 452 3178 Angelo
473 3131 585 3178 Spini,
606 3129 812 3167 Florentine
830 3129 977 3178 podesta
997 3129 1067 3167 and
1085 3130 1316 3177 commissary
1339 3130 1378 3165 in
1397 3128 1501 3166 Colle
1520 3129 1618 3176 (ASF
1639 3131 1760 3166 Tratte
1780 3131 1834 3172 69,
1853 3127 1917 3166 fol.
1937 3131 2011 3172 33r,

198 3181 258 3219 for
275 3196 346 3219 one
363 3196 449 3230 year
464 3181 562 3219 from
582 3185 625 3219 26
643 3181 860 3230 Nov.1478).
