2124 3458
134 169 307 203 POi-:Ms
1843 158 1933 199 415

254 310 354 352 Nec
374 305 506 352 semel
530 305 722 364 egregios
742 304 889 364 potuit
911 320 1112 363 superare
1134 303 1346 361 Quirites,

340 372 473 419 Unde
496 372 730 419 hominum
756 370 936 418 celebris
957 385 1114 417 cuncta
1132 388 1211 431 per
1231 388 1308 417 ora
1328 370 1460 417 volat.

256 440 438 488 Artibus
462 439 527 487 his
549 440 673 487 cessit
697 438 869 486 Baccho
890 438 1213 499 Macedumque
1233 453 1425 498 tyranno

341 508 472 555 Indus
493 507 760 568 supplicibus
788 525 889 554 nare
911 521 1087 554 coactus
1108 507 1240 567 aquis.
1762 521 1821 552 110

255 577 438 624 Artibus
462 576 527 623 his
549 577 799 636 quicunque
823 593 939 622 nova
959 574 1167 622 ditescere
1187 574 1312 622 laude

339 645 533 705 Cogitat,
558 643 670 691 hanc
690 644 884 704 primum
909 644 1070 704 cogitet
1092 643 1152 690 ire
1173 643 1303 690 viam.

253 716 421 761 Tantus
444 712 703 760 Aristoteles
724 726 939 773 quantum
961 711 1132 759 sudasse
1154 726 1347 772 putatur,

338 785 573 840 Quantum
595 781 841 841 priscorum
865 780 1002 840 gloria
1022 798 1195 827 summa
1218 779 1355 826 Plato!

255 854 389 896 Hunc
412 849 520 895 olim
544 848 699 895 doctae
719 866 798 895 vos
819 849 1110 908 progenuistis
1135 848 1350 903 Athenae,
1760 862 1819 893 115

338 921 390 963 Et
412 917 542 977 patrii
565 917 780 976 imprimis
805 917 1030 962 instituere
1051 915 1163 962 libri.

254 986 337 1031 His
360 1002 452 1031 non
475 998 711 1031 contentus
731 984 883 1044 patriis
905 983 1095 1030 discessit
1117 983 1318 1039 Athenis,

338 1053 530 1112 Aegypti
554 1052 764 1112 quoniam
788 1051 951 1098 discere
970 1069 1089 1098 sacra
1109 1052 1239 1098 iuvat.

253 1124 404 1179 Quem
429 1138 534 1166 mox
559 1119 661 1166 hinc
684 1134 860 1166 revocat
879 1119 1091 1179 sapientia
1111 1118 1383 1179 Pythagorea

337 1192 391 1235 Et
414 1202 563 1234 nostra
587 1187 704 1234 hunc
726 1187 905 1234 tandem
928 1188 1113 1234 Graecia
1131 1191 1293 1247 Magna
1314 1201 1447 1233 tenet.
1761 1202 1820 1232 120

251 1257 320 1303 Sic
342 1256 536 1316 quisquis
560 1255 720 1302 claram
742 1254 893 1302 tendet
914 1255 1167 1315 contingere
1190 1269 1354 1301 metam

336 1328 507 1370 Noctes
529 1338 659 1384 atque
679 1323 770 1370 dies
791 1324 1049 1383 irrequietus
1071 1337 1178 1383 aget.

251 1391 335 1439 Sed
357 1392 503 1438 meriti
524 1406 674 1438 tamen
697 1391 799 1438 hinc
820 1392 912 1438 veri
934 1405 1221 1452 expectentur
1240 1390 1444 1447 honores,

336 1459 543 1507 Defessos
566 1459 745 1507 tandem
766 1459 904 1520 gloria
926 1474 1089 1520 quanta
1109 1461 1278 1506 manet?

252 1528 379 1587 Quid
400 1543 463 1584 tu,
484 1543 631 1575 sancte
651 1542 788 1588 pater,
811 1527 917 1588 quid
937 1542 1000 1583 tu,
1022 1528 1095 1574 Pie
1115 1545 1286 1574 summe
1310 1527 1523 1583 sacerdos,
1760 1542 1819 1573 125

338 1596 521 1643 Artibus
545 1596 610 1643 his
633 1614 782 1642 nonne
807 1595 911 1642 haec
930 1610 1099 1656 sceptra
1118 1613 1322 1656 suprema
1342 1596 1472 1656 geris?

253 1668 403 1723 Quem
427 1665 652 1724 tempsisse
675 1681 870 1724 unquam
894 1664 1059 1711 maiore
1081 1663 1274 1724 pericula
1294 1664 1390 1710 nisu

336 1732 553 1788 Vidimus,
580 1747 653 1779 aut
675 1732 795 1779 libris
818 1731 1058 1792 invigilasse
1082 1733 1235 1792 magis?

251 1800 330 1846 Nil
355 1801 638 1855 intentatum,
660 1800 741 1847 tibi
761 1814 862 1847 sunt
886 1801 1109 1860 incognita
1131 1800 1261 1847 nulla:

336 1872 448 1915 Non
472 1886 604 1924 mare,
628 1886 720 1914 non
742 1883 896 1924 terrae,
915 1867 1056 1915 sidera
1076 1867 1195 1915 nulla
1215 1867 1365 1915 latent.
1760 1883 1820 1913 130

253 1936 444 1984 Assiduo
469 1937 680 1997 quoniam
702 1936 855 1983 studiis
878 1936 1095 1983 incumbis
1120 1936 1326 1992 honestis,

337 2009 401 2052 Ut
422 2005 618 2065 primum
641 2005 788 2065 potuit
811 2004 913 2052 talia
933 2003 1044 2052 ferre
1065 2004 1167 2052 dies.

253 2073 470 2120 Rhetoras
491 2091 539 2120 ac
560 2088 742 2120 cunctos
765 2074 851 2120 iam
874 2074 1127 2133 cognovisse
1150 2088 1302 2134 poetas

338 2141 555 2188 Laudaris.
580 2145 670 2188 Iam
693 2140 745 2188 fis
766 2141 926 2188 nobilis
951 2141 1143 2188 historia.

251 2214 367 2270 Ergo
389 2209 690 2256 voluminibus
716 2210 946 2257 Ciceronis
968 2224 1126 2257 cuncta
1145 2210 1374 2257 revolvens
1760 2225 1818 2256 135

336 2279 569 2338 Decerptis
590 2296 719 2325 ornas
742 2277 926 2325 floribus
950 2278 1050 2325 inde
1073 2296 1232 2325 comas.

252 2349 346 2393 Ore
368 2361 495 2393 sonat
518 2361 673 2393 tenero
695 2364 872 2393 carmen
894 2347 980 2393 iam
1000 2346 1161 2407 grande
1183 2347 1381 2393 Maronis

336 2418 390 2461 Et
412 2432 514 2461 vera
534 2432 609 2461 ore
630 2432 754 2461 sacro
774 2415 1052 2461 vaticinantis
1073 2429 1191 2461 eunt.

253 2486 388 2529 “Sum
411 2483 508 2543 pius
532 2486 716 2538 Aeneas,
739 2497 887 2543 raptos
909 2483 984 2543 qui
1006 2501 1058 2529 ex
1081 2482 1204 2529 hoste
1226 2498 1405 2543 penates

337 2550 484 2597 Classe
507 2550 624 2597 veho
646 2545 888 2606 mecum,”b
911 2550 1112 2611 famaque
1134 2550 1188 2597 ad
1208 2565 1319 2597 astra
1338 2550 1470 2597 volat.
1760 2566 1819 2596 140

251 2620 320 2664 Tu
342 2618 440 2678 pius
464 2622 635 2664 Aeneas
656 2617 821 2665 crudeli
843 2636 894 2664 ex
917 2618 1041 2665 hoste
1064 2618 1314 2679 triumphos

338 2690 427 2732 Iam
451 2685 623 2742 referes,
646 2686 731 2733 iam
754 2700 816 2742 tu,
837 2688 979 2733 Turce
1000 2686 1199 2747 superbe,
1223 2686 1360 2733 cades.

253 2754 336 2801 His
358 2768 508 2801 tamen
530 2758 681 2801 Aenea
700 2754 853 2801 studiis
876 2754 1110 2801 iuvenilior
1132 2769 1247 2801 aetas

337 2821 502 2878 Claret,
525 2823 611 2869 iam
633 2823 805 2869 canitur
826 2840 991 2869 nomen
1012 2822 1174 2883 ubique
1197 2837 1337 2869 tuum.

251 2889 335 2937 Sed
355 2890 468 2937 vires
489 2905 689 2937 crescunt
711 2891 846 2937 animi
869 2890 1161 2938 crescentibus
1183 2891 1307 2937 annis
1759 2905 1818 2936 145

337 2962 391 3004 Et
414 2958 500 3005 iam
522 2957 671 3005 divina
691 2973 839 3005 mente
860 2976 1047 3019 superna
1067 2959 1191 3019 petis.

211 3165 227 3190 '³
244 3170 375 3220 Vergil,
391 3174 494 3215 Am,
513 3174 538 3216 1,
556 3174 703 3210 378-79.
