2118 3444
222 139 310 180 136
1847 146 1986 180 PART
2011 147 2024 180 1

219 284 264 328 in
288 300 364 329 sua
387 282 593 329 absentia.
617 286 670 328 Et
695 282 739 328 io
762 281 908 337 credo,
932 295 1101 328 mentre
1125 281 1300 328 almeno
1323 281 1401 328 che
1425 300 1516 328 non
1538 283 1572 328 si
1598 281 1734 329 fanno
1756 282 1893 330 molte
1916 301 2029 339 cose,

219 365 260 398 et
290 350 369 397 che
396 350 501 397 siate
532 349 621 396 cosi
649 350 797 405 vicini,
828 367 920 396 non
948 348 1176 410 bisognera
1207 348 1407 397 afaticare
1434 349 1673 397 altrimenti
1700 350 2029 408 imbasciadore,

219 419 298 466 che
320 419 381 465 mi
399 436 503 479 pare
522 419 583 465 sia
602 417 749 478 quello
770 417 849 464 che
869 418 942 464 voi
964 417 1178 464 ricordate
1197 435 1221 465 a
1239 436 1308 465 me
1326 436 1406 479 per
1422 432 1569 465 vostra
1586 418 1752 466 lettera.
1772 409 1807 465 fi
1825 437 1932 466 vero
1950 418 2030 466 che

220 487 367 534 harete
389 504 451 534 un
475 504 592 547 poco
615 485 691 547 piu
717 485 880 546 disagio
907 504 930 533 a
951 487 1136 533 scrivere
1160 486 1351 533 anchora
1374 486 1412 533 le
1437 504 1534 533 cose
1558 486 1602 534 di
1625 504 1796 548 campo,
1823 505 1895 534 ma
1917 487 2029 535 colla

219 555 443 615 diligentia
476 569 517 601 et
548 554 783 615 prudentia
813 569 961 601 vostra
991 572 1103 601 sono
1138 569 1260 601 certo
1291 554 1539 602 facilmente
1570 573 1593 602 a
1624 569 1744 602 tutto
1773 555 2023 616 supplirete.

223 623 424 679 Tandem,
445 622 690 683 Magnifico
707 627 874 669 Messer
891 623 1135 682 Bongianni
1158 623 1263 678 mio,
1285 623 1328 669 io
1348 622 1407 669 ho
1428 623 1568 670 inteso
1588 638 1629 670 et
1645 641 1757 670 sono
1779 623 2030 671 desideroso

219 706 260 739 et
281 691 478 751 ubligato
502 690 590 737 fare
612 708 712 737 cosa
732 691 776 736 vi
796 691 972 751 piaccia.

303 758 431 806 Delle
451 777 550 805 cose
569 773 851 819 apartenente
871 758 952 805 alla
969 776 1134 819 guerra,
1154 776 1245 805 non
1263 758 1383 819 piglo
1405 777 1507 806 cura
1524 758 1763 806 altrimenti
1782 760 1827 805 in
1846 760 2032 820 particu-

218 827 305 874 lare
331 827 520 874 darvene
546 827 717 883 notitia,
741 826 901 887 perche
924 844 1005 887 per
1026 826 1179 874 lettere
1199 826 1404 888 publiche
1433 826 1454 874 ὲ
1477 826 1709 874 satisfacto.
1737 831 1911 887 Questo
1936 845 2029 875 non

216 914 349 956 posso
369 895 478 956 pero
498 910 640 942 tacere
658 913 743 942 con
763 896 837 942 voi
857 894 951 951 che,
970 913 1013 942 se
1034 896 1078 941 in
1099 896 1201 956 ogni
1220 895 1352 956 luogo
1373 896 1407 942 si
1426 896 1557 943 usassi
1578 895 1618 943 la
1636 895 1859 956 diligentia
1876 897 1911 943 si
1931 914 2032 944 con-

217 965 359 1020 viene,
380 978 422 1010 et
442 978 613 1010 cotesto
633 964 813 1023 Signore
835 978 876 1010 et
897 964 972 1010 noi
993 963 1090 1010 altri
1110 964 1214 1010 tutti
1232 981 1403 1010 saremo
1425 965 1470 1010 in
1491 964 1688 1024 migliore
1711 982 1860 1011 essere.
1882 965 2028 1011 Parmi

219 1032 298 1079 che
322 1033 383 1079 sia
406 1031 534 1078 fatale
557 1049 643 1078 una
668 1046 863 1078 extrema
885 1031 1145 1092 negligentia
1168 1032 1212 1077 in
1237 1033 1339 1092 ogni
1362 1031 1509 1092 luogo,
1536 1047 1577 1079 et
1600 1047 1751 1092 questa
1773 1032 1852 1079 che
1877 1032 1915 1079 al
1937 1050 2031 1093 pre-

217 1114 339 1147 sente
360 1101 394 1147 si
414 1099 523 1147 vede
542 1100 587 1145 in
610 1104 839 1160 Romagna
858 1100 983 1147 vince
1004 1099 1156 1147 l'altre.
1178 1104 1227 1146 In
1245 1100 1319 1147 voi
1341 1099 1362 1147 ὲ
1381 1099 1664 1160 grandissima
1683 1099 1780 1148 fede
1800 1100 1844 1147 di
1862 1114 1978 1148 tutta
1993 1100 2034 1148 la

218 1168 324 1216 citta
339 1186 420 1229 per
437 1168 478 1215 la
494 1168 730 1229 prudentia
749 1182 790 1215 et
806 1186 887 1229 per
902 1167 942 1215 la
961 1167 1150 1215 autorita
1167 1182 1326 1216 vostra.
1346 1169 1458 1216 Siate
1477 1186 1649 1229 apresso
1670 1186 1693 1216 3
1711 1169 1866 1216 cotesti
1882 1168 2029 1216 Excel-

217 1237 448 1284 lentissimi
480 1238 651 1297 Signori
685 1236 764 1284 che
794 1255 906 1284 sono
938 1238 1218 1297 governatori
1250 1236 1361 1284 della
1387 1255 1552 1298 guerra.
1584 1237 1914 1285 Ricordandolo
1944 1255 2030 1285 con

218 1306 322 1366 ogni
341 1323 506 1362 amore,
528 1320 710 1353 mettete
727 1305 939 1353 industria
959 1320 1000 1353 et
1016 1305 1164 1353 studio
1183 1305 1261 1353 che
1282 1305 1391 1353 costi
1407 1306 1442 1353 si
1462 1305 1570 1353 sacci
1587 1305 1769 1367 qualche
1789 1305 2030 1354 deliberati-

218 1393 303 1421 one
326 1392 406 1435 per
427 1373 615 1421 rimedio
639 1373 683 1421 di
705 1389 854 1434 queste
877 1392 988 1421 cose,

304 1442 502 1501 Quando
527 1441 573 1489 fu
596 1460 681 1502 qua
703 1442 743 1489 13
765 1442 1032 1489 Excellentia
1053 1442 1120 1489 del
1144 1445 1271 1489 Duca
1292 1442 1547 1498 d’Urbino,c
1570 1442 1867 1490 confortando
1889 1460 1970 1503 per
1988 1442 2030 1490 la

218 1525 428 1557 consueta
445 1528 522 1557 sua
540 1511 752 1570 sapientia
771 1525 812 1557 et
830 1509 995 1570 gravita
1011 1509 1052 1557 la
1069 1510 1248 1570 brigata‚
1268 1510 1386 1557 dette
1403 1525 1444 1557 et
1464 1511 1509 1556 in
1527 1510 1707 1571 publico
1728 1525 1770 1558 et
1789 1511 1834 1557 in
1851 1511 2028 1571 privato

218 1593 389 1626 certeza
411 1578 523 1626 della
544 1579 742 1635 victoria,
767 1596 893 1625 come
914 1596 957 1625 se
979 1579 1308 1639 propriamente
1334 1578 1436 1626 fussi
1459 1593 1569 1626 stata
1589 1579 1733 1626 insino
1759 1578 1894 1626 allora
1914 1578 2026 1626 nelle

218 1648 338 1694 mani
361 1662 523 1694 nostre.
544 1651 598 1694 Et
619 1662 886 1694 certamente
905 1646 1056 1694 diceva
1073 1646 1100 1693 il
1121 1665 1241 1704 vero,
1262 1665 1333 1694 ma
1349 1665 1392 1694 se
1414 1647 1441 1693 il
1461 1665 1657 1708 governo
1679 1665 1770 1694 non
1791 1646 1813 1694 ὲ
1831 1647 2026 1695 secondo

218 1715 367 1776 quello
386 1715 490 1771 fine,
507 1715 676 1762 benche
696 1733 788 1762 non
804 1716 838 1762 si
859 1715 990 1762 habbi
1010 1715 1157 1776 quello
1175 1715 1349 1772 effecto,
1367 1715 1642 1762 nondimeno
1661 1715 1702 1763 la
1716 1734 1792 1763 sua
1808 1715 2029 1763 Excellen-

218 1785 278 1830 tia
300 1783 408 1830 disse
433 1783 460 1829 il
484 1801 603 1830 vero.
628 1784 720 1830 Dio
744 1783 888 1843 voglia
912 1783 990 1830 che
1015 1783 1197 1843 qualche
1219 1783 1339 1830 volta
1362 1801 1453 1830 non
1478 1784 1515 1830 ci
1540 1783 1776 1830 habbiamo
1801 1801 2029 1844 accorgere

218 1851 321 1898 delli
343 1852 481 1898 errori
504 1851 597 1898 che.
616 1891 623 1898 .
641 1891 649 1898 .

1088 1994 1167 2035 164

685 2064 763 2103 ΤΟ
785 2065 869 2103 ΑΝ
889 2063 1318 2103 UNIDENTIFIED
1339 2065 1568 2104 PERSON

936 2135 988 2170 24
1008 2134 1181 2183 August
1206 2135 1310 2172 1482

302 2223 365 2265 81⁴.
390 2224 503 2265 Draft
527 2225 579 2276 by
603 2225 730 2265 Scribe
752 2227 801 2273 A,
827 2224 979 2265 headed:
1008 2226 1093 2265 ‘Die
1117 2223 1178 2265 24¹
1203 2225 1364 2277 Augusti
1393 2227 1495 2265 1482'
1522 2224 1595 2265 and
1619 2226 1659 2264 in
1683 2240 1702 2265 a
1723 2224 1817 2265 later
1840 2224 1943 2265 hand

304 2281 568 2333 ‘Postscripta.’
592 2284 873 2333 Fragmentary.

218 2389 258 2430 A
281 2385 465 2432 Citerna
484 2402 555 2432 era
575 2399 736 2432 restato
753 2384 849 2432 solo
873 2385 917 2431 in
939 2403 1030 2432 uno
1049 2403 1167 2445 pozo
1190 2384 1320 2432 allato
1341 2402 1364 2432 a
1381 2402 1468 2432 una
1487 2399 1616 2445 porta
1635 2383 1750 2431 fuori
1772 2384 1884 2432 della
1902 2401 2028 2431 mura

218 2471 355 2514 acqua
369 2471 450 2513 per
467 2453 582 2500 bere.
601 2457 649 2499 E'
673 2454 811 2500 nostri
830 2453 981 2500 l'anno
1001 2467 1207 2513 corropta
1225 2471 1309 2500 con
1329 2452 1471 2513 guado
1490 2467 1531 2500 et
1550 2452 1658 2509 aloe,
1678 2452 1953 2499 nondimeno
1973 2470 2026 2499 ve

219 2539 272 2568 ne
293 2521 314 2568 ὲ
332 2522 518 2581 piovuta
538 2535 661 2568 tanta
677 2521 757 2568 che
776 2521 869 2568 sara
888 2521 1120 2568 rimediato
1139 2521 1219 2568 alla
1238 2520 1445 2568 necessita
1463 2520 1574 2567 della
1592 2538 1738 2581 acqua.
1759 2525 1837 2567 Ma
1852 2521 2029 2567 s’inten-

218 2589 270 2636 de
293 2589 372 2636 che
397 2588 546 2636 hanno
570 2588 669 2636 dell’
694 2588 799 2636 altre
821 2588 1050 2645 difficultat,
1073 2604 1114 2636 et
1136 2588 1327 2636 anchora
1349 2607 1440 2636 non
1462 2607 1574 2636 sono
1599 2588 1758 2635 dentro
1779 2588 1890 2635 bene
1911 2588 2026 2635 uniti

218 2657 300 2704 alla
321 2657 468 2704 difesa.
492 2658 577 2704 Die
600 2662 653 2704 24
676 2658 862 2717 Augusti
891 2662 1008 2704 1482.

298 3057 311 3071 ⁶
327 3051 496 3099 Foderigo
514 3051 559 3089 da
574 3051 824 3095 Montefeltro,
842 3052 996 3100 Captain
1012 3051 1165 3089 General
1180 3050 1221 3088 os
1233 3051 1295 3088 the
1311 3054 1455 3099 League,
1471 3064 1527 3088 see
1542 3050 1647 3088 letter
1662 3053 1736 3094 152,
1752 3061 1839 3087 note
1854 3049 1885 3098 e)
1902 3049 2027 3087 above.

217 3103 314 3142 Scala
331 3105 359 3141 is
377 3103 556 3152 probably
574 3103 732 3151 alluding
750 3115 789 3141 to
808 3103 869 3141 the
886 3104 987 3151 seige,
1007 3102 1196 3152 preceding
1212 3102 1275 3141 the
1291 3102 1352 3140 fall
1371 3102 1412 3140 of
1428 3103 1567 3150 Rovigo
1586 3101 1656 3140 and
1673 3100 1887 3140 Ficheruolo
1905 3113 1945 3139 to
1963 3100 2026 3139 the

217 3157 421 3200 Venetiam,
443 3157 482 3192 in
498 3155 561 3193 the
579 3170 703 3193 course
723 3155 764 3193 of
780 3155 901 3193 which
918 3155 982 3203 (on
1002 3159 1042 3193 10
1060 3154 1278 3204 September)
1297 3154 1359 3192 the
1375 3154 1471 3192 duke
1488 3153 1529 3192 of
1546 3154 1690 3192 Urbino
1706 3153 1798 3191 died.
