2086 3444
218 169 309 209 444

340 316 489 373 Atque
512 313 706 373 inquam:
734 316 810 360 “O
833 313 867 360 si
890 327 933 360 te
955 328 1127 361 maneat
1148 313 1387 375 longinqua
1410 314 1611 376 voluptas

340 385 471 427 Laeta
491 380 597 428 haec
617 395 932 442 aeternumque
954 396 1080 429 sonet
1104 382 1184 429 tibi
1205 400 1382 430 carmen
1404 383 1449 429 in
1472 401 1561 440 ore,

338 453 460 504 Fare,
483 467 572 509 age,
596 449 702 509 quid
722 449 804 496 sibi
826 449 920 496 vult
943 464 1191 497 monstrosa
1216 450 1320 497 haec
1339 451 1446 498 silva
1467 452 1734 512 recingens.’'

339 520 407 563 Ac
428 516 565 563 veluti
586 517 766 563 veniens
790 518 979 564 externis
1002 517 1158 578 hospes
1182 518 1234 564 ab
1256 519 1343 565 oris

342 585 409 644 (Et
430 584 554 644 plebs
578 585 830 631 circumstet
853 602 999 632 rerum
1022 585 1244 632 sitibunda
1266 587 1496 647 novarum)

339 653 555 699 Consistit
581 652 752 699 medius
772 653 1086 713 peregrinaque
1109 652 1294 700 flumina
1316 668 1461 701 narrat

338 719 570 780 Urbesque
595 734 637 767 et
657 721 801 767 varios
824 721 931 767 ritus
955 735 1215 782 montesque
1239 721 1434 782 ferasque

341 789 557 849 (Intentus
576 788 740 849 pendet
761 788 951 850 populus
978 790 1191 837 narrantis
1213 789 1265 837 ab
1288 791 1395 851 ore),

337 857 455 904 Talis
476 872 573 904 tum
598 857 667 904 ille
691 856 772 905 fuit
796 857 958 918 cupido
981 857 1091 904 mihi
1115 858 1252 906 multa
1274 860 1444 919 roganti

338 925 647 973 Monstriferas
669 927 806 986 aperit
828 926 954 973 silvas
976 926 1111 987 longo
1135 926 1289 974 ordine
1311 942 1429 974 vates

339 995 593 1055 Ingeniique
616 1009 807 1041 ostentat
829 1013 934 1055 opes
957 1009 1085 1055 atque
1107 996 1209 1042 artis
1231 995 1461 1043 honorem.

336 1062 551 1110 Vadimus
575 1077 617 1110 et
638 1062 739 1110 laeti
760 1063 1174 1124 circumspectamus
1197 1064 1242 1110 in
1265 1064 1419 1111 orbem

337 1130 547 1187 Frondes,
570 1149 706 1192 poma
727 1132 813 1178 suis
838 1149 930 1179 non
953 1133 1281 1180 consuescentia
1304 1133 1445 1180 ramis.

336 1204 437 1246 Fert
460 1200 620 1246 citrum
642 1199 788 1247 laurus
813 1201 1068 1260 (gratissima
1090 1200 1207 1248 dona
1226 1201 1381 1261 puellis

337 1268 475 1314 Citra:
500 1268 646 1314 minus
670 1269 833 1314 mirum
858 1269 892 1315 si
914 1269 967 1315 sit
990 1269 1103 1315 citro
1126 1268 1298 1329 hospita
1319 1269 1539 1329 Daphne).

336 1336 568 1382 Demirere
592 1336 739 1396 magis:
765 1337 892 1383 mites
914 1335 997 1383 fert
1019 1336 1198 1384 horrida
1218 1336 1384 1384 fructus

337 1407 555 1451 Castanea
574 1418 615 1451 et
635 1405 768 1464 pruni
793 1403 984 1452 florescit
1007 1405 1176 1452 consita
1196 1406 1392 1465 gemmis3

337 1473 656 1533 Horrescitque
678 1472 797 1529 salix,
823 1472 1013 1520 hirsutos
1034 1487 1183 1534 portat
1205 1473 1385 1520 echinos

335 1544 389 1588 Et
412 1540 523 1588 bibit
549 1540 757 1588 humores
782 1540 924 1588 radice
946 1541 1084 1589 aliena
1103 1541 1306 1589 salubres.

336 1609 428 1656 Illic
450 1624 492 1656 et
512 1610 657 1670 spinas
679 1624 855 1670 ponunt
879 1609 1090 1657 silvestria
1109 1628 1245 1671 poma

335 1682 388 1725 Et
411 1679 555 1725 varios
578 1677 710 1725 flores
734 1679 951 1725 mirantur
972 1680 1166 1739 germine
1191 1680 1235 1725 in
1257 1697 1349 1726 uno

336 1750 403 1793 Ac
425 1745 531 1794 folia
553 1761 594 1794 et
616 1746 760 1794 foetus
783 1746 889 1794 alios
913 1747 957 1793 in
979 1748 1126 1808 stipite
1148 1747 1318 1795 eodem.

335 1818 489 1862 Ornus
514 1814 624 1862 flore
645 1816 731 1876 piri
754 1816 928 1863 incanet
948 1837 974 1862 ‹.
994 1855 1001 1863 .
1019 1838 1046 1863 .›
1069 1834 1161 1863 non
1183 1834 1258 1863 sua
1281 1816 1479 1864 membra

334 1884 527 1930 Miratur
545 1883 747 1944 platanus
769 1883 896 1931 lautis
920 1885 1053 1944 magis
1075 1884 1193 1931 utilis
1215 1884 1394 1932 umbris.

334 1952 504 1998 Persica
526 1951 598 1998 dat
619 1951 783 2008 Phillis,
809 1951 881 1999 dat
903 1952 1089 1999 Phillida
1108 1954 1312 2013 persicus,
1338 1954 1453 2000 inter

333 2020 402 2066 Sic
422 2037 466 2066 se
489 2034 768 2066 commutant
793 2019 971 2067 diversis
993 2021 1160 2067 semina
1180 2020 1352 2080 plantis.

334 2087 454 2134 Mala
472 2088 592 2148 pirus
618 2087 842 2148 malusque
864 2088 1011 2148 pirum
1037 2087 1120 2135 fert
1142 2106 1352 2149 moraque
1376 2088 1496 2135 ficus.

334 2160 471 2216 Inque
493 2156 636 2203 vicem
659 2174 810 2203 morus
834 2156 971 2203 dulcis
994 2155 1077 2203 fert
1099 2174 1281 2203 munera
1303 2156 1389 2203 fici.

333 2224 545 2270 Fraxinus
569 2224 614 2269 in
635 2223 753 2270 silvis
774 2224 1071 2284 pulcherrima
1092 2225 1245 2271 transit
1269 2225 1313 2270 in
1337 2224 1503 2281 hortos,

334 2295 551 2352 Quaeque
574 2291 656 2339 fuit
677 2291 833 2339 sterilis
857 2292 999 2339 reddit
1021 2292 1158 2339 modo
1180 2292 1359 2352 grandia
1377 2310 1523 2353 poma:

332 2364 432 2407 Nec
453 2361 619 2421 spernit
644 2378 808 2417 moros,
834 2361 965 2421 nigris
987 2360 1173 2408 laetatur
1192 2360 1391 2417 alumnis,

334 2432 570 2476 Castaneas
592 2443 693 2489 apta
712 2443 754 2476 et
776 2428 895 2489 fagos
915 2443 1092 2489 portare
1114 2429 1318 2476 valentes.

332 2501 432 2543 Nec
452 2515 620 2557 prunus
645 2515 821 2557 quoque
845 2515 937 2544 non
961 2497 1088 2544 aliam
1111 2498 1224 2558 capit
1248 2498 1337 2558 ipsa
1359 2496 1557 2558 figuram:

334 2566 467 2612 Insita
486 2565 733 2622 subrubuit‚
759 2566 819 2612 sic
840 2565 951 2612 levia
973 2565 1184 2626 amigdala
1206 2565 1361 2622 reddit3

334 2637 482 2694 Atque
506 2651 663 2694 operae
683 2634 877 2694 pretium
900 2648 1093 2694 spectare
1114 2633 1303 2694 cydonia
1323 2633 1495 2694 prolem

333 2702 564 2762 Accepisse
588 2720 751 2748 novam
775 2716 1045 2762 cornutaque
1069 2702 1248 2762 mespila
1271 2701 1396 2758 ferre,

333 2769 474 2828 Quod
497 2787 645 2816 comes
668 2769 895 2816 insolitum
921 2787 1102 2816 cernens
1123 2770 1307 2817 miratur
1328 2784 1369 2816 et
1391 2770 1492 2830 ipse.

331 2842 431 2884 Nec
451 2837 598 2898 plures
619 2855 708 2884 sese
732 2838 950 2884 convertit
971 2841 1154 2885 Proteus
1176 2838 1254 2884 ‹in›
1276 2841 1302 2894 †
1324 2852 1434 2884 artes
1454 2841 1492 2894 †.

332 2910 444 2952 Non
467 2905 577 2952 adeo
598 2906 737 2952 varias
758 2905 875 2952 bello
896 2905 1093 2966 perculsa
1114 2906 1337 2966 gigantum

332 2974 535 3020 Numina
559 2991 716 3033 magna
737 2973 868 3020 deum
890 2974 1052 3034 species
1073 2991 1294 3034 sumpsere
1319 2973 1531 3020 timendo:

336 3042 548 3101 (Iuppiter
570 3041 769 3088 induitur
791 3059 985 3102 caprum,
1008 3042 1207 3088 Saturnia
1229 3045 1339 3088 Iuno

334 3113 383 3155 In
405 3109 591 3156 nitidam
613 3110 744 3156 vertit
765 3127 853 3156 sese
876 3109 1166 3156 tremebunda
1187 3110 1430 3165 iuvencam,

333 3181 400 3224 Ac
422 3177 584 3224 duxere
607 3177 713 3224 alios
736 3177 807 3224 alii
827 3195 910 3238 pro
933 3192 1133 3237 tempore
1155 3177 1313 3237 vultus)

1810 179 1948 212 PART
1973 179 2024 213 v1

1845 602 1907 634 725

1844 943 1908 975 730

1843 1284 1905 1316 735

1843 1626 1906 1658 740

1841 1968 1902 1999 745

1839 2307 1903 2338 750

1838 2648 1899 2679 755

1836 2986 1900 3018 760
