2118 3450
139 176 370 210 PRIVATE
396 175 624 210 LETTERS
1885 171 1939 212 21

137 314 341 363 servanda
354 314 634 362 mediocritas.
648 319 747 362 Nos
761 315 887 375 igitur
899 333 992 362 eam
1007 333 1234 372 servamus,
1247 316 1280 363 si
1292 334 1533 376 possumus,
1550 334 1687 377 neque
1701 316 1958 364 beneficium

139 383 324 430 omnino
345 397 617 444 expectamus
635 383 853 444 temporis.
875 387 973 430 Nos
991 384 1104 444 ipsos
1124 401 1215 440 nos,
1236 398 1446 444 quantum
1466 384 1667 441 valemus,
1689 385 1965 432 consolemur

138 466 179 499 et
194 451 368 498 rationis
383 450 638 498 medicinam
654 450 947 512 imploremus.
963 451 1102 511 Quod
1114 451 1278 499 duabus
1291 453 1477 500 maxime
1491 452 1726 500 rationibus
1739 471 1966 515 conseque-

138 537 249 566 mur.
276 520 471 566 Primum
498 520 532 566 si
559 537 650 566 non
673 537 897 580 perperam
925 534 1068 567 actum
1095 538 1179 567 esse
1205 538 1305 567 cum
1333 523 1460 568 Petro
1487 521 1780 582 reputabimus
1806 520 1948 583 quod²

138 602 337 635 mortuus
358 588 424 644 sit,
447 605 548 635 curn
573 588 630 635 ita
651 588 800 635 vixerit
823 602 871 635 ut
895 588 939 634 in
962 602 1103 635 morte
1127 588 1230 635 nihil
1253 589 1286 636 si
1309 588 1494 636 accidere
1514 590 1706 650 potuerit
1730 589 1843 646 mali,
1867 608 1965 651 que-

137 655 425 703 madmodum
449 656 491 702 in
515 655 837 713 Consolatione,
861 674 968 718 quae
990 656 1041 704 de
1064 671 1205 705 morte
1227 658 1380 705 Cosmi
1401 675 1425 705 a
1446 657 1571 706 nobis
1594 658 1705 706 edita
1725 666 1804 715 est}
1824 658 1952 720 pluri-

136 724 216 772 bus
238 739 298 772 est
320 724 459 772 verbis
480 724 756 785 disputatum.
779 725 947 772 Deinde
968 726 1002 772 si
1025 743 1104 773 nos
1125 743 1298 787 quoque
1321 727 1378 773 ita
1400 727 1669 774 instituemus
1689 728 1821 774 vitam
1844 742 1892 775 ut
1917 746 1965 775 ea

135 795 263 840 Petro
282 807 458 853 parente
477 807 518 840 et
539 810 620 840 avo
639 807 780 840 vestro
801 796 969 841 Cosmo
989 793 1113 854 digna
1131 794 1182 841 sit
1202 812 1250 841 ac
1268 794 1399 842 veluti
1418 798 1607 842 Cosmus
1627 796 1713 856 ipse
1733 810 1961 857 antequam

135 879 159 908 a
174 861 262 908 vita
280 861 490 921 migraret,
511 879 611 908 cum
629 861 708 908 sibi
727 861 859 908 finem
878 862 1048 909 vivendi
1066 862 1203 910 adesse
1223 878 1508 923 cognosceret,
1525 878 1681 911 vocato
1701 864 1755 911 ad
1771 882 1814 911 se
1833 867 1961 912 Petro

135 928 239 986 filio,
262 928 565 977 instituendam
590 929 705 977 dixit.
730 930 865 977 Cuius
887 931 1025 978 oratio
1047 948 1258 992 suprema,
1281 932 1487 993 quoniam
1508 947 1733 993 praecepta
1754 932 1962 994 quaedam

135 997 188 1045 ad
205 997 315 1045 bene
334 998 540 1059 beateque
558 998 791 1046 vivendum
812 999 1016 1056 continet,
1036 1017 1127 1047 non
1146 1000 1495 1048 inconvenienter
1513 1018 1606 1048 eam
1628 1000 1829 1049 hocloco
1850 1020 1964 1063 repe-

133 1080 287 1122 temus,
311 1067 558 1127 praesertim
586 1085 686 1114 cum
715 1067 768 1114 ad
793 1067 1103 1115 consolandum
1131 1086 1304 1129 quoque
1333 1086 1412 1116 nos
1437 1069 1626 1116 multum
1652 1069 1788 1117 valere
1817 1070 1966 1118 debeat

131 1149 314 1195 propter
332 1152 399 1181 eas
419 1152 522 1195 quas
541 1134 688 1182 divino
706 1153 846 1196 prope
865 1136 1014 1196 spiritu
1035 1137 1223 1183 moriens
1244 1136 1328 1184 fere
1350 1138 1533 1184 rationes
1552 1137 1785 1198 explicavit.

219 1206 255 1250 Is
278 1203 405 1263 igitur
425 1220 525 1250 cum
550 1205 725 1250 Petrum
750 1203 803 1251 ad
823 1221 866 1251 se
888 1203 1025 1251 filium
1049 1205 1404 1262 vocari-iussisset,
1427 1206 1485 1252 ita
1505 1205 1675 1253 locutus
1696 1220 1767 1253 est:
1795 1207 1957 1254 ‘Finem

133 1270 271 1318 adesse
293 1270 401 1317 mihi
421 1271 531 1318 vitae
551 1271 678 1328 vides,
700 1290 728 1319 o
749 1275 869 1319 Petre
890 1271 963 1328 fili,
984 1273 1058 1333 qui
1078 1273 1153 1320 etsi
1172 1274 1332 1334 poterit
1353 1273 1513 1321 doloris
1532 1274 1611 1321 tibi
1631 1274 1790 1335 aliquid
1809 1274 1958 1322 afferre

133 1339 192 1386 ob
210 1353 464 1400 perpetuam
481 1340 686 1400 pietatem
705 1341 749 1386 in
768 1358 838 1387 me
856 1354 990 1397 tuam,
1009 1355 1154 1388 tamen
1172 1342 1229 1388 ita
1243 1356 1394 1402 putare
1413 1341 1540 1389 debes
1558 1342 1666 1389 hanc
1684 1357 1856 1390 naturae
1875 1361 1969 1391 nos-

132 1422 220 1454 trae
235 1407 587 1455 necessitudinem
603 1409 783 1456 minime
797 1408 848 1456 ab
866 1427 909 1456 re
923 1408 975 1456 ab
990 1427 1166 1456 summo
1181 1413 1280 1457 Deo
1295 1409 1418 1457 fuisse
1433 1411 1680 1472 impositam
1695 1411 1960 1459 mortalibus.

132 1475 374 1523 Parendum
395 1477 523 1537 igitur
541 1491 614 1533 est,
636 1491 676 1524 et
698 1476 869 1524 ferenda
888 1495 1025 1538 aequo
1046 1478 1193 1526 animo
1215 1478 1316 1526 haec
1335 1478 1532 1526 voluntas
1553 1479 1719 1527 divina?

217 1544 320 1600 Hic,
336 1562 438 1591 cum
455 1547 621 1601 Petrus,
637 1563 707 1592 rne
723 1545 845 1606 quod
858 1547 1228 1606 praetermitteret
1238 1548 1413 1608 pietatis
1427 1547 1644 1605 officium,
1663 1548 1947 1609 responderet

131 1630 342 1673 spemque
365 1612 544 1660 vivendi
565 1613 806 1661 obiecisset:
834 1614 987 1674 ‘Quid,
1011 1629 1073 1671 tu,
1097 1615 1254 1676 inquit,
1279 1616 1511 1663 ‘carissime
1535 1615 1612 1673 fili,
1637 1634 1787 1664 nonne
1810 1618 1944 1665 sentis

132 1680 277 1728 multo
304 1681 437 1728 satius
467 1699 555 1728 esse
584 1699 606 1728 e
634 1682 725 1729 vita
749 1681 990 1730 discedere?
1017 1682 1289 1731 Confectum
1319 1702 1390 1731 me
1417 1684 1539 1732 vides
1565 1685 1702 1742 senio,
1732 1686 1824 1733 sine
1851 1704 1944 1733 san-

130 1749 275 1810 guine,
295 1750 387 1796 sine
407 1749 585 1797 viribus.
607 1754 719 1797 Non
737 1750 870 1812 pedes
889 1752 989 1808 iam,
1010 1769 1103 1799 non
1123 1770 1291 1809 manus,
1314 1770 1406 1800 non
1427 1771 1562 1810 aures,
1584 1771 1677 1801 non
1698 1753 1829 1811 oculi,
1850 1772 1944 1801 non

131 1835 256 1864 nares
274 1817 425 1865 officia
442 1833 645 1866 exercent
662 1819 792 1875 vitae,
810 1834 858 1866 ut
876 1834 1087 1881 tanquam
1105 1820 1305 1868 cadentia
1320 1836 1478 1882 sponte
1496 1840 1633 1883 poma
1651 1822 1705 1869 ad
1722 1823 1945 1870 maturita-

130 1899 222 1932 tem
240 1885 392 1933 videar
407 1887 535 1947 spatii
558 1887 645 1934 mei
662 1887 900 1948 perductus
922 1902 1051 1949 atque
1070 1888 1260 1950 explesse
1280 1907 1500 1937 numeros.
1524 1891 1633 1938 Satis
1653 1890 1742 1947 diu,
1765 1891 1944 1952 quando

131 1953 310 2015 quidem
335 1954 395 2002 ita
414 1955 637 2002 Maiestati
657 1954 829 2003 divinae
850 1955 1062 2017 placitum
1087 1971 1164 2014 est,
1187 1958 1232 2004 in
1255 1958 1346 2005 vita
1366 1957 1442 2005 fui.
1466 1962 1603 2006 Nunc
1628 1977 1825 2006 revocor.
1851 1959 1944 2007 Ob-

130 2022 469 2083 temperandum
496 2038 572 2070 est.
596 2028 707 2071 Non
732 2025 850 2071 enim
876 2024 982 2072 utile
1006 2040 1067 2073 est
1091 2027 1266 2087 utrique
1290 2041 1491 2074 nostrum
1518 2027 1643 2075 aliter
1665 2028 1751 2075 iam
1775 2042 1943 2089 optare;

130 2108 272 2152 neque
293 2090 376 2138 fuit
395 2109 592 2152 unquam
614 2092 742 2140 alicui
763 2092 998 2141 hominum
1023 2111 1072 2141 ea
1088 2095 1203 2142 vitae
1222 2095 1436 2152 conditio,
1456 2110 1504 2143 ut
1526 2095 1636 2142 mihi
1656 2096 1796 2144 videri
1815 2096 1941 2153 solet,

128 2173 177 2206 ut
197 2158 403 2220 fugienda
422 2159 567 2217 fuerit,
588 2178 641 2208 ne
661 2160 804 2208 dicam
824 2180 916 2209 non
936 2162 1193 2223 expetenda,
1212 2181 1343 2211 mors.
1367 2163 1492 2224 Quid
1512 2165 1631 2211 enim
1652 2179 1714 2212 est
1733 2165 1778 2211 in
1799 2180 1943 2213 morte

130 2227 254 2275 mali?
274 2228 400 2287 Quid
419 2229 464 2275 in
480 2229 571 2276 vita
586 2229 715 2277 boni?
733 2229 817 2277 Sed
833 2245 881 2278 ut
899 2231 944 2277 in
963 2246 1107 2279 morte
1124 2231 1457 2293 obsequendum
1478 2233 1568 2280 dixi
1584 2234 1701 2281 Patri
1717 2248 1847 2295 atque
1863 2238 1945 2281 Im-

126 2297 322 2357 peratori
337 2300 453 2354 Deo,
471 2298 531 2344 ita
546 2299 688 2345 necin
705 2299 795 2346 vita
810 2299 988 2360 quidem
1005 2300 1097 2359 sine
1115 2300 1268 2348 divino
1286 2301 1400 2349 iussu
1420 2302 1655 2363 quicquam
1675 2301 1939 2350 faciendum.

128 2368 279 2425 Itaque
294 2365 535 2412 vivendum
552 2381 682 2427 atque
696 2385 718 2414 e
734 2368 825 2414 vita
837 2368 1115 2428 migrandum
1135 2368 1189 2416 ed
1202 2384 1360 2416 nutum
1378 2370 1742 2431 voluntatemque
1758 2372 1848 2418 eius
1865 2373 1940 2432 qui

127 2433 242 2480 vitae
271 2434 514 2494 mortisque
547 2449 720 2482 nostrae
751 2436 906 2483 unicus
938 2451 1092 2484 auctor
1120 2452 1182 2484 est
1212 2452 1341 2499 atque
1372 2439 1640 2486 iustissimus.
1677 2439 1940 2488 Viventibus

128 2515 275 2548 autem
295 2501 348 2549 ab
367 2503 468 2558 Dei,
489 2503 676 2563 imagine
697 2521 746 2551 ac
761 2504 1047 2552 similitudine
1069 2523 1179 2566 quae
1199 2507 1243 2552 in
1264 2506 1392 2554 nobis
1413 2522 1475 2554 est
1495 2525 1723 2569 nunquam
1745 2508 1944 2556 aberran-

127 2568 248 2616 dum.
273 2570 479 2626 Proinde,
502 2572 719 2618 carissime
743 2571 820 2628 fili,
840 2590 921 2633 per
940 2591 1121 2620 omnem
1143 2575 1280 2621 vitam
1303 2575 1489 2622 iustitiae
1508 2576 1769 2636 pietatisque
1791 2578 1943 2623 memi-

128 2637 243 2684 neris
269 2655 318 2684 ac
341 2639 530 2698 patriam
557 2638 684 2686 colas.
714 2643 835 2687 Nam
863 2641 937 2701 qui
965 2640 1069 2688 haec
1093 2643 1328 2689 servaverit
1354 2661 1434 2690 nec
1459 2643 1795 2691 similitudinem
1824 2645 1870 2691 in
1897 2663 1940 2692 se

128 2704 323 2752 divinam
342 2707 709 2767 coinquinaverit,
727 2726 828 2755 cum
848 2709 928 2756 erit
945 2708 1128 2757 decurso
1144 2711 1286 2771 spatio
1304 2710 1569 2768 abeundum,
1590 2730 1692 2759 cave
1710 2727 1939 2760 mortuum

127 2774 360 2821 existimes.
388 2775 482 2834 Qui
510 2775 628 2822 enim
655 2775 908 2824 huiusmodi
935 2792 1050 2834 sunt,
1079 2796 1248 2826 necesse
1274 2794 1336 2826 est
1360 2794 1408 2826 ut
1434 2780 1524 2827 vita
1545 2781 1696 2827 vivant
1723 2781 1939 2828 iucundis-

126 2842 236 2889 sima
257 2844 536 2903 sempiterna.
561 2848 717 2891 Unum
743 2844 787 2892 id
807 2859 849 2892 te
871 2846 1002 2893 etiam
1025 2861 1153 2907 atque
1175 2848 1306 2894 etiam
1329 2847 1661 2896 admonendum
1686 2849 1804 2905 duxi,
1830 2849 1942 2897 hanc

126 2910 264 2957 vitam
289 2910 528 2958 humanam
554 2930 641 2959 esse
664 2913 884 2973 quandam
907 2915 1027 2975 quasi
1050 2914 1255 2962 nebulam
1280 2933 1389 2976 quae
1412 2917 1596 2964 minima
1619 2935 1790 2978 quaque
1813 2935 1939 2965 aurae

207 3145 220 3160 ²
239 3140 326 3179 This
345 3141 575 3180 consolation
591 3142 677 3181 does
698 3155 765 3181 not
783 3158 913 3193 appear
930 3156 970 3182 to
990 3144 1079 3183 have
1096 3146 1273 3191 survived3
1295 3147 1445 3185 Cosimo
1464 3146 1547 3185 died
1566 3162 1618 3185 on
1639 3151 1653 3184 1
1676 3150 1816 3196 August
1839 3152 1937 3186 1464.

127 3192 204 3230 The
222 3192 452 3231 consolation
470 3195 509 3231 in
525 3195 727 3233 December
747 3199 831 3234 1463
852 3210 903 3234 on
921 3197 1135 3235 Giovanni’s
1151 3197 1259 3236 death
1277 3199 1304 3236 is
1322 3198 1439 3237 edited
1457 3198 1576 3237 below
1595 3199 1641 3247 (V
1644 3199 1699 3248 :3).
