2118 3444
202 138 288 179 138
1828 142 2004 175 PARTI

198 283 364 330 litteras
385 281 507 342 quod
531 280 710 342 quidem
734 281 1026 336 meminerim,
1053 298 1161 340 quae
1185 279 1236 326 de
1258 280 1382 340 signo
1407 280 1640 340 quicquam
1665 294 1736 326 aut
1761 279 1813 326 de
1835 294 2010 326 contro-

199 352 338 398 versia
361 351 656 405 continerent,
680 366 821 409 neque
847 348 953 409 quid
976 349 1025 395 iis
1048 347 1153 395 velis
1176 347 1418 408 significare
1442 347 1584 394 verbis
1608 347 1732 394 valeo
1757 348 2006 395 coniectari.

199 424 275 466 Me
290 418 545 466 Ghivizano
563 435 665 464 meo
682 416 919 477 magnifico
936 417 1072 476 equiti
1085 416 1326 476 plurimum
1347 417 1477 463 etiam
1495 430 1623 476 atque
1638 416 1769 462 etiam
1785 433 2008 462 commen—

200 487 274 534 des
296 486 444 542 velim,
470 486 524 533 ad
546 503 678 546 quem
703 485 762 532 do
784 484 948 531 litteras
971 484 1023 531 de
1045 502 1208 540 amore,
1236 483 1356 544 quod
1380 485 1468 544 ipse
1494 501 1642 530 meum
1668 501 1766 543 erga
1787 501 1830 530 se
1854 483 2010 530 litteris

198 554 332 616 paulo
355 569 455 601 ante
477 571 675 600 accusare
696 553 810 600 visus
834 567 908 600 est.
931 552 1050 599 Vale.
1075 553 1160 599 Die
1182 551 1342 599 ultimo
1365 552 1550 612 Augusti
1579 556 1697 598 1482.

1070 695 1148 736 167

590 766 668 805 ΤΟ
686 766 918 815 JACOBO
942 765 1317 804 GHIVIZZANO
1340 767 1406 804 IN
1426 765 1619 804 LUCCA

918 835 965 872 31
990 834 1163 884 August
1188 835 1292 872 1482

462 925 528 967 Si⁴.
549 926 661 967 Draft
681 926 733 979 by
752 926 878 966 Scribe
896 928 945 974 A,
966 925 1118 966 headed:
1142 925 1344 966 ‘D.Iacobo
1368 925 1582 965 Ghivizano
1605 926 1745 978 equiti.'

199 1031 438 1092 Magnifice
468 1029 629 1092 eques.l
662 1035 710 1078 Io
740 1030 798 1078 ho
830 1031 934 1078 assai
960 1045 1145 1091 pensato
1176 1030 1255 1077 alle
1282 1029 1431 1091 parole
1464 1029 1575 1077 della
1602 1044 1749 1077 vostra
1776 1029 1943 1086 lettera,
1972 1028 2013 1076 la

200 1100 325 1161 quale
345 1100 652 1147 ultimamente
672 1100 734 1145 mi
753 1100 961 1155 scrivesti3
982 1117 1073 1146 non
1093 1098 1131 1146 le
1150 1117 1199 1146 so
1220 1098 1412 1146 anchora
1430 1099 1728 1159 interpretare.
1750 1101 1868 1145 ‘Sum
1890 1098 2008 1145 enim

198 1173 364 1225 Davus,
390 1187 481 1215 non
502 1186 600 1215 sum
624 1167 854 1228 Oedipus,'
880 1182 927 1214 ut
951 1168 1008 1214 ait
1027 1168 1290 1214 Terentius.³
1312 1168 1391 1214 Poi
1414 1166 1493 1214 che
1517 1166 1647 1214 hebbi
1669 1181 1816 1214 vostra
1838 1167 2009 1223 notitia,

198 1238 242 1284 vi
266 1237 325 1284 ho
346 1255 517 1297 sempre
540 1251 688 1284 amato
709 1251 750 1283 et
773 1236 938 1283 havuto
960 1237 1005 1282 in
1028 1235 1197 1283 honore
1220 1250 1261 1283 et
1283 1236 1525 1283 reverentia
1544 1250 1585 1282 et
1603 1235 1774 1296 parlato
1794 1235 1838 1282 di
1858 1236 1946 1291 voi,
1969 1249 2011 1282 et

200 1305 310 1352 costi
333 1323 418 1352 con
442 1305 595 1352 lettere
616 1319 657 1351 et
681 1305 755 1365 qui
778 1304 889 1351 colla
911 1322 1033 1360 voce,
1057 1322 1080 1351 a
1102 1303 1267 1364 dignita
1288 1318 1436 1351 vostra
1455 1303 1649 1351 secondo
1674 1303 1701 1349 il
1725 1303 1889 1359 debito,
1915 1321 2008 1350 non

198 1373 394 1421 secondo
413 1373 453 1420 la
470 1373 588 1420 virtu
608 1388 649 1420 et
668 1374 813 1420 meriti
832 1373 982 1429 vostri,
1003 1372 1082 1420 che
1101 1391 1213 1420 sono
1234 1372 1376 1419 molto
1397 1373 1579 1432 magiori
1600 1371 1679 1419 che
1698 1371 1737 1419 le
1756 1373 1843 1419 mia
1859 1371 2009 1432 parole

200 1461 228 1489 o
249 1442 408 1489 alcuno
427 1443 520 1488 mio
539 1442 717 1502 scripto.
739 1441 811 1488 Ne
832 1441 964 1488 credo
981 1446 1141 1488 Vostra
1158 1440 1490 1501 Magnificentia
1508 1441 1650 1501 reputi
1670 1441 2009 1487 inconveniente

198 1510 375 1570 piglare,
400 1509 579 1570 quando
601 1509 771 1565 accade,
790 1509 900 1556 delle
922 1510 1110 1556 amicitie
1132 1527 1276 1556 nuove
1299 1509 1408 1556 delle
1427 1527 1612 1569 persone
1635 1508 1785 1568 degne.
1808 1512 2010 1555 L’amore

200 1592 469 1625 certamente
488 1577 509 1624 ὲ
530 1577 651 1637 largo
673 1592 714 1624 et
736 1577 1091 1633 indeterminato,
1111 1576 1270 1637 perche
1294 1577 1315 1624 ὲ
1338 1577 1488 1624 habito
1511 1576 1626 1623 dello
1647 1577 1810 1632 animo,
1835 1576 1862 1622 il
1886 1576 2011 1637 quale

200 1646 221 1693 ὲ
245 1645 439 1702 infinit03
464 1660 505 1693 et
529 1664 551 1693 a
572 1664 664 1692 uno
687 1660 829 1692 tracto
849 1646 883 1692 si
904 1645 996 1706 puo
1021 1645 1253 1692 extendere
1275 1646 1319 1691 in
1341 1644 1417 1705 piu
1441 1659 1482 1691 et
1504 1644 1661 1692 diversi
1681 1644 1946 1705 particulari,
1969 1659 2010 1691 et

200 1715 304 1774 ogni
326 1713 370 1760 di
389 1714 618 1773 agiungere
640 1713 707 1760 de'
730 1714 865 1760 nuovi
886 1728 927 1760 et
947 1731 1039 1760 non
1061 1728 1243 1769 mutare,
1261 1731 1341 1773 per
1359 1727 1527 1773 questo,
1549 1712 1702 1759 alcuna
1720 1730 1820 1759 cosa
1838 1712 1906 1759 de'
1925 1713 2009 1773 pri-

200 1783 261 1827 mi
285 1781 435 1828 habiti.
458 1782 576 1828 Dico
596 1781 641 1828 lo
663 1799 812 1828 amore
832 1799 939 1828 vero
960 1795 1001 1828 et
1022 1781 1100 1828 che
1124 1780 1178 1828 ha
1197 1781 1237 1828 la
1257 1782 1423 1841 origine
1446 1795 1487 1827 et
1507 1799 1632 1827 causa
1650 1798 1726 1827 sua
1747 1780 1859 1827 dalla
1877 1779 2009 1836 virtu,

200 1850 325 1910 quale
345 1849 366 1896 ὲ
384 1849 429 1896 10
449 1867 598 1896 amore
616 1850 708 1896 mio
728 1864 769 1896 et
786 1849 826 1896 la
842 1850 929 1896 mia
946 1849 1223 1896 observantia
1240 1850 1413 1896 inverso
1431 1849 1471 1896 la
1486 1853 1645 1896 Vostra
1662 1848 2008 1909 Magnificentia,

197 1917 359 1978 perche
381 1917 498 1964 dello
517 1935 666 1964 amore
687 1917 861 1977 vulgare
882 1932 923 1964 et
940 1917 1098 1978 plebeo
1119 1917 1240 1977 longe
1255 1917 1343 1964 alia
1364 1921 1474 1964 ratio
1492 1931 1560 1964 est.
1582 1918 1692 1964 Vive
1712 1931 1753 1963 et
1774 1934 1928 1963 muore
1947 1934 2007 1963 se-

200 1985 348 2033 condo
369 1985 507 2032 l'utile
530 2004 557 2032 o
579 1985 607 2031 il
627 1986 797 2046 piacere
816 1985 883 2032 del
906 2003 1057 2046 corpo,
1081 2000 1122 2032 et
1143 1985 1391 2032 facilmente
1412 2003 1496 2032 con
1518 2003 1609 2032 uno
1631 2002 1782 2031 nuovo
1805 2002 1954 2031 amore
1974 1985 2009 2031 si

199 2055 342 2101 caccia
357 2054 383 2099 il
403 2053 574 2110 vechio,
595 2057 736 2100 ‘come
756 2053 889 2100 d’asse
906 2055 940 2100 si
957 2053 1079 2100 trahe
1096 2053 1259 2100 chiodo
1278 2071 1362 2100 con
1381 2053 1572 2109 chiodo,'
1592 2067 1640 2100 ut
1652 2052 1873 2100 Petrarcha
1889 2070 2012 2100 versu

196 2114 292 2176 aid>
320 2121 439 2183 quod
460 2136 588 2169 antea
615 2121 748 2169 latine
771 2126 828 2169 M.
864 2125 1010 2169 Cicero
1037 2121 1244 2182 eleganter
1262 2136 1387 2183 prosa
1416 2135 1672 2182 expresserat:
1707 2121 1832 2168 ‘hunc
1860 2119 2007 2168 etiam²

199 2190 285 2238 alio
317 2190 511 2251 quodam
544 2209 693 2237 amore
724 2205 771 2237 ut
804 2190 948 2238 clavus
978 2190 1102 2238 clavo
1131 2190 1324 2238 truditur
1353 2190 1614 2237 eiiciendum
1645 2193 1850 2250 putant.'c
1882 2189 2007 2237 Haro

200 2277 315 2315 car0‚
339 2277 381 2306 se
404 2260 447 2305 vi
467 2259 608 2319 parra,
632 2260 693 2305 mi
716 2258 952 2306 dichiarate
974 2258 1134 2319 meglio
1158 2259 1202 2306 lo
1225 2260 1374 2306 animo
1397 2273 1548 2305 vostro
1572 2273 1613 2305 et
1634 2273 1785 2305 vostro
1807 2259 2007 2314 scrivere,

199 2342 240 2374 et
261 2328 304 2373 io
324 2345 495 2387 sempre
517 2328 578 2373 mi
599 2326 893 2374 accomodero
911 2327 1143 2374 volentieri
1163 2327 1216 2374 ad
1232 2328 1334 2387 ogni
1354 2341 1505 2374 vostro
1524 2345 1687 2387 parere.
1709 2330 1756 2372 E'
1779 2326 1864 2373 dua
1881 2325 2008 2373 mela-

200 2396 318 2442 ranci
341 2396 402 2441 mi
427 2395 642 2442 mandasti
663 2413 776 2442 sono
799 2395 833 2442 si
857 2395 1023 2455 grandi,
1047 2410 1088 2442 et
1109 2395 1143 2442 si
1166 2395 1277 2442 bella
1299 2413 1435 2442 messa
1459 2395 1607 2442 hanno
1632 2394 1757 2451 facta,
1779 2394 1858 2442 che
1881 2409 2012 2442 certa—

200 2478 347 2510 mente
371 2478 527 2524 questo
549 2481 667 2510 anno
691 2481 744 2510 ne
768 2463 932 2510 hareno
956 2458 1121 2520 fructi,d
1141 2465 1226 2510 Die
1248 2463 1407 2511 ultimo
1431 2464 1615 2523 Augusti
1645 2468 1762 2510 1482.

279 2932 291 2946 ²
310 2930 477 2971 Terence,
494 2927 644 2971 Andria,
665 2931 739 2965 194.

279 2979 294 3003 b
313 2986 491 3030 Petrarch,
508 2989 528 3023 I
543 2986 663 3034 trionfi
681 2986 914 3035 (Triumphus
935 2986 1148 3034 Cupidinis),
1170 2989 1283 3030 III,66.

280 3048 292 3062 ‘³
308 3044 449 3087 Cicero,
470 3046 651 3091 Tusc.Disp.
674 3047 789 3087 1V‚75:
810 3044 929 3081 ‘etiam
944 3057 1042 3080 novo
1059 3043 1203 3091 quidam
1221 3057 1341 3080 amore
1359 3055 1513 3080 veterem
1529 3057 1689 3080 amorem
1705 3055 1887 3090 tamquam
1906 3041 2007 3080 clavo

199 3095 340 3133 clavum
358 3096 573 3134 eiiciendum
592 3099 745 3144 putant.'

278 3147 294 3172 ‘³
312 3156 374 3190 See
391 3153 496 3190 letter
515 3157 578 3190 124
597 3153 721 3190 above.
