2118 3444
111 173 342 208 PRIVATE
368 172 596 206 LETTERS
1826 162 1915 202 177

976 315 1058 355 215

673 385 751 424 To
773 385 1014 424 ANGELO
1037 383 1361 423 POLIZIANO

945 453 1090 500 [1494]

251 547 320 587 Ed.
339 549 388 594 V,
407 549 476 599 Ly,
496 548 615 595 Χῌ,9,
636 548 720 593 381,
740 546 779 584 in
798 544 906 598 reply
923 558 965 585 to
986 547 1104 592 XII,8,
1125 547 1281 585 380-81.
1299 542 1412 592 Scala,
1433 546 1577 584 215-16
1596 545 1783 592 [144-45].

112 651 476 700 Bartholomaeus
505 650 626 698 Scala
652 649 825 711 Angelo
855 649 1075 697 Politiano
1104 667 1185 697 suo
1214 648 1412 696 salutem.
1443 652 1543 709 Ago
1574 649 1661 695 iam
1691 648 1830 695 errori
1858 647 1920 694 illi

112 739 228 777 meo,
245 738 336 781 quo
353 719 571 767 feminino
590 718 803 780 appellavi
818 718 1002 766 culicem
1018 736 1188 779 genere,
1204 718 1401 778 gratiam3
1418 732 1460 765 et
1474 716 1596 778 quod
1613 735 1786 764 causam
1802 716 1923 764 dedit

111 789 192 836 tibi
213 788 535 849 elegantissimo
556 787 746 835 disticho
767 786 844 834 illo
866 786 1229 847 hendecasyllabo
1250 785 1521 833 admonendi
1542 786 1647 833 mei·
1665 800 1707 832 et
1727 785 1837 831 mihi
1858 800 1923 832 ut-

111 875 285 918 cunque
302 855 610 917 respondendi.
630 860 802 911 Fateor,
818 856 891 901 vix
906 855 1057 916 putavi
1073 869 1121 902 ut
1138 855 1348 915 quiquam
1365 854 1616 902 succederet
1631 853 1742 901 adeo
1759 854 1923 900 inexer-

111 926 262 982 citato,
285 924 396 972 adeo
419 924 464 971 id
486 924 691 971 carminis
713 941 848 984 genus
872 924 1035 984 ignaro.
1059 922 1143 970 Sed
1165 922 1346 970 ridicula
1368 940 1463 983 ego,
1488 940 1581 969 non
1605 923 1751 969 minus
1776 921 1924 969 forsan

112 995 201 1055 ipse
225 993 446 1049 ridiculus,
470 1011 568 1040 sum
590 1007 853 1054 persecutus.
877 991 996 1039 Vale.

976 1134 1058 1175 216

673 1204 751 1244 To
773 1205 1014 1243 ANGELO
1037 1203 1361 1243 POLIZIANO

945 1274 1090 1320 [1494]

198 1366 317 1414 Ed.v,
337 1369 406 1418 Ly,
426 1369 569 1414 mm,
590 1369 746 1414 382-84‚
766 1366 806 1405 in
826 1365 932 1418 reply
950 1378 991 1406 to
1012 1368 1131 1413 X11,8,
1151 1368 1306 1413 380-81;
1326 1364 1439 1413 Scala,
1460 1367 1628 1405 215-216
1648 1367 1834 1413 [144-45].

111 1471 475 1519 Bartholomaeus
503 1470 624 1518 Scala
650 1470 824 1531 Angelo
853 1470 1074 1517 Politiano
1102 1488 1183 1517 suo
1210 1470 1408 1517 salutem.
1438 1470 1588 1517 Nimis
1620 1484 1850 1517 emunctae
1880 1487 1923 1516 es

111 1540 240 1596 naris,
260 1539 489 1586 Politiane.
510 1543 622 1586 Non
639 1539 892 1586 scribuntur
914 1538 1039 1599 (mihi
1059 1538 1200 1599 crede)
1221 1539 1431 1586 nostratia
1450 1538 1556 1585 haec
1572 1538 1667 1594 tibi,
1689 1539 1764 1598 qui
1781 1537 1836 1585 ad
1853 1556 1923 1584 an-

110 1608 362 1668 tiquitatem
387 1607 516 1668 plane
545 1608 770 1654 accesseris
794 1608 988 1667 propius.
1021 1611 1121 1654 Nos
1149 1624 1325 1667 quoque
1353 1606 1639 1667 popularibus
1670 1607 1750 1653 ista
1776 1621 1818 1653 et
1846 1607 1922 1666 qui

111 1690 262 1722 nostra
284 1675 363 1722 hac
385 1675 704 1731 mediocritate,
724 1674 1019 1731 elimandi[iis]
1040 1693 1149 1735 quae
1169 1675 1412 1730 scribimus,
1438 1675 1639 1721 contenti
1658 1689 1773 1721 sunt.
1798 1674 1924 1733 Quid

111 1745 231 1791 enim
255 1745 346 1791 istis
370 1745 455 1791 tuis
481 1743 782 1790 eruditissimis
807 1743 982 1790 auribus
1007 1744 1243 1790 convenire
1266 1745 1434 1804 potest?
1459 1742 1585 1802 Quid
1610 1742 1822 1790 iudicium
1847 1743 1924 1788 im-

109 1812 229 1873 plere
249 1826 378 1859 tuum
400 1814 582 1873 quaeso?
605 1814 668 1858 Te
689 1826 838 1858 tamen
858 1811 971 1868 vide,
993 1829 1047 1858 ne
1067 1811 1246 1872 quando
1267 1811 1335 1858 vel
1357 1812 1515 1858 iniuria
1535 1812 1678 1858 acrior
1697 1829 1785 1858 esse
1806 1829 1927 1857 accu-

109 1895 230 1927 sator
261 1881 528 1940 scriptorum
565 1879 810 1927 alienorum
847 1879 1034 1935 videare,
1067 1879 1384 1927 consuetudine
1419 1879 1622 1935 docendi,
1657 1878 1804 1934 credo,
1838 1897 1925 1939 qua

110 1947 414 1995 Florentinam
438 1948 714 1995 iuventutem
736 1962 804 1995 tot
826 1948 911 1995 iam
934 1948 1109 1995 instruis
1133 1965 1272 1995 annos
1293 1947 1523 2008 reddisque
1543 1965 1628 2008 pro
1649 1947 1815 1994 viribus
1838 1965 1924 1994 me-

110 2016 282 2064 liorem.
316 2021 366 2063 In
397 2016 768 2077 hendecasyllabis
800 2017 845 2062 in
875 2031 1003 2064 tuum
1035 2016 1219 2063 culicem
1251 2017 1376 2063 meis²
1406 2016 1607 2063 nondum
1642 2034 1666 2063 a
1695 2034 1765 2062 me
1797 2015 1924 2063 editis

111 2085 326 2146 quaedam
342 2086 481 2146 carpis
497 2084 773 2132 festinantius
790 2103 887 2132 mea
900 2085 1117 2132 sententia
1130 2103 1262 2146 quam
1276 2103 1453 2145 gravem
1468 2085 1614 2132 virum
1631 2084 1794 2131 deceat.
1809 2088 1921 2131 Non

111 2153 234 2215 quod
250 2153 462 2214 refugiam
479 2152 785 2214 fastidiamque
801 2153 953 2201 limam
970 2168 1106 2210 tuam,
1124 2171 1209 2215 qua
1224 2153 1333 2200 nihil
1351 2153 1545 2201 accidere
1558 2152 1716 2200 talibus
1733 2153 1779 2199 in
1797 2152 1925 2200 rebus

111 2223 347 2283 quicquam
370 2237 517 2283 potest
541 2223 747 2283 optatius;
771 2222 847 2269 sed
868 2223 1015 2269 nescio
1039 2240 1129 2283 quo
1154 2221 1307 2270 modo¹
1330 2240 1520 2283 praecox
1544 2221 1615 2269 illa
1640 2223 1702 2282 (ut
1726 2222 1786 2269 ita
1807 2221 1923 2269 dixe·

111 2291 210 2351 rim)
236 2290 441 2337 vilescere
460 2291 521 2337 sic
542 2290 718 2337 videtur
735 2292 951 2338 severitas.
974 2292 1113 2338 Mitto
1133 2309 1240 2338 vero
1261 2290 1342 2338 alia
1363 2309 1472 2352 quae
1494 2290 1645 2351 legeris
1663 2306 1817 2351 postea
1838 2290 1923 2337 for-

109 2376 186 2405 san
210 2358 524 2405 emendatiora.
550 2358 662 2405 Illud
685 2358 861 2419 rigidius
886 2377 910 2406 a
931 2374 974 2406 te
997 2360 1253 2419 castigatum
1276 2374 1338 2406 est
1362 2377 1494 2420 quam
1519 2377 1541 2406 e
1565 2377 1609 2406 re
1633 2358 1777 2406 fuerit.
1803 2359 1922 2406 Solet

111 2444 239 2473 amor
255 2441 434 2473 mutuus
454 2427 586 2473 etiam
605 2445 714 2487 quae
731 2427 876 2474 minus
896 2426 1025 2474 firma
1039 2428 1183 2488 posita
1199 2428 1301 2483 sint,
1318 2442 1366 2474 ut
1385 2427 1650 2488 quandoque
1668 2426 1839 2483 accidit,
1857 2445 1925 2474 ex-

111 2512 259 2542 cusare
287 2509 329 2542 et
358 2496 543 2542 munire.
575 2497 644 2542 Tu
674 2510 828 2542 contra
856 2495 977 2556 quod
1007 2510 1175 2543 rectum
1203 2510 1264 2543 est
1296 2497 1358 2556 (ut
1388 2495 1498 2542 mihi
1526 2495 1705 2556 quidem
1733 2495 1922 2555 videtur)

113 2564 352 2623 intorques.
378 2566 523 2610 citare
541 2578 657 2610 certe
677 2581 855 2610 movere
875 2578 951 2619 est,
970 2564 1155 2611 verbum
1178 2565 1240 2624 (ut
1259 2565 1386 2624 puto)
1409 2582 1433 2611 a
1449 2567 1514 2611 cio
1532 2582 1612 2624 per
1629 2563 1923 2624 frequentiam

110 2630 387 2691 significandi
420 2631 600 2687 factum,
631 2631 748 2678 unde
778 2635 942 2679 concito
975 2647 1037 2679 est
1069 2647 1111 2679 et
1142 2635 1273 2679 incito
1305 2646 1346 2679 et
1377 2635 1503 2679 oscito
1535 2647 1577 2679 et
1607 2635 1739 2679 excito
1771 2647 1813 2679 et
1843 2631 1925 2678 alia

114 2698 432 2755 huiuscemodi,
457 2700 501 2745 in
522 2699 679 2760 quibus
701 2714 762 2746 est
782 2700 989 2747 omnibus
1011 2699 1326 2747 commovendi
1347 2701 1424 2756 vis,
1447 2718 1532 2760 qua
1551 2700 1659 2746 nihil
1679 2718 1841 2747 somno
1862 2714 1924 2747 est

114 2768 247 2828 magis
267 2768 553 2814 contrarium:
576 2768 610 2815 si
631 2767 810 2828 quidem
829 2769 925 2815 otio
945 2769 978 2815 is
998 2768 1052 2815 ali
1070 2768 1180 2816 solet
1200 2783 1242 2815 et
1261 2769 1420 2829 quiete,
1440 2786 1550 2829 quae
1569 2783 1611 2815 et
1630 2769 1720 2829 ipsa
1738 2786 1921 2815 somnus

192 3028 205 3042 ²
228 3026 333 3061 ‘Non
354 3038 435 3061 sum
459 3023 603 3067 femina,
628 3023 735 3068 Smla,
760 3038 825 3062 nec
847 3023 965 3062 latinis
989 3024 1009 3062 l
1032 3028 1111 3062 Nec
1134 3026 1273 3073 graecis,
1299 3024 1379 3062 ideo
1402 3024 1517 3073 placet
1540 3024 1682 3073 puella.’
1708 3024 1923 3062 Poliziano's

113 3074 236 3113 Greek
250 3077 408 3124 epigram
423 3088 464 3113 to
480 3075 577 3114 Scala
592 3077 619 3113 'm
633 3075 826 3114 translated
842 3077 920 3114 into
935 3077 1050 3120 Latin,
1065 3091 1100 3114 as
1117 3079 1172 3114 ‘In
1186 3076 1351 3121 Culicffi,’
1370 3077 1409 3113 in
1424 3076 1507 3114 I.del
1523 3080 1661 3125 Lungo,
1676 3079 1777 3114 Pmse
1790 3076 1923 3124 volgari

113 3128 256 3166 inedite.
272 3159 279 3166 .
295 3159 302 3166 .
316 3128 356 3166 di
370 3129 605 3172 A.Poliziano,
626 3129 808 3173 Florence,
830 3133 927 3173 1867,
946 3133 1024 3167 224.

193 3190 206 3204 ²
222 3188 285 3223 See
301 3185 407 3223 letter
422 3189 500 3230 215,
520 3198 607 3223 note
624 3186 667 3234 a).
