2118 3450
140 172 369 207 PRIVATE
396 171 622 205 LETTERS
1880 159 1935 200 17

139 304 275 358 sunt.¹’
297 310 340 357 Si
362 327 431 356 eas
455 308 555 356 huic
575 325 715 369 puero
738 306 978 362 tradideris,
1002 306 1153 353 feceris
1173 305 1281 352 mihi
1306 323 1397 352 rem
1418 319 1663 366 pergratam
1686 319 1727 351 et
1750 322 1841 351 non
1865 304 1940 351 diu

140 396 164 425 a
183 395 252 424 me
272 376 599 424 detinebuntur.
622 379 699 422 Me
716 374 796 422 tibi
816 375 895 435 ipsi
915 373 1190 421 commenda.
1211 372 1330 420 Vale.
1352 377 1415 418 Ex
1435 371 1688 419 cancellaria
1706 386 1854 418 nostra
1874 371 1943 418 die

140 446 199 492 xii
221 444 407 504 Augusti
436 448 554 490 1465.
579 442 914 490 Bartholomeus
937 441 1056 488 Scala
1076 440 1190 487 filius
1212 455 1323 487 tuus.

1014 582 1067 623 22

611 653 689 693 TO
710 653 1035 692 NICODEMO
1058 652 1471 691 TRANCHEDINI

754 720 978 766 Florence,
999 723 1050 760 28
1071 719 1196 772 April
1222 722 1326 759 1466

596 812 669 862 Ri³,
690 813 756 854 fol.
780 817 884 854 108v.
905 815 1032 866 Copy.
1052 813 1120 854 Ed.
1141 815 1240 861 Gen,
1264 816 1343 861 136,
1363 812 1484 853 doc.6.

137 919 387 967 Nicodeme
407 918 638 979 magnifice
654 932 780 979 pater
795 918 869 964 mi.
891 916 1153 964 Perdifficile
1170 916 1266 973 fuit,
1286 931 1434 964 tamen
1453 916 1645 963 decrevit
1659 916 1940 976 Magistratus

138 1003 185 1036 ut
216 986 588 1043 Thommacellus‚
623 987 731 1047 regis
762 985 956 1047 legatus‚²
988 1000 1200 1033 consueto
1232 985 1425 1032 muneris
1459 984 1628 1032 honore
1663 1002 1755 1031 non
1787 998 1942 1031 careat.

138 1056 278 1116 Quod
298 1071 339 1103 et
355 1070 541 1116 propter
558 1073 703 1115 regem
722 1069 764 1102 et
779 1069 963 1115 propter
981 1069 1038 1110 te,
1057 1054 1132 1115 qui
1149 1053 1430 1110 admonuisti,
1452 1068 1494 1100 et
1510 1067 1739 1114 postremo
1757 1067 1942 1113 propter

137 1124 328 1184 legatum
346 1124 503 1184 ipsum,
526 1123 600 1183 qui
619 1122 712 1169 heri
729 1123 844 1169 visus
862 1136 924 1169 est
944 1136 985 1168 et
1002 1122 1112 1168 bene
1133 1121 1348 1168 humanus
1368 1135 1410 1168 et
1427 1121 1538 1168 bene
1557 1120 1725 1176 doctus,
1746 1120 1855 1166 mihi
1876 1135 1938 1167 est

138 1209 270 1252 quam
287 1191 593 1251 gratissimum.
617 1189 762 1237 Velim
781 1207 851 1236 me
871 1190 909 1236 ei
927 1207 1018 1236 non
1037 1189 1272 1249 vulgariter
1288 1188 1583 1236 commendes.
1605 1188 1724 1235 Vale.
1744 1192 1808 1234 Ex
1829 1191 1942 1234 Can-

138 1259 309 1307 cellaria
328 1258 397 1306 die
418 1263 471 1305 28
494 1257 658 1319 Aprilis
686 1262 804 1305 1466.
828 1257 960 1304 Filius
982 1272 1081 1304 tuus
1104 1256 1439 1304 Bartholomeus
1461 1256 1582 1303 Scala
1601 1255 1909 1303 Cancellarius.

1012 1399 1064 1441 23

608 1470 686 1510 TO
707 1471 1033 1510 NICODEMO
1055 1469 1469 1509 TRANCHEDINI

764 1537 989 1584 Florence,
1010 1540 1060 1578 26
1082 1540 1183 1590 May
1206 1540 1310 1578 1466

597 1629 671 1680 Ri³,
691 1630 759 1672 fol.
783 1634 887 1672 108v.
908 1633 1035 1684 Copy.
1055 1630 1112 1672 ed.
1134 1633 1232 1679 Gen,
1257 1634 1335 1679 136,
1355 1630 1476 1671 doc.7.

135 1735 373 1797 Magnifice
389 1750 526 1797 pater.
543 1736 586 1783 Si
601 1734 770 1796 populo
790 1734 1052 1782 satisfaceret
1068 1734 1139 1782 illa
1154 1734 1482 1782 consuetudinis
1502 1752 1640 1791 causa,
1656 1734 1767 1782 bene
1786 1752 1851 1781 res
1869 1733 1939 1781 ha-

136 1805 271 1852 beret.
292 1804 376 1851 Sed
395 1805 429 1851 is
449 1821 571 1851 suam
594 1804 718 1851 novit
741 1803 1104 1851 consuetudinem
1128 1818 1256 1864 atque
1275 1821 1327 1851 ex
1347 1821 1396 1850 ea
1410 1803 1587 1864 pendet.
1609 1807 1685 1850 Me
1705 1803 1846 1850 movit
1867 1802 1942 1850 ob-

135 1873 352 1920 servantia
369 1890 466 1919 mea
483 1871 866 1918 vehementissima
885 1872 930 1918 in
949 1889 1108 1932 regem,
1126 1886 1174 1918 ut
1195 1871 1302 1917 nihil
1324 1886 1431 1918 esset
1450 1871 1571 1932 quod
1591 1872 1723 1918 etiam
1743 1870 1939 1918 malivoli

136 1940 359 1987 criminari
375 1954 567 2000 possent.
588 1940 697 1986 Satis
714 1954 775 1986 est
794 1957 965 1986 causam
983 1940 1090 1999 Regi
1109 1954 1261 1986 notam
1281 1957 1381 1986 esse.
1402 1938 1630 2000 Quicquid
1649 1938 1867 1995 decernet,
1883 1956 1943 1986 sa-

133 2008 308 2069 pienter
334 2007 560 2054 decretum
587 2007 667 2054 erit
695 2021 736 2054 et
764 2025 844 2054 nos
873 2006 917 2054 id
941 2025 1025 2068 pro
1053 2007 1217 2054 viribus
1246 2006 1544 2063 defendemus,
1574 2007 1653 2054 etsi
1678 2007 1936 2067 sapientiam

136 2075 377 2123 multitudo
404 2075 520 2122 haud
544 2076 683 2131 novit,
708 2075 784 2122 sed
807 2093 902 2122 earn
927 2076 1058 2122 etiam
1083 2075 1222 2122 ridere
1244 2075 1367 2122 solet.
1394 2075 1513 2122 Vale.
1540 2079 1604 2121 Ex
1629 2075 1938 2122 molestissimo

135 2161 305 2191 carcere
317 2144 646 2200 scrutiniorum,
669 2143 737 2191 die
753 2148 808 2191 26
823 2144 931 2191 Maii
953 2148 1071 2191 1466.
1090 2143 1222 2191 Filius
1240 2158 1339 2191 tuus
1356 2143 1692 2191 Bartholomeus
1709 2143 1829 2191 Scala
1845 2161 1941 2190 can—

135 2212 343 2260 cellarius.

212 2846 228 2871 ¹³
243 2851 339 2890 Scala
353 2851 460 2890 refers
474 2864 514 2890 to
529 2852 592 2890 the
605 2853 747 2901 victory
760 2852 801 2890 of
815 2856 991 2897 Ferrante,
1006 2852 1092 2902 king
1107 2852 1148 2891 of
1159 2856 1197 2890 N
1200 2853 1304 2902 aples,
1321 2867 1410 2892 over
1423 2853 1478 2891 his
1492 2853 1581 2891 rival
1591 2856 1679 2901 Jean
1691 2853 1733 2891 of
1745 2854 1870 2902 Anjou
1884 2867 1938 2891 on

133 2909 154 2942 7
164 2904 259 2954 July;
271 2908 407 2954 Jacopo
425 2906 621 2950 Piccinino,
637 2909 828 2944 Francaeco
842 2906 994 2945 Sforza’s
1008 2906 1220 2951 son-in-law,
1237 2906 1306 2945 had
1319 2906 1411 2945 been
1424 2906 1646 2956 imprisoned
1661 2906 1731 2945 and
1744 2906 1936 2944 murdered

133 2958 173 2995 in
191 2957 326 3007 Naploe
348 2958 388 2995 in
402 2961 494 3005 June
514 2957 604 2996 after
621 2957 798 3007 deserting
818 2957 880 2997 the
900 2960 1083 3007 Angevins
1102 2958 1162 2997 for
1180 2962 1356 3003 Ferrante,
1374 2973 1431 2997 see
1452 2958 1663 3003 A.Portioli‚
1686 2961 1747 2997 ‘La
1766 2971 1885 2997 mone
1903 2958 1942 2997 di

130 3013 265 3059 Jacopo
289 3011 498 3055 Piccinino‚’
515 3010 682 3048 Archivio
699 3014 820 3049 storico
842 3011 1022 3049 lombardo
1042 3016 1060 3049 5
1083 3011 1208 3060 (1882),
1235 3015 1332 3055 1-18,
1354 3011 1424 3049 and
1444 3013 1643 3049 C.Canetta
1663 3013 1725 3049 ‘La
1743 3023 1862 3049 morte
1881 3010 1938 3049 del

134 3063 256 3100 Conte
270 3064 366 3109 J.P.,’
387 3062 469 3100 ibid.
489 3066 509 3100 9
529 3062 655 3111 (1882),
676 3066 822 3107 252-88;
842 3062 1012 3101 cf.Scala's
1032 3064 1191 3101 Oration
1206 3063 1328 3101 before
1347 3066 1513 3101 Ferrante
1528 3066 1647 3109 [1465]
1665 3063 1784 3111 (IV,2).

214 3125 227 3140 ³
245 3121 390 3158 Marino
411 3120 607 3159 Tomacelli
627 3121 867 3170 (1419-1515),
890 3121 1109 3170 Neapolitan
1127 3121 1351 3160 ambassador
1372 3123 1411 3159 in
1429 3121 1600 3160 Florence
1618 3121 1715 3159 from
1738 3125 1779 3159 16
1799 3124 1939 3170 August

137 3176 235 3216 1465,
256 3173 418 3217 Ceriom',
434 3173 655 3221 Diplomazia
672 3173 840 3221 sforzaca,
861 3177 885 3218 Ι,
904 3177 981 3218 240,
1000 3177 1176 3218 Lorenzo,
1193 3177 1331 3218 Lettere,
1351 3177 1375 3218 Ι,
1397 3177 1449 3218 17,
1468 3186 1554 3211 note
1575 3177 1604 3211 1.
