2124 3464
211 177 266 218 98
1837 184 1974 218 PART
1999 185 2013 218 I

211 319 502 375 Pratensibus,
526 321 600 380 qui
619 319 734 366 fama
753 319 979 375 excellent,
997 319 1118 366 dono
1138 319 1373 375 dedissetis,
1389 319 1593 380 profecto
1609 335 1756 367 vestro
1775 338 1956 368 munere
1976 335 2018 368 et

210 387 431 435 beneficio
453 405 522 434 me
542 387 667 434 vobis
691 386 882 434 multum
906 387 1210 447 obligaveritis.
1235 391 1295 434 At
1317 387 1492 435 dedistis
1514 387 1741 435 hominem
1765 389 1956 436 amicum
1978 403 2020 436 et

208 474 292 517 pro
323 456 444 503 cuius
474 455 610 503 salute
637 455 880 516 plurimum
913 455 1240 502 elaboraverim:
1273 455 1415 503 multo
1446 453 1525 503 est²
1554 457 1744 503 maxima
1772 456 2019 517 obligatio.²

209 523 336 571 Nihil
363 523 543 571 tandem
568 524 718 571 animo
744 541 846 571 meo
870 523 1071 571 accidisse
1097 523 1181 571 hoc
1206 538 1405 584 tempore
1429 525 1575 585 potuit
1602 524 1844 572 iocundius.
1873 529 2019 573 Antea

211 610 387 653 quoque
406 592 565 639 multas
583 591 640 639 ob
661 610 805 639 causas
822 606 863 639 et
879 592 1039 639 merito
1056 591 1233 652 quidem
1251 593 1382 639 istum
1400 593 1714 652 magistratum,
1733 593 1859 640 istam
1876 593 2015 641 claris-

209 661 366 707 simam
387 660 543 707 urbem
566 659 852 707 observabam
875 661 1038 716 animo,
1063 674 1104 707 et
1124 678 1215 707 non
1236 678 1384 707 amore
1406 660 1556 716 modo,
1579 660 1655 707 sed
1674 659 1823 707 etiam³
1844 679 2019 709 venera-

210 729 332 775 tione
349 727 538 788 quadam
553 727 861 788 prosequebar.
884 727 1027 774 Modo
1045 742 1217 775 tantum
1236 727 1434 775 additum
1451 742 1527 784 est,
1543 742 1591 775 ut
1610 728 1710 775 addi
1725 729 1811 775 iam
1829 728 2015 789 amplius

211 795 319 842 nihil
342 796 492 856 possit.
520 800 622 842 Hoc
646 795 831 842 dixerim
854 810 895 842 et
917 795 1274 842 confirmaverim
1297 795 1454 843 habere
1475 814 1554 843 vos
1578 795 1647 843 hic
1670 795 1898 843 hominem
1923 815 2016 844 non

210 864 336 912 aliter
352 863 562 911 affectum
582 863 784 924 dignitati
804 878 932 924 atque
953 863 1113 911 honori
1135 878 1295 920 vestro,
1315 881 1446 924 quam
1466 865 1500 911 si
1522 868 1661 911 Lucae
1680 878 1787 912 esset
1808 879 1934 912 natus
1956 865 2016 911 in—

209 947 277 980 ter
291 950 365 979 eos
384 933 459 993 qui
475 931 601 979 vobis
619 946 788 993 parent.
807 936 966 993 Neque
984 933 1217 993 quicquam
1238 947 1299 979 est
1316 932 1422 993 quid
1439 933 1572 993 magis
1590 947 1791 993 expetam
1811 932 1895 980 hoc
1913 947 2020 980 tem-

208 1018 316 1061 pore
336 1018 481 1076 quam
512 999 695 1047 obferri⁴
726 998 986 1047 commodo5
1020 1018 1180 1060 magno
1210 1015 1356 1047 vestro
1386 1002 1675 1057 occasionem,
1708 1019 1793 1061 qua
1819 1001 2014 1048 studium

210 1069 345 1115 animi
365 1069 452 1115 mei
470 1069 515 1114 in
534 1086 613 1115 vos
632 1067 834 1115 ornando
854 1083 982 1129 atque
999 1068 1187 1115 colendo
1204 1069 1368 1128 possim
1389 1068 1631 1116 ostendere.
1650 1073 1726 1116 Me
1742 1068 1868 1116 vobis
1886 1068 2018 1130 pluri-

210 1154 334 1183 mum
360 1136 642 1183 commendo.
668 1135 833 1183 Valete.
856 1141 919 1182 Ex
942 1136 1109 1183 Palatio
1130 1136 1388 1183 Florentino
1411 1136 1512 1184 die
1502 1137 1530 1183 1i
1551 1138 1660 1184 Maii
1686 1141 1804 1184 1481.

1078 1245 1155 1286 105

542 1315 620 1354 ΤΟ
643 1316 1095 1355 BUONACCORso
1116 1316 1364 1355 MASSARI
1386 1317 1451 1355 IN
1472 1317 1682 1355 LUCCA²

976 1386 998 1422 2
1020 1386 1121 1435 May
1145 1386 1246 1423 1481

291 1477 386 1516 Miss
407 1479 465 1524 48,
486 1475 552 1516 fol.
573 1479 682 1516 213v.
704 1476 906 1528 Chancery
924 1476 1033 1524 draft,
1054 1476 1205 1517 headed:
1230 1477 1414 1517 ‘Nomine
1436 1476 1600 1517 eiusdem
1622 1476 1785 1525 [domini
1806 1476 1935 1518 Barth-

292 1532 451 1580 olomei]
472 1530 646 1572 domino¹
668 1533 921 1572 Bonaccursio
941 1533 1136 1580 Massario,
1158 1532 1376 1573 cancellario
1398 1535 1592 1573 Luc‹c›ae.'

207 1640 379 1693 Fateor,
403 1654 563 1683 munus
589 1654 798 1697 magnum
825 1651 886 1683 est
910 1635 1101 1683 hominis
1127 1655 1299 1693 munus,
1326 1636 1401 1684 sed
1423 1636 1564 1684 multo
1589 1651 1636 1684 tu
1659 1636 1841 1698 epistola
1864 1651 1939 1684 tua
1961 1636 2018 1684 fe-

209 1706 303 1752 cisti
322 1704 367 1752 id
383 1706 535 1762 maius,
557 1704 666 1752 adeo
683 1706 845 1752 scivisti
864 1705 909 1752 id
925 1705 1136 1752 adornare
1155 1706 1352 1753 comiter.
1371 1709 1440 1753 De
1458 1705 1605 1753 studio
1624 1720 1770 1753 autem
1786 1720 1866 1753 tuo
1885 1706 1930 1752 in
1949 1723 2019 1753 me

209 1773 348 1834 deque
369 1788 443 1820 tua
462 1770 612 1834 opera2
635 1791 861 1834 nunquam
883 1774 1010 1834 potui
1033 1773 1245 1830 dubitare,
1265 1774 1340 1821 sed
1360 1792 1408 1821 ea
1427 1774 1536 1820 mihi
1558 1774 1701 1821 multo
1723 1771 1859 1821 nunc³
1881 1775 2015 1834 magis

208 1859 318 1902 opus
343 1856 418 1888 est.
443 1845 557 1901 Agas
580 1841 712 1888 velim
733 1842 901 1901 gratias,
923 1856 971 1888 ut
994 1859 1080 1888 esse
1102 1860 1211 1902 opus
1234 1856 1373 1902 putas,
1397 1857 1438 1889 et
1460 1843 1728 1902 magistratui
1751 1856 1793 1889 et
1811 1842 2013 1902 primori-

207 1909 287 1956 bus
312 1927 422 1970 quos
446 1927 606 1966 narras,
629 1910 703 1970 qui
724 1924 824 1956 sunt
850 1910 894 1956 in
919 1909 1065 1957 dando
1087 1909 1196 1956 mihi
1220 1909 1305 1957 hoc
1327 1909 1592 1957 beneficium
1616 1909 1831 1971 opitulati.
1857 1911 2013 1957 Carius

208 1992 324 2024 certe
346 1977 498 2024 datum
521 1977 648 2024 fuisse
673 1977 837 2038 aliquid
858 1996 950 2024 non
971 1979 1130 2038 potuit.
1155 1978 1260 2025 Vale
1283 1977 1351 2025 die
1374 1993 1529 2039 questo
1549 1996 1689 2039 supra.

1076 2085 1153 2127 106

675 2155 753 2195 To
775 2146 1046 2195 NICCOLO
1069 2157 1232 2195 GIGLI
1254 2158 1319 2195 IN
1339 2157 1546 2195 LUCCA²
1581 2177 1586 2181 -

974 2226 997 2262 2
1019 2226 1120 2275 May
1143 2226 1244 2263 1481

290 2316 384 2355 Miss
403 2319 461 2363 48,
481 2315 547 2356 fol.
565 2319 668 2356 214r.
689 2315 891 2368 Chancery
906 2315 1015 2364 drast,
1034 2316 1186 2356 headed:
1208 2317 1392 2356 ‘Nomine
1411 2316 1575 2356 eiusdem
1595 2316 1758 2364 [domini
1777 2316 1933 2356 Bartho-

290 2371 422 2420 lomei]
443 2371 602 2412 domino
623 2371 809 2412 Nicolaeo
831 2371 876 2412 de
898 2371 1041 2424 Giglis!

206 2475 461 2536 Spectabilis
484 2476 627 2523 maior
648 2475 919 2523 honorande.
944 2477 1147 2523 Antonio
1171 2476 1224 2523 da
1243 2481 1401 2523 Monte
1421 2476 1651 2532 Vettolini‚
1675 2475 1703 2522 il
1724 2476 1849 2537 quale
1869 2494 1950 2537 per
1967 2475 2013 2523 li-

287 2712 299 2726 ²
314 2709 379 2745 On
392 2711 436 2744 27
451 2707 557 2756 April
569 2707 631 2745 the
647 2707 833 2756 Consiglio
852 2707 1025 2746 Generale
1039 2707 1080 2746 of
1092 2711 1205 2746 Lucca
1218 2707 1364 2746 decided
1377 2720 1416 2746 to
1433 2707 1559 2746 release
1573 2708 1740 2746 Antonio
1752 2707 1796 2746 de
1812 2710 2015 2746 Montevet-

205 2758 324 2796 tolino
344 2758 442 2796 from
465 2759 780 2797 ‘condemnatione
803 2772 837 2797 et
856 2774 948 2808 pena
967 2761 1119 2804 mortis,‘
1143 2762 1219 2808 ‘per
1240 2772 1437 2808 respectum
1459 2772 1494 2797 et
1514 2759 1871 2808 contemplationem’
1892 2759 1934 2797 of
1951 2759 2015 2797 the

206 2813 369 2860 Signoria
387 2811 428 2849 of
446 2812 628 2857 Florence,
647 2816 811 2850 Lorenzo
831 2812 886 2850 de’
907 2812 1040 2850 Medici
1056 2812 1126 2850 and
1146 2812 1400 2850 Bartholomeo
1420 2812 1526 2857 Scala,
1546 2813 1620 2861 ‘qui
1638 2826 1764 2850 omnes
1783 2826 1911 2861 magna
1928 2825 2012 2850 cum

207 2865 376 2902 instantia
391 2876 425 2902 et
445 2864 694 2902 efficacissimis
714 2865 878 2913 precibus
897 2877 1025 2913 petunt
1042 2864 1292 2903 liberationem
1311 2866 1416 2903 unius
1434 2865 1611 2903 carcerati'
1630 2864 1697 2913 (see
1716 2864 1821 2902 letter
1838 2863 1927 2913 101),
1948 2867 2012 2909 Lu,

207 2916 395 2964 Consiglio
417 2916 591 2954 Generale
608 2920 662 2961 21,
681 2916 744 2954 fol.
766 2920 859 2954 114r.
879 2916 936 2954 Cf.
957 2916 1038 2954 ibid.
1060 2920 1136 2961 534,
1155 2921 1271 2965 reg.40
1290 2917 1459 2965 (Anziam'
1474 2929 1514 2954 to
1532 2916 1594 2954 the
1611 2917 1773 2965 Signoria
1787 2916 1829 2954 of
1844 2915 2016 2954 Florence

206 2968 277 3006 and
295 2968 485 3016 Lorenzo),
505 2972 681 3013 Lorenzo,
699 2972 838 3013 Lettere,
857 2972 900 3013 V,
923 2972 1065 3006 178—79.

287 3031 299 3045 ²
314 3029 379 3064 On
394 3028 551 3070 Massari‚
568 3026 773 3065 chancellor
785 3026 826 3064 of
838 3030 961 3071 Lucca,
976 3041 1032 3065 see
1050 3026 1254 3071 R.Cardini,
1267 3030 1316 3065 La
1331 3030 1446 3065 critica
1459 3027 1516 3065 del
1526 3027 1698 3071 Landino,
1714 3026 1895 3070 Florence,
1914 3029 2012 3070 1973,

287 3141 299 3155 ²
316 3139 381 3174 On
398 3136 505 3184 Gigli,
525 3136 745 3174 ‘autorevole
759 3138 923 3185 patrizio,
940 3136 1003 3185 piu
1018 3136 1115 3174 volte
1133 3136 1391 3175 Gonfalom'ere
1407 3150 1426 3174 e
1441 3138 1607 3180 oratore,‘
1626 3139 1801 3180 Lorenzo,
1816 3139 1955 3180 Lettere,
1973 3138 2014 3180 Π,

206 3192 284 3232 408,
304 3200 391 3226 note
412 3192 441 3226 1.
