2060 3450
80 195 422 231 DOCUMENTS
1782 183 1869 224 481

79 335 269 381 Tutores
287 349 371 393 pro
389 346 589 392 tempore
607 344 841 385 curatores,
858 328 975 376 salva
989 346 1162 389 semper
1180 342 1308 389 atque
1326 328 1488 374 intacta
1502 327 1880 374 administratione

80 400 369 448 Maddalenae
387 399 536 446 uxoris
557 398 871 459 suprascriptae
893 396 998 443 volo
1020 413 1120 443 esse:

81 502 324 550 Iohannem
348 501 559 548 Bencium
580 517 781 547 socerum
805 516 953 546 meum

79 570 391 618 Maddalenam
411 585 596 616 uxorem

80 640 324 696 [Tomam]⁸
378 638 394 697 )
432 636 585 684 fratres
620 653 741 683 meos
776 650 823 682 ut
860 634 981 696 quod
1017 633 1126 682 duae
1159 648 1303 695 partes
1338 651 1493 681 eorum
1531 632 1803 680 decreverint
1838 631 1882 679 id

81 706 307 754 Andream
378 706 394 765 )
423 704 668 765 legitimum
696 704 750 751 sit
778 703 886 751 idest
914 720 1067 750 eorum
1096 703 1171 763 qui
1195 702 1543 763 supravixerunt,
1574 701 1633 748 ita
1658 715 1806 748 tamen
1833 715 1880 748 ut

81 773 294 822 Carolum
377 774 392 833 )
420 772 684 820 Maddalena
706 789 842 818 uxore
869 771 1044 818 vivente
1068 770 1176 817 nihil
1206 770 1287 817 nisi
1313 788 1362 817 ea
1385 783 1610 831 praesente
1636 783 1678 816 et
1704 768 1881 816 volente

420 840 515 888 fieri
533 840 586 888 ab
605 840 670 887 his
686 840 837 901 possit,
856 838 1055 887 adhibito
1073 839 1205 886 etiam
1223 839 1268 885 in
1286 837 1471 885 consilio
1489 837 1739 885 Alexandra
1753 855 1881 884 socru

420 926 517 956 mea
535 907 752 969 prudente
774 922 815 955 et
835 908 954 968 gravi
974 906 1150 955 femina.

80 1012 164 1058 His
185 1028 277 1058 non
298 1009 543 1057 ostantibus
565 1027 674 1070 quae
693 1026 823 1070 supra
842 1009 1002 1069 scripta
1019 1022 1135 1064 sunt,
1155 1007 1262 1055 volo
1281 1022 1330 1055 ut
1351 1008 1607 1054 Laurentius
1628 1007 1745 1054 Petri
1765 1006 1881 1054 filius

80 1079 133 1127 de
147 1078 348 1134 Medicis,
366 1078 435 1125 cui
452 1095 534 1138 ego
550 1078 726 1138 eiusque
742 1076 1110 1138 progenitoribus,
1132 1076 1240 1123 idest
1257 1079 1388 1123 Petro
1403 1076 1517 1137 patri
1534 1090 1577 1123 et
1592 1093 1676 1123 avo
1692 1078 1877 1131 Cosmo,

80 1148 231 1194 omnia
257 1146 412 1202 debeo,
437 1146 574 1207 possit
600 1163 684 1206 pro
710 1145 892 1192 arbitrio
917 1162 998 1192 suo
1024 1145 1174 1191 omnia
1201 1144 1306 1191 haec
1330 1158 1499 1191 mutare
1525 1158 1567 1191 et
1591 1158 1802 1204 tanquam
1828 1143 1881 1190 de

80 1214 208 1262 rebus
223 1215 310 1262 suis
328 1213 573 1275 disponere3
591 1213 798 1274 quodque
814 1213 904 1274 ipse
923 1213 1156 1260 mutaverit
1173 1212 1519 1273 disposueritque
1537 1211 1644 1258 volo
1661 1226 1881 1258 mutatum

80 1297 122 1330 et
142 1282 404 1343 dispositum
429 1299 518 1329 esse
540 1281 782 1342 habeatque
802 1280 1024 1328 effectum.

78 1389 132 1433 Et
154 1386 190 1433 si
214 1384 330 1432 filius
353 1400 426 1432 aut
450 1384 544 1440 filii,
567 1385 602 1431 si
627 1385 732 1431 item
756 1383 908 1431 fratres
929 1384 1020 1431 sine
1042 1383 1167 1444 prole
1192 1383 1381 1430 mascula
1403 1382 1678 1439 decesserint,
1701 1382 1807 1429 volo
1829 1383 1883 1430 sit

79 1454 169 1515 ipse
192 1468 265 1500 aut
287 1452 368 1499 filii
390 1453 481 1500 eius
503 1467 632 1514 atque
654 1451 832 1499 heredes
851 1452 937 1499 sint
962 1451 1140 1499 heredes
1161 1452 1260 1499 mei.

77 1559 132 1602 Et
154 1554 281 1611 hanc,
303 1569 384 1601 etc.

79 1626 277 1678 Cassans,
302 1637 383 1669 etc.

79 1695 254 1751 Rogans
276 1705 357 1737 etc.
378 1694 471 1750 Ego
492 1691 646 1737 Simon
670 1691 888 1737 Grazinus
910 1690 1105 1736 notarius
1127 1704 1314 1750 rogatus,
1337 1704 1418 1736 etc.

968 1831 993 1872 8

435 1903 581 1940 BULL
600 1900 913 1940 GRANTING
935 1900 1050 1939 THE
1070 1900 1429 1940 PATRONAGE
1450 1901 1526 1940 OF

383 1970 617 2008 SMARIA
636 1969 1005 2007 MADDALENA
1026 1970 1092 2007 IN
1110 1968 1320 2008 MONTE
1340 1969 1574 2008 VASONE

759 2038 810 2076 28
833 2035 1074 2076 December
1098 2039 1204 2076 1484

562 2131 643 2176 RV,
663 2128 747 2169 fols.
766 2128 969 2176 lxv‘-lxvi‘,
988 2127 1101 2177 Scala,
1126 2132 1288 2169 106-107
1307 2131 1397 2178 [64].

79 2233 362 2279 Innocentius
389 2247 469 2279 etc.
494 2232 674 2279 Dilecto
699 2231 794 2279 filio
821 2232 1135 2280 Bartholomeo
1160 2232 1303 2280 Scalae
1328 2233 1464 2294 equiti
1488 2232 1748 2280 Florentino
1773 2232 1880 2280 salu-

78 2315 184 2357 tem,
206 2315 287 2348 etc.

77 2403 276 2450 Sincerae
293 2403 543 2450 devotionis
563 2402 745 2450 affectus
762 2421 893 2464 quem
912 2403 966 2450 ad
983 2421 1063 2451 nos
1082 2418 1125 2451 et
1142 2407 1389 2451 Romanam
1408 2404 1518 2464 geris
1537 2403 1762 2451 ecclesiam
1779 2422 1879 2464 pro·

79 2485 286 2526 meretur,
305 2485 352 2517 ut
373 2470 445 2517 illa
460 2471 541 2517 tibi
560 2470 858 2518 favorabiliter
875 2471 1166 2518 concedamus
1182 2489 1262 2532 per
1278 2489 1388 2532 quae
1406 2471 1487 2518 tibi
1503 2472 1775 2532 posterisque
1794 2472 1880 2518 tuis

81 2537 227 2584 honor
258 2555 360 2584 cum
391 2552 629 2598 augmento
659 2538 796 2585 divini
827 2538 968 2586 cultus
999 2538 1200 2586 accedere
1227 2539 1375 2599 possit.
1408 2542 1517 2586 Sane
1545 2557 1629 2599 pro
1657 2553 1781 2599 parte
1809 2554 1884 2586 tua

80 2605 207 2652 nobis
234 2623 375 2666 nuper
399 2605 594 2653 exhibita
616 2606 774 2667 petitio
798 2606 1051 2654 continebat
1078 2606 1198 2667 quod
1223 2621 1272 2654 tu
1297 2606 1355 2653 ob
1380 2606 1640 2667 singularem
1670 2625 1802 2668 quem
1828 2606 1883 2654 ad

78 2676 280 2720 Sanctam
295 2675 484 2721 Mariam
499 2673 805 2734 Magdalenam
819 2675 929 2734 geris
944 2674 1193 2722 devotionis
1208 2674 1431 2731 affectum,
1447 2674 1670 2722 ecclesiam
1687 2675 1881 2722 eiusdem

78 2743 258 2788 Sanctae
279 2741 332 2788 de
352 2745 511 2788 Monte
533 2746 706 2789 Vasone
728 2742 1013 2789 Vulterranae
1035 2742 1217 2790 diocesis
1240 2760 1349 2803 quae
1370 2757 1418 2789 ut
1440 2742 1493 2789 ab
1515 2742 1731 2803 aliquibus
1754 2760 1881 2790 asser-

80 2809 168 2856 itur
190 2809 298 2856 olim
324 2809 379 2856 ad
401 2809 586 2856 domum
612 2811 758 2857 Sancti
782 2811 1014 2870 Augustini
1042 2810 1094 2857 de
1117 2810 1245 2858 Colle
1269 2810 1403 2858 Vallis
1427 2810 1547 2858 Elsae
1574 2810 1759 2858 Ordinis
1783 2815 1879 2858 Fra-

79 2890 198 2923 trum
222 2878 553 2924 Heremitarum
576 2877 769 2924 eiusdem
791 2879 936 2925 Sancti
957 2878 1097 2925 dictae
1118 2878 1331 2925 dioc‹esis›
1352 2878 1598 2939 pertinebat
1620 2893 1662 2925 et
1682 2878 1740 2925 ob
1762 2879 1881 2925 sinis—

79 2958 171 2991 tros
190 2945 322 3005 ipsius
341 2960 522 2992 eventus
539 2946 713 3006 penitus
731 2945 906 3006 dirupta
922 2960 963 2993 et
982 2945 1149 2993 dudum
1168 2946 1222 2993 ad
1236 2945 1490 3007 prophanos
1510 2963 1610 2993 usus
1631 2945 1818 2993 deducta
1833 2964 1882 2993 ac

82 3193 147 3228 ¹8⁴
159 3144 172 3158 ¹
186 3142 227 3177 In
240 3139 311 3239 fac3
325 3141 511 3229 Gggvanni
523 3141 552 3178 is
565 3142 722 3184 written,
736 3141 880 3179 Tome's
892 3155 972 3185 son,
988 3141 1073 3179 who
1088 3140 1158 3179 had
1171 3141 1380 3190 apparently
1392 3140 1475 3179 died
1490 3141 1539 3189 by
1552 3140 1652 3185 then,
1664 3155 1722 3179 see
1737 3144 1762 3184 I,
1776 3140 1882 3179 letter

149 3221 157 3234 ,
176 3203 263 3229 note
280 3205 299 3229 c
331 3205 351 3229 a
402 3205 456 3229 ve.
