2124 3464
131 190 362 225 PRIVATE
387 189 615 224 LETTERS
1843 182 1930 223 109

131 343 174 376 et
188 326 420 389 prieghovi
439 326 520 374 che
536 326 582 374 lo
600 327 783 374 serviate
799 344 926 374 come
944 327 1100 373 merita
1115 326 1156 373 la
1171 343 1247 373 sua
1266 325 1376 373 fede.
1394 330 1454 373 La
1469 327 1648 386 cagione
1665 326 1826 387 perche
1845 344 1937 374 non

130 396 268 443 scrive
297 394 483 442 l’Uficio
511 395 546 441 si
577 394 600 441 ὲ
628 393 788 455 perche
817 394 898 441 stia
924 393 1001 454 pifl
1030 408 1213 450 secreto,
1241 393 1401 454 perche
1431 393 1646 440 dubitano
1675 411 1755 454 per
1782 408 1939 454 questo

131 462 336 523 exemplo
358 462 552 510 anchora
571 462 670 509 altri
691 479 783 508 non
803 462 839 508 si
861 462 1048 508 movessi
1072 479 1096 508 a
1116 461 1330 517 chiedere‚
1351 461 1431 508 che
1452 462 1495 507 vi
1517 460 1539 508 ὲ
1561 461 1690 508 molti
1712 461 1934 522 bisognosi

131 546 173 578 et
202 530 332 577 molti
362 548 386 577 a
414 529 486 577 chi
517 529 629 576 male
657 530 693 576 si
722 528 813 589 puo
844 528 1055 589 denegare
1084 529 1237 576 alcuna
1265 547 1377 576 cosa.
1409 528 1560 576 Fatelo
1589 543 1865 576 cautamente
1894 530 1940 575 in

131 597 270 645 modo
289 597 370 644 che
388 596 594 657 Philippo
614 596 746 643 habbi
764 596 912 656 quello
930 614 1010 656 per
1024 595 1055 642 li
1072 599 1190 643 Otto
1207 595 1229 643 ὲ
1246 610 1348 643 suto
1365 595 1607 643 deliberato
1624 611 1666 643 et
1683 614 1769 643 con
1787 611 1940 656 questa

130 665 379 712 intentione
403 664 484 711 che
507 663 605 711 altri
627 681 708 724 per
728 678 884 724 questo
908 681 999 710 non
1026 662 1158 710 habbi
1181 681 1205 710 a
1227 663 1509 710 domandare.
1533 664 1619 710 Die
1642 667 1697 710 24
1722 663 1936 710 Octobris

134 737 253 780 1481.

997 873 1071 913 121

734 943 812 983 ΤΟ
833 943 1113 983 ANTONIO
1135 944 1330 983 PUCCP

822 1014 840 1050 1
864 1010 1118 1051 November
1142 1014 1243 1051 1481

211 1106 372 1202 fflZl,
387 1104 454 1145 fol.
464 1108 597 1177 β’9τ-ν.
612 1104 814 1157 Chancery
827 1103 937 1152 draft,
951 1103 1105 1145 headed:
1123 1105 1309 1145 ‘Antonio
1326 1103 1371 1144 de
1386 1105 1515 1145 Puccis
1530 1105 1688 1145 nomine
1703 1103 1853 1145 domini

329 1176 354 1201 o
370 1176 485 1201 omei.

128 1264 366 1326 Magnifice
388 1279 514 1326 pater
533 1263 790 1312 benefactor
808 1265 882 1311 mi.
908 1263 1071 1311 Perche
1091 1263 1122 1310 li
1144 1267 1262 1311 Otto
1284 1263 1413 1325 hoggi
1438 1282 1531 1311 non
1551 1265 1587 1311 si
1611 1282 1854 1324 ragunono,
1880 1263 1934 1311 ne

129 1333 244 1380 forse
266 1332 459 1380 anchora
481 1332 676 1388 domani,
697 1331 858 1393 perche
882 1349 936 1379 ne
956 1349 1070 1379 sono
1094 1331 1134 1379 la
1155 1333 1350 1392 maggior
1370 1346 1494 1392 parte
1515 1332 1560 1378 in
1581 1331 1697 1388 villa,
1719 1331 1935 1379 scriverro

129 1416 171 1448 et
190 1400 499 1448 rimanderone
520 1400 548 1446 il
567 1399 782 1447 cavallaro
798 1414 951 1447 vostro
967 1399 1129 1460 perche
1147 1417 1241 1447 non
1257 1400 1339 1447 stia
1356 1400 1431 1460 qui
1450 1400 1496 1446 in
1514 1417 1636 1460 spesa
1654 1414 1696 1447 et
1714 1417 1738 1447 a
1755 1399 1934 1460 disagio,

129 1483 171 1516 et
188 1468 367 1530 quando
386 1467 416 1514 li
434 1471 552 1515 Otto
567 1468 645 1529 poi
661 1469 697 1515 si
718 1485 1035 1528 ragunerannO,
1055 1466 1358 1515 manderemol
1376 1485 1469 1515 uno
1487 1467 1555 1515 de’
1575 1468 1716 1515 nostri
1734 1467 1847 1515 colla
1863 1468 1935 1515 ris·

126 1551 255 1599 posta
278 1554 365 1584 con
389 1536 548 1584 alcuno
573 1535 618 1583 di
640 1536 750 1583 loro.
780 1540 858 1583 Ho
879 1536 1050 1597 parlato
1072 1551 1281 1593 stamane‚
1304 1536 1474 1597 veggho
1497 1537 1619 1597 piace
1644 1554 1668 1583 a
1688 1535 1788 1583 loro
1813 1551 1939 1583 tucto

128 1605 277 1667 quello
303 1604 399 1652 ch’e
425 1604 544 1652 facto
566 1619 608 1652 et
635 1604 784 1651 hanno
810 1604 848 1652 al
870 1622 1022 1665 parere
1049 1605 1141 1656 mio
1166 1604 1320 1651 buono
1347 1604 1522 1651 iudicio.
1550 1608 1718 1651 Messer
1740 1605 1935 1651 Giovan-

128 1667 372 1722 francescob
394 1673 416 1721 ὲ
437 1674 526 1734 qui,
548 1672 744 1721 secondo
764 1673 947 1720 scrivete
967 1672 1129 1720 dovere
1148 1674 1310 1720 venire.
1334 1677 1534 1720 Haremo
1556 1672 1636 1720 alle
1658 1674 1778 1720 mani
1799 1688 1841 1720 et
1861 1674 1936 1720 voi

127 1742 173 1790 lo
192 1742 346 1790 havete
363 1741 401 1789 al
418 1742 511 1789 mio
527 1759 679 1802 parere
694 1741 940 1802 sciloppato
958 1741 1084 1798 bene,
1102 1741 1393 1789 monstrando
1411 1741 1452 1788 la
1467 1740 1685 1789 difficulta
1699 1756 1781 1789 etc.
1796 1741 1935 1788 Simil-

128 1825 277 1857 mente
301 1809 442 1857 l’altre
466 1828 565 1857 cose
592 1824 711 1857 tucte
734 1810 900 1870 paiono
925 1824 1076 1870 posate
1102 1824 1144 1856 et
1171 1809 1348 1857 reducte
1372 1808 1410 1856 al
1436 1810 1623 1857 termine
1650 1809 1729 1856 che
1756 1809 1934 1857 devono

128 1896 279 1934 essere,
309 1877 457 1925 subito
490 1877 570 1925 che
602 1877 705 1924 fusti
737 1877 870 1934 costa3
902 1877 956 1924 ne
986 1877 1227 1925 solamente
1259 1877 1298 1924 le
1329 1895 1428 1925 cose
1460 1877 1505 1924 di
1536 1892 1702 1925 cotesta
1730 1877 1836 1924 citta
1865 1895 1937 1924 ma

127 1946 321 1993 anchora
344 1946 390 1992 in
416 1946 655 2006 Lunigiana
681 1946 784 2006 ogni
809 1963 909 1993 cosa
930 1963 1033 2006 pare
1058 1946 1205 2006 quieta
1227 1960 1270 1993 et
1291 1946 1487 2006 provista
1509 1964 1590 2006 per
1612 1960 1763 2006 questa
1787 1960 1935 1993 vostra

127 2014 297 2061 andata.
321 2013 371 2060 El
397 2031 535 2074 grano
560 2013 673 2061 della
692 2012 861 2061 saettia²
883 2031 1096 2074 genovese
1122 2013 1144 2061 ὲ
1169 2031 1193 2061 a
1215 2028 1368 2074 tempo
1391 2013 1462 2074 pel
1487 2014 1674 2074 bisogno
1702 2013 1746 2061 di
1770 2028 1935 2061 coteste

127 2081 335 2129 fortezze.
361 2082 484 2141 Ogni
508 2099 608 2128 cosa
630 2081 686 2128 ha
709 2099 732 2128 a
756 2081 903 2128 ’ndare
927 2081 1038 2128 bene
1062 2081 1174 2128 nelle
1196 2096 1342 2128 vostre
1367 2082 1500 2137 mani,
1525 2096 1567 2128 et
1589 2081 1866 2128 nondimeno
1890 2082 1934 2127 vi

127 2149 328 2196 desidero
349 2149 542 2196 anchora
562 2167 586 2196 a
607 2163 756 2209 queste
778 2167 877 2196 cose
899 2149 943 2196 di
964 2166 1049 2209 qua
1070 2163 1231 2196 nostre.

212 2221 415 2264 Lorenzo
432 2217 556 2273 Nasi,
575 2234 727 2264 nuovo
745 2216 1078 2273 Gonfaloniere‚
1097 2216 1152 2264 ha
1169 2216 1287 2264 facto
1299 2231 1494 2264 stamane
1510 2235 1598 2264 una
1614 2216 1754 2277 degna
1768 2231 1939 2264 entrata

127 2299 169 2332 et
187 2284 293 2332 dato
309 2302 445 2345 segno
463 2284 507 2332 di
526 2284 615 2332 fare
632 2303 725 2332 uno
742 2284 860 2332 bello
878 2284 1027 2332 uficio.
1049 2289 1091 2331 A
1107 2286 1182 2332 voi
1202 2286 1263 2332 mi
1284 2285 1565 2332 racomando.
1584 2285 1671 2332 Die
1688 2286 1837 2346 primo
1857 2303 1933 2332 no—

125 2353 306 2400 vembre
333 2357 451 2400 1481.

127 2605 298 2642 Octoviri
313 2605 489 2653 pratioee.
506 2636 513 2642 .
528 2636 536 2642 .
549 2604 835 2642 deliberaverunt
854 2604 953 2653 quod
971 2604 1142 2643 dominus
1163 2604 1437 2643 Bai-tholomeus
1456 2604 1553 2643 Scala
1570 2619 1637 2643 suo
1659 2606 1810 2643 nomine
1828 2604 1933 2643 faciat

125 2668 291 2694 mutuare
309 2655 478 2706 Philippo
494 2655 539 2694 de
557 2656 782 2694 Machellinis
798 2656 843 2694 de
862 2656 967 2695 Colle
981 2671 1098 2695 unum
1114 2656 1279 2695 modium
1298 2656 1431 2695 farinae
1449 2656 1505 2694 vel
1521 2656 1697 2695 frumenti
1711 2656 1756 2695 de
1774 2671 1817 2694 eo
1836 2656 1935 2706 quod

126 2709 304 2758 reperitur
319 2709 359 2746 in
374 2708 512 2758 oppido
533 2708 647 2747 Collis
664 2710 868 2747 commun'ss
887 2708 1111 2747 Florentiae?

206 2772 220 2786 ²
233 2768 402 2805 Antonio
417 2781 488 2805 was
501 2767 592 2806 then
604 2781 676 2806 one
690 2767 732 2805 of
741 2767 804 2806 the
819 2770 913 2806 Otto
926 2767 965 2806 di
979 2768 1125 2812 Pratioe,
1138 2767 1266 2806 drawn
1279 2782 1314 2806 as
1324 2778 1481 2817 proposto
1496 2782 1549 2806 on
1563 2771 1582 2806 3
1597 2768 1820 2812 November,
1839 2770 1933 2806 Otto

125 2819 275 2863 DelibJ,
290 2818 355 2857 fol.
372 2822 446 2863 39r3
461 2833 519 2857 see
534 2819 598 2857 the
615 2821 740 2858 Otto's
754 2819 860 2857 letter
871 2831 912 2857 to
929 2819 1007 2857 him
1022 2833 1075 2857 on
1090 2823 1134 2857 26
1151 2820 1315 2858 October
1330 2820 1426 2867 (Min
1444 2823 1496 2864 12,
1512 2819 1576 2857 fol.
1593 2819 1685 2868 304),
1704 2819 1875 2868 referring
1890 2831 1930 2857 to

126 2884 147 2908 a
161 2870 323 2908 decision
340 2871 559 2919 concerning
573 2870 637 2909 the
654 2870 908 2915 Valdiserchio‚
927 2871 972 2909 cf.
991 2883 1078 2909 note
1095 2871 1143 2919 b).

206 2923 222 2948 b
243 2928 570 2967 Giovanfrancoeco
588 2929 634 2967 da
652 2930 896 2974 Sanseverino,
916 2941 956 2967 to
976 2929 1102 2967 whom
1119 2929 1182 2968 the
1203 2931 1297 2968 Otto
1315 2929 1463 2968 decided
1479 2942 1520 2967 to
1539 2929 1645 2967 make
1664 2943 1684 2967 a
1701 2941 1874 2978 payment
1892 2929 1934 2967 of

129 2984 217 3019 1500
233 2980 362 3019 florins
380 2995 433 3019 on
451 2984 494 3018 12
511 2981 723 3025 December,
743 2983 838 3019 Otto
857 2981 1011 3025 Delib.1,
1031 2981 1095 3019 fol.
1113 2985 1187 3019 43r.
1208 2984 1274 3019 On
1291 2985 1336 3019 26
1354 2981 1519 3019 October
1535 2981 1623 3030 they
1641 2981 1711 3019 had
1729 2982 1877 3019 written
1891 2994 1932 3019 to

126 3035 295 3072 Antonio
323 3035 440 3072 Pucci:
470 3035 662 3083 ‘Dispiacci
689 3035 775 3072 assai
801 3046 926 3083 questo
956 3047 1125 3084 apparato
1152 3034 1191 3073 di
1218 3049 1332 3073 nozze
1360 3049 1379 3073 e
1406 3036 1538 3083 giostra
1564 3034 1621 3073 del
1648 3035 1772 3083 signor
1797 3037 1932 3072 Messer

127 3085 468 3124 Giovanfmncaeco‘
490 3086 590 3134 (note
611 3086 655 3135 (a)
677 3086 815 3135 above);
837 3086 882 3124 cf.
902 3087 1070 3125 Antonio
1091 3087 1197 3125 Pucci
1214 3099 1255 3125 to
1276 3090 1440 3125 Lorenzo
1459 3086 1517 3125 de’
1537 3086 1681 3131 Medici,
1703 3090 1748 3125 30
1769 3086 1935 3124 October

129 3141 228 3182 1481,
243 3139 463 3187 conceming
477 3138 834 3177 Giovanfrancesco's
848 3138 1019 3183 condocta,
1034 3141 1141 3176 MAP
1154 3142 1289 3183 38‚³52,
1305 3138 1375 3177 and
1390 3142 1565 3183 Lorenzo,
1578 3142 1718 3183 Lettere,
1733 3141 1793 3183 VI,
1809 3142 1933 3182 20-21,

127 3193 183 3234 65,
201 3202 289 3228 note
304 3195 338 3228 4.
