2060 3450
107 160 449 196 DOCUMENTS
1817 150 1907 190 475

107 300 162 347 cii
182 298 414 359 quomodo
434 298 488 344 sit
509 296 761 344 tractandus
779 310 821 343 et
841 294 1165 342 considerantes
1183 295 1490 342 auctoritatem
1511 293 1753 354 magnificis
1775 293 1913 341 domi-

109 368 173 414 nis
193 366 417 413 Prioribus
439 379 480 412 et
498 363 755 411 Vexillifero
776 364 966 410 Iustitiae
982 362 1186 423 praefatis
1205 377 1246 409 et
1265 362 1356 409 aliis
1374 379 1458 422 pro
1477 376 1678 422 tempore
1698 362 1916 408 existenti-

106 435 187 482 bus
205 434 319 481 circa
336 432 677 480 declarationem
696 431 917 478 dictorum
937 430 1197 478 devetorum
1217 447 1466 477 concessam
1486 430 1531 475 in
1552 428 1640 476 fine
1659 428 1799 476 dictae
1816 447 1915 490 pro-

106 503 286 550 visionis
305 501 385 548 sub
407 500 472 548 his
490 500 633 547 verbis
652 499 705 547 de
722 499 908 547 domino
930 498 1245 546 Bartholomeo
1262 497 1395 554 Scala,
1415 501 1482 544 ‘Et
1501 497 1768 558 intelligatur
1785 501 1850 554 [ut
1870 498 1915 543 in

107 588 180 618 no.
208 575 231 617 3
256 573 403 630 supra]
429 583 470 616 et
495 583 611 615 recte
635 567 948 628 intelligendo.’
975 571 1028 614 Et
1053 566 1251 614 volentes
1274 566 1328 614 ad
1350 565 1482 613 talem
1507 565 1849 613 declarationem
1873 580 1915 612 et

104 638 407 700 provisionem
437 636 582 684 deveti
607 636 811 683 devenire
835 650 876 683 et
900 636 945 682 in
971 634 1168 682 favorem
1193 634 1298 682 dicti
1322 634 1493 681 domini
1518 633 1820 681 Bartholomei
1846 633 1916 681 ali-

106 706 214 768 quid
229 720 363 767 prout
383 706 474 753 eius
494 722 627 766 opera
645 718 871 752 merentur
885 703 1132 765 providere,
1153 704 1243 750 eius
1261 703 1467 750 devetum
1486 701 1744 758 minuendo,
1765 703 1915 762 vigore

105 774 378 836 supradictae
401 774 672 821 auctoritatis
694 787 735 820 et
757 773 881 819 omni
907 771 1058 828 modo,
1082 772 1165 828 via,
1188 771 1331 819 forma
1354 786 1395 818 et
1417 772 1508 818 iure
1532 770 1689 832 quibus
1714 771 1847 831 magis
1869 789 1919 817 ac

106 843 262 890 melius
279 856 538 903 potuerunt,
562 842 694 888 misso
715 842 831 888 inter
848 858 921 888 eos
939 841 1105 901 partito
1123 839 1177 887 ad
1194 839 1312 887 fabas
1331 840 1471 900 nigras
1491 854 1533 886 et
1552 838 1680 895 albas,
1702 853 1744 886 et
1763 838 1915 886 obten-

106 926 155 958 to
176 929 256 972 per
278 928 433 958 omnes
458 928 613 957 eorum
638 909 756 956 fabas
780 910 933 970 nigras,
956 908 1246 970 providerunt
1273 926 1321 955 ac
1343 907 1693 955 deliberaverunt
1717 906 1839 968 quod
1863 925 1916 954 ex

106 997 225 1027 nunc
248 979 453 1039 deinceps
473 978 746 1039 supradictus
770 977 976 1025 dominus
1001 976 1336 1024 Bartholomeus
1361 976 1568 1023 Iohannis
1589 975 1722 1032 Scala,
1744 977 1913 1037 primus

106 1047 404 1095 Cancellarius
431 1046 694 1107 praedictus,
723 1045 989 1106 intelligatur
1017 1045 1174 1092 habere
1203 1060 1245 1092 et
1274 1044 1428 1092 habeat
1457 1045 1684 1092 occasione
1715 1044 1821 1091 dicti
1847 1044 1913 1091 sui

106 1114 246 1162 officii
267 1115 401 1175 primi
424 1114 686 1161 Cancellarii
708 1114 915 1160 devetum
937 1113 1081 1160 solum
1106 1128 1147 1160 et
1169 1113 1395 1160 dumtaxat
1416 1131 1440 1159 a
1461 1112 1792 1173 quibuscunque
1818 1111 1915 1159 offi-

106 1183 182 1230 ciis
203 1182 258 1229 ad
279 1200 411 1242 quem
434 1181 638 1242 deinceps
661 1181 1014 1242 quandocunque
1037 1180 1221 1227 durante
1242 1180 1324 1227 sibi
1348 1179 1502 1227 officio
1525 1180 1631 1227 dicti
1653 1179 1914 1227 Cancellarii

106 1250 410 1298 extraheretur
423 1249 476 1297 de
491 1249 630 1296 bursis
646 1264 831 1310 propter
847 1267 896 1296 ea
910 1248 1135 1305 ordinatis,
1154 1248 1275 1309 quod
1292 1247 1494 1295 officium
1511 1263 1619 1295 esset
1636 1262 1758 1295 extra
1772 1248 1918 1295 civita-

105 1333 197 1366 tem
214 1318 462 1365 Florentiae
481 1317 619 1365 modo
638 1317 786 1378 aliquo
805 1316 1097 1364 exercendum
1115 1331 1157 1364 et
1174 1335 1266 1364 non
1285 1316 1337 1364 ab
1356 1316 1447 1364 aliis
1466 1316 1798 1377 quibuscunque
1819 1315 1917 1363 offi-

106 1387 182 1434 ciis
204 1386 343 1434 modo
366 1386 526 1447 aliquo.
552 1385 636 1433 Sed
655 1387 690 1433 si
714 1385 769 1433 ad
788 1385 967 1446 aliquod
991 1384 1192 1432 officium
1215 1385 1337 1446 quod
1360 1386 1474 1432 intra
1495 1385 1718 1432 civitatem
1740 1383 1916 1431 Floren-

105 1456 190 1502 tiae
215 1469 323 1502 esset
350 1454 643 1502 exercendum
670 1454 984 1510 extraheretur,
1008 1453 1076 1501 vel
1103 1453 1227 1501 aliter
1250 1471 1426 1514 quoque
1453 1453 1592 1500 modo
1619 1452 1916 1514 deputaretur,

103 1524 241 1584 possit
267 1538 309 1570 et
330 1522 470 1570 valeat
492 1522 601 1569 illud
622 1522 756 1569 libere
780 1537 1017 1583 acceptare,
1038 1523 1177 1569 iurare
1200 1536 1242 1569 et
1263 1540 1462 1569 exercere
1480 1521 1609 1569 simul
1636 1539 1737 1568 cum
1761 1520 1916 1568 officio

105 1591 211 1639 dicti
228 1591 504 1647 Cancellarii,
523 1605 565 1638 et
582 1592 807 1651 utriusque
827 1590 965 1638 officii
982 1590 1110 1638 simul
1130 1590 1281 1638 salaria
1298 1605 1340 1638 et
1357 1590 1658 1637 emolumenta
1673 1590 1912 1651 percipere.

104 1664 158 1707 Et
187 1659 390 1707 similiter
418 1660 452 1706 si
484 1659 715 1720 eligeretur
743 1658 798 1706 ad
825 1658 1004 1720 aliquod
1034 1658 1235 1706 officium
1267 1673 1388 1706 extra
1417 1659 1640 1706 civitatem
1668 1658 1916 1705 Florentiae

105 1727 414 1784 exercendum,
438 1743 486 1775 ut
512 1742 574 1775 est
600 1727 827 1788 legationis
853 1742 925 1775 aut
952 1728 1252 1775 commisariae
1278 1727 1346 1774 vel
1371 1727 1595 1783 similium,
1625 1745 1717 1774 non
1744 1728 1917 1774 amittat

105 1795 308 1843 officium
330 1795 606 1852 Cancellarii,
626 1795 702 1843 sed
722 1795 829 1842 illud
849 1795 931 1842 sibi
954 1810 1173 1843 remaneat
1193 1810 1235 1843 et
1253 1795 1456 1843 salarium
1478 1795 1621 1842 eidem
1641 1795 1849 1851 solvatur,
1873 1810 1914 1842 et

104 1878 254 1911 tamen
281 1865 418 1924 possit
448 1864 550 1910 talia
577 1863 726 1910 officia
754 1863 808 1910 ad
834 1881 943 1924 quae
969 1881 1049 1924 per
1075 1865 1191 1910 viam
1220 1863 1445 1910 electionis
1472 1863 1757 1924 deputaretur
1782 1864 1914 1910 etiam

105 1946 227 1979 extra
249 1932 473 1978 civitatem
496 1931 743 1978 Florentiae
770 1931 1010 1978 exercenda
1030 1931 1164 1978 libere
1189 1949 1402 1987 exercere,
1427 1946 1469 1978 et
1493 1931 1670 1978 illorum
1698 1931 1850 1978 salaria
1874 1946 1915 1978 et

105 1999 407 2046 emolumenta
424 2000 661 2060 percipere.
681 2004 735 2046 Et
752 1999 974 2060 praedicta
990 2000 1140 2046 omnia
1159 1999 1255 2046 fieri
1273 2014 1315 2046 et
1333 2000 1582 2046 executioni
1601 1999 1799 2046 mandari
1816 2017 1913 2060 pos-

103 2068 190 2115 sint
226 2086 274 2115 ac
306 2067 493 2115 debeant
523 2086 603 2128 per
634 2085 918 2128 quoscunque
955 2067 1009 2115 ad
1039 2085 1149 2128 quos
1182 2067 1320 2115 modo
1353 2067 1501 2128 aliquo
1532 2068 1787 2128 pertineret,
1821 2085 1914 2115 non

105 2135 307 2183 obstante
327 2135 448 2183 dicto
467 2135 622 2183 officio
642 2135 903 2183 Cancellarii
922 2151 995 2184 aut
1015 2136 1162 2197 aliquo
1182 2136 1341 2184 deveto
1359 2136 1466 2183 olim
1487 2136 1608 2184 dicto
1627 2135 1782 2183 officio
1802 2139 1915 2183 Can-

105 2204 266 2252 cellarii
292 2206 579 2265 competenti,
607 2220 679 2252 aut
707 2205 922 2266 aliquibus
951 2206 995 2251 in
1024 2206 1294 2252 contrarium
1322 2204 1578 2261 facentibus,
1605 2223 1706 2252 sane
1733 2219 1775 2252 et
1802 2219 1918 2252 recte

102 2273 326 2334 praedicta
342 2274 493 2320 omnia
512 2273 811 2334 intelligendo,
832 2288 874 2320 et
889 2273 1057 2334 singula
1075 2273 1251 2334 singulis
1273 2291 1463 2334 congrue
1483 2273 1715 2320 referendo
1732 2274 1776 2320 in
1796 2291 1915 2334 prae-

104 2341 231 2388 dictis
253 2341 472 2388 omnibus.

998 2485 1022 2525 5

667 2553 930 2593 CATASTO
954 2554 1205 2599 RETURN,
1230 2554 1354 2593 1480·

442 2647 594 2685 Catasto
620 2649 723 2693 1015,
744 2645 828 2686 fols.
848 2649 1001 2694 260r-v‚
1020 2649 1122 2686 269r.
1141 2645 1254 2693 Scala,
1275 2649 1442 2686 235-236
1462 2649 1575 2694 [161].

104 2752 271 2795 Messer
289 2749 573 2796 Bartolomeo
591 2749 635 2796 di
653 2750 878 2796 G‹i›ovani
896 2749 1029 2806 Scala,
1046 2749 1344 2806 chancelliere,
1363 2749 1479 2796 abita
1497 2749 1565 2796 nel
1581 2749 1751 2810 popolo
1772 2749 1816 2796 di
1831 2753 1915 2796 San

105 2817 233 2863 Piero
256 2818 482 2877 Maggiore
507 2817 589 2864 alla
611 2817 738 2864 chasa
761 2817 873 2864 della
893 2835 970 2865 sua
994 2818 1239 2865 abitazione
1266 2817 1347 2864 alla
1366 2832 1497 2878 porta
1520 2835 1544 2864 a
1567 2818 1696 2864 Pinti.
1723 2818 1844 2864 Ebbe
1870 2817 1915 2864 di

184 3014 197 3029 ³
218 3011 343 3049 Scala’s
367 3011 479 3050 house
501 3013 540 3049 in
563 3015 679 3060 Borgo
702 3013 798 3050 Pinti
818 3012 888 3050 and
907 3012 970 3050 the
990 3012 1075 3050 land
1096 3013 1324 3061 acquisitions
1346 3012 1528 3050 described
1550 3013 1589 3049 in
1609 3011 1680 3050 this
1702 3024 1834 3050 catasto
1858 3026 1916 3050 are

103 3062 280 3101 discussed
298 3063 347 3111 by
366 3066 404 3101 L.
424 3063 629 3108 Pellecchia,
649 3063 738 3102 ‘The
757 3066 919 3102 Patron's
938 3064 1028 3102 Role
1046 3065 1084 3101 in
1100 3064 1163 3102 the
1180 3064 1400 3113 productiori
1415 3063 1457 3102 of
1471 3063 1717 3102 architecture:
1735 3067 1773 3101 B.
1791 3066 1824 3101 S.
1843 3063 1914 3102 and

103 3113 166 3152 the
180 3114 277 3153 Scala
292 3115 437 3159 Palace‚'
450 3118 674 3154 Renaissance
691 3116 875 3164 Quarterly
888 3119 932 3154 42
948 3116 1075 3164 (1989),
1093 3115 1287 3164 Appendix
1303 3119 1327 3159 I,
1343 3119 1489 3153 284-85.
1508 3118 1573 3153 On
1586 3115 1648 3153 the
1667 3119 1753 3153 1480
1768 3127 1912 3159 catasto,

106 3167 231 3210 Conti,
249 3169 433 3215 L'imposta
451 3167 587 3211 diretta,
606 3171 752 3205 281-87.
