2124 3464
184 161 270 202 102
1809 170 1947 204 PART
1972 171 1986 204 1

181 324 266 353 one
286 306 388 353 delli
406 306 624 366 scriptori,
643 320 803 352 stasera
820 323 911 352 non
930 324 982 352 ve
1001 324 1054 352 ne
1075 305 1238 353 mando
1257 307 1395 366 copia.
1417 309 1622 354 Domane
1642 325 1694 354 ve
1714 325 1767 354 ne
1786 307 1881 355 faro
1898 326 1991 368 par-

180 389 222 421 te
248 388 290 421 et
315 373 404 420 cosi
431 373 498 420 de'
525 374 707 420 successi
734 391 757 420 3
781 376 978 420 Otranto
1003 374 1147 420 insino
1176 391 1199 420 a
1223 375 1328 434 qui.e
1351 378 1392 420 A
1418 375 1492 421 voi
1518 375 1579 420 mi
1605 375 1912 422 raccomando.
1939 375 1988 422 El

179 441 442 503 sopradecto
461 445 627 502 Pasqua
647 440 669 488 ὲ
688 442 867 488 stimato
888 441 941 488 da
960 456 1138 488 costoro
1158 441 1227 488 nel
1247 460 1327 489 suo
1348 443 1554 489 mestiero
1575 457 1616 490 et
1635 461 1714 503 per
1732 442 1829 490 fede
1849 458 1890 491 et
1908 461 1988 505 per

179 510 311 566 virtu,
336 524 377 557 et
399 511 443 556 io
466 527 517 556 ve
540 509 585 556 lo
608 509 915 556 raccomando.

1049 652 1123 692 111

455 722 532 761 TO
556 723 861 761 GIOVANNI
881 723 1340 761 ALDOBRANDINI
1362 725 1427 762 IN
1449 723 1715 762 SARZANA

862 792 1014 837 [16-18
1033 792 1144 839 June
1169 792 1307 838 14811·

261 883 348 922 Min
381 885 436 930 11,
467 881 533 922 101.
562 885 665 922 2201.
697 881 899 934 Chancery
927 881 1036 930 drast,
1066 882 1218 922 headed:
1250 883 1395 923 ‘Ioanni
1424 882 1715 923 Aldobrandino
1746 884 1904 924 nomine

262 938 412 978 domini
433 937 718 978 Bartholomei.'

178 1042 226 1088 El
251 1045 418 1102 Pasqua
438 1041 531 1089 5313
554 1057 818 1102 aportatore.
844 1043 892 1088 Li
914 1046 1032 1089 Otto
1054 1042 1203 1089 hanno
1228 1042 1325 1090 date
1346 1042 1384 1090 le
1405 1058 1553 1090 stanze
1577 1061 1600 1090 a
1621 1044 1715 1090 Pisa
1736 1062 1822 1090 con
1843 1048 1897 1091 25
1921 1043 1989 1091 de'

176 1111 287 1166 suoi,
321 1110 347 1156 il
379 1124 497 1157 resto
527 1128 612 1157 con
643 1128 735 1157 uno
767 1128 876 1170 capo
903 1110 1079 1157 lascierit
1107 1110 1216 1157 costi
1245 1129 1323 1171 per
1350 1111 1527 1171 guardia
1555 1111 1623 1158 del
1654 1111 1787 1171 luogo
1817 1129 1897 1172 per
1924 1130 1986 1159 un

175 1196 293 1239 poco
314 1177 436 1234 hora,
456 1192 583 1225 tanto
601 1177 680 1225 che
697 1177 937 1225 altrimenti
954 1178 998 1224 vi
1014 1179 1049 1225 si
1066 1196 1295 1239 provegga.
1317 1178 1588 1226 Confortovi
1609 1197 1632 1226 a
1647 1179 1826 1226 vederlo
1842 1179 1990 1227 volen-

177 1247 275 1294 tieri
298 1261 339 1293 et
361 1246 458 1293 13111
478 1247 663 1307 piacere,
684 1246 845 1307 perche
868 1246 889 1293 ὲ
911 1246 1077 1294 veduto
1097 1246 1330 1294 volentieri
1351 1262 1392 1294 et
1414 1246 1588 1294 factone
1610 1248 1739 1295 stima
1760 1247 1827 1295 da'
1850 1249 1988 1295 vostri

177 1315 319 1362 amici.
344 1318 527 1362 Cotesta
546 1315 807 1375 compagnia
825 1332 900 1361 sua
921 1314 1000 1361 che
1021 1314 1307 1362 105131300311
1326 1316 1369 1362 vi
1389 1315 1597 1362 conforto
1619 1334 1642 1363 3
1660 1315 1862 1363 tractarla
1877 1315 1988 1363 bene

177 1398 218 1430 et
239 1382 435 1430 secondo
457 1382 498 1430 13
519 1382 836 1430 consuetudine
861 1382 927 1430 de'
952 1384 1091 1430 nostri
1113 1383 1282 1431 soldati.

1047 1526 1124 1566 112

631 1595 708 1635 To
733 1596 1007 1635 ROBERTO
1031 1597 1111 1634 DA
1134 1597 1536 1636 SANSEVERINO

923 1667 970 1704 18
988 1666 1100 1715 June
1125 1667 1245 1704 1431a

259 1758 347 1797 Min
369 1761 424 1806 11,
445 1757 511 1798 fol.
531 1761 639 1798 344v.
660 1757 863 1810 Chancery
881 1757 990 1806 draft,
1010 1757 1162 1798 headed:
1184 1757 1327 1798 ‘Eidem
1349 1758 1533 1806 [Roberto
1554 1758 1600 1798 da
1619 1760 1691 1798 San
1709 1758 1904 1807 Severino]

260 1814 420 1854 nomine
440 1813 590 1854 domini
610 1813 895 1854 Bartholomei.'

176 1917 345 1965 Illustre
362 1932 404 1965 et
419 1917 657 1965 excellente
673 1935 899 1965 armorum
918 1918 1129 1979 capstane,
1145 1917 1324 1965 domine
1343 1919 1404 1964 mi
1419 1917 1766 1979 singularissime.
1787 1918 1836 1964 El
1855 1922 1990 1966 Reve-

176 1986 316 2033 rendo
335 1991 503 2033 Messer
520 1980 745 2047 Philippob
769 1986 823 2033 ha
842 1986 1012 2034 riferito
1031 1986 1075 2034 di
1093 2005 1162 2034 me
1182 1986 1263 2034 alla
1278 1986 1545 2034 Excellentia
1562 1991 1722 2034 Vostra
1742 1986 1890 2048 quello
1908 1986 1988 2034 che

176 2054 197 2102 ὲ
215 2054 410 2102 secondo
430 2054 471 2102 la
490 2054 718 2102 humanit&
737 2054 849 2102 della
864 2073 940 2102 sua
960 2070 1127 2111 natura,
1146 2070 1187 2102 et
1207 2056 1250 2102 io
1269 2056 1414 2102 vorrei
1431 2070 1585 2116 potere
1602 2055 1794 2103 satisfare
1813 2054 1894 2103 alla
1910 2073 1987 2103 sua

176 2122 401 2170 relatione.
425 2127 545 2170 Vero
571 2122 592 2170 ὲ
617 2123 696 2170 che
721 2123 868 2184 quello
894 2122 972 2170 che
997 2124 1041 2170 io
1065 2141 1196 2184 posso
1222 2123 1243 2171 ὲ
1267 2138 1391 2171 tucto
1416 2123 1483 2171 del
1507 2124 1686 2184 Signore
1710 2128 1875 2171 Vostro
1902 2142 1989 2171 con

175 2192 279 2252 ogni
309 2190 406 2238 fede
435 2206 476 2238 et
504 2191 707 2239 sincerite
735 2191 779 2239 di
808 2209 953 2248 cuore,
982 2191 1142 2252 perche
1170 2210 1340 2253 sempre
1372 2191 1431 2239 ho
1460 2192 1625 2239 veduto
1654 2192 1694 2239 13
1721 2192 1989 2240 Excellentia

174 2264 335 2307 Vostra
355 2261 572 2307 stimarmi
595 2274 636 2307 et
657 2261 854 2316 amarmi,
879 2278 971 2307 non
990 2278 1070 2321 per
1089 2260 1246 2307 alcuno
1269 2261 1360 2307 mio
1383 2261 1557 2317 merito,
1581 2279 1651 2308 rna
1670 2278 1750 2321 per
1767 2260 1981 2321 singulare

176 2327 405 2374 humanit&
428 2328 540 2375 della
559 2328 826 2375 Excellentia
845 2333 1016 2375 Vostra.
1041 2328 1345 2375 Desiderando
1367 2328 1446 2375 che
1467 2328 1511 2375 10
1534 2330 1677 2375 amico
1698 2343 1851 2375 vostro
1873 2328 1985 2375 fusse

173 2396 352 2451 servito,
383 2395 570 2442 ricordai
598 2414 621 2442 3
646 2400 814 2442 Messer
839 2396 1044 2456 Philippo
1074 2396 1221 2456 quello
1249 2396 1328 2443 che
1356 2397 1417 2442 mi
1446 2414 1682 2443 occorreva
1708 2395 1986 2443 fedelmente.

173 2463 364 2510 Vedrete
392 2463 432 2510 13
461 2465 645 2524 risposta
675 2463 786 2511 della
813 2465 1023 2524 Signoria,
1055 2464 1134 2511 che
1164 2464 1295 2511 credo
1323 2465 1366 2510 vi
1395 2463 1616 2520 satisfarsszf
1645 2478 1686 2511 et
1715 2465 1772 2520 10,
1805 2463 1983 2524 quando

254 2688 266 2702 ⁶
289 2685 448 2720 Otranto
470 2682 539 2720 had
560 2683 651 2721 been
671 2682 841 2732 captured
861 2683 910 2731 by
929 2683 992 2721 the
1013 2682 1129 2721 Turks
1150 2697 1201 2721 on
1224 2687 1261 2720 11
1283 2685 1422 2731 August
1447 2686 1544 2727 1480,
1568 2682 1650 2721 ibid.
1672 2686 1796 2727 49-53;
1820 2686 1984 2720 Lorenzo

174 2747 289 2772 wrote
306 2747 346 2772 to
367 2738 562 2773 Tommaso
584 2734 721 2773 Ridolfi
739 2736 778 2772 in
796 2735 912 2773 Milan
929 2750 980 2773 on
1000 2739 1041 2773 14
1057 2739 1158 2782 June:
1179 2738 1240 2773 ‘La
1257 2736 1408 2784 impresa
1426 2735 1464 2773 di
1483 2737 1642 2773 Otranto
1660 2734 1707 2773 ha
1724 2736 1800 2773 viso
1817 2734 1856 2772 di
1873 2748 1984 2772 essere

172 2787 237 2836 piu
253 2788 362 2836 lunga
379 2800 413 2826 et
430 2788 495 2837 piu
511 2788 600 2826 dura
618 2802 696 2826 non
710 2789 740 2826 si
755 2789 916 2826 stimava’
938 2788 1040 2837 (223).

254 2850 267 2864 ²
284 2845 402 2883 Dated
421 2846 470 2894 by
488 2847 532 2883 its
550 2847 711 2894 position
729 2847 768 2882 in
785 2847 868 2883 Min
887 2849 939 2883 11.

255 2909 267 2923 ²
286 2906 347 2942 See
366 2904 428 2942 the
446 2904 637 2953 preceding
654 2904 759 2942 letter
775 2904 872 2942 from
891 2904 954 2942 the
973 2905 1134 2953 Signoria
1151 2916 1190 2942 to
1212 2904 1372 2942 Roberto
1391 2904 1436 2942 da
1454 2905 1685 2942 Sanseverino
1706 2905 1745 2941 in
1763 2904 1913 2948 Min.11‚
1932 2902 1986 2941 101

173 2960 270 2994 344r.

254 3009 269 3034 b
288 3015 430 3064 Filippo
449 3018 669 3059 Sacramoro,
690 3015 861 3053 Milaneoe
879 3015 1104 3053 ambassador
1123 3016 1162 3052 in
1179 3014 1360 3053 Florence.

255 3079 268 3093 ⁶
290 3076 352 3111 See
373 3073 437 3111 the
461 3073 651 3122 preceding
672 3073 778 3111 letter
800 3075 838 3110 in
860 3075 1010 3118 Min.11,
1035 3077 1101 3111 cir:
1129 3073 1300 3122 ‘Quando
1324 3073 1464 3111 summo
1492 3073 1648 3111 richiesti
1668 3072 1724 3111 del
1747 3072 1895 3121 podest&
1919 3086 1984 3121 per

174 3138 294 3163 vostre
310 3125 445 3170 lettere,
461 3140 605 3163 savamo
623 3125 781 3174 obligati,
799 3140 902 3163 come
918 3125 949 3163 el
967 3125 1175 3163 Reverendo
1191 3129 1325 3163 Messer
1342 3125 1521 3174 Philippo.
1536 3156 1543 3162 .
1561 3126 1606 3162 .vi
1622 3126 1765 3173 rispose,
1784 3124 1850 3162 che
1863 3123 1981 3162 molto

174 3177 366 3215 volentieri
381 3177 528 3215 haremo
546 3177 640 3215 facto
658 3191 739 3215 cosa
756 3190 852 3226 grata
867 3177 933 3215 alla
948 3178 1109 3226 Signoria
1125 3180 1264 3215 Vostra.
1283 3179 1419 3226 Doppo
1436 3176 1470 3215 le
1486 3176 1705 3225 obligatione
1720 3175 1777 3214 del
1794 3169 1984 3214 Cardinale
