2124 3458
132 153 315 187 ESSAYS
1841 148 1929 189 333

907 294 973 337 84.
999 290 1164 337 Iustitia

129 393 310 454 Signum
334 391 416 440 fuit
440 393 630 440 Iustitiae
647 407 949 453 pervetustum
971 392 1025 440 ad
1044 393 1281 453 ingressum
1303 394 1513 454 praetorii
1534 411 1832 442 marmoreum
1857 394 1936 442 ele·

129 461 379 522 gantissIma
405 460 633 517 caelatura,
654 461 746 508 siue
772 460 922 517 oculis,
948 461 1040 508 sine
1066 461 1280 518 manibus,
1308 458 1506 509 erecto²⁰¹
1534 463 1578 509 in
1604 462 1771 510 caelum
1796 463 1935 520 vultu;

130 530 247 576 intus
270 546 446 589 quoque
471 528 525 576 ad
544 528 735 576 tribunal
759 528 944 576 alterum
967 529 1145 576 diversis
1168 530 1419 590 insignibus,
1447 530 1676 578 nobilitate
1698 530 1938 579 caelaturae

127 614 219 657 par,
238 597 440 643 strictum
459 597 504 642 in
522 597 694 643 sinistra
712 595 904 656 gladIum
923 596 1180 644 ostendebat
1199 597 1338 654 altius,
1358 597 1510 645 dextra
1526 598 1702 645 tenebat
1719 598 1936 646 bilancem

128 679 258 725 atque
277 663 429 711 oculos
449 663 628 724 quidem
646 664 700 711 ad
717 664 915 728 dextram
933 664 1164 712 advertisse
1183 666 1316 726 magis
1334 665 1576 713 videbatur.
1595 670 1674 723 Eo,
1695 666 1816 727 quod
1835 682 1935 714 ante

128 733 368 792 ingressum
397 731 552 788 stabat,
580 731 782 788 arbitror,
813 732 1108 780 instruebatur
1132 748 1311 793 praetor
1335 748 1383 780 ut
1410 748 1683 781 terrenarum
1710 735 1744 781 is
1772 734 1934 782 oblitus

128 818 289 856 rerum,
311 799 463 847 oculos
484 817 533 847 ac
551 818 704 847 manus
724 799 901 847 haberet
920 800 1184 848 abstinentes
1204 819 1344 862 neque
1364 819 1559 858 munera,
1580 802 1844 849 iudiciorum
1866 821 1934 850 ve-

128 885 254 923 nena,
280 867 531 914 admitteret
556 868 601 913 in
623 869 909 928 praetorium.
937 868 1077 927 Quod
1101 883 1247 915 autem
1274 869 1327 916 ad
1349 869 1540 916 tribunal
1567 885 1657 917 erat
1681 885 1728 917 ut
1755 885 1862 917 esset
1888 872 1934 917 in

127 934 307 982 ferenda
330 934 459 982 iudex
481 936 698 982 sententia
720 935 881 982 fortior
903 953 951 982 ac
971 937 1154 983 veritate
1174 936 1416 997 prudenter
1436 938 1624 997 cognita,
1651 938 1773 998 quod
1796 938 1934 985 oculis

125 1002 409 1063 significatur,
435 1003 663 1063 aequitatis
684 1021 833 1050 causae
856 1004 989 1064 magis
1013 1021 1145 1064 quam
1168 1005 1371 1052 tristioris
1393 1006 1634 1052 severitatis
1654 1005 1931 1053 inhumanio-

126 1071 269 1132 risque
300 1070 449 1118 iudicii
477 1086 525 1118 ut
556 1070 790 1118 haberetur
815 1072 941 1128 ratio,
970 1071 1248 1120 admonebat.
1279 1073 1546 1120 Mirantibus
1575 1091 1678 1134 ergo
1707 1075 1860 1122 ceteris
1887 1093 1935 1122 ac

126 1139 298 1186 duobus
326 1135 444 1186 his²⁰²
475 1140 666 1186 Iustitiae
691 1139 931 1187 simulacris
960 1141 1111 1187 omnia
1137 1140 1225 1188 fere
1252 1140 1530 1198 iudiciorum,
1561 1142 1718 1202 quibus
1748 1142 1930 1190 humani

125 1222 276 1254 coetus
296 1222 625 1264 conservantur,
648 1208 866 1255 contineri
883 1223 1116 1269 praecepta
1131 1208 1259 1269 plane
1281 1210 1636 1266 asseverantibus,
1658 1210 1784 1257 aliter
1800 1210 1929 1271 longe

123 1276 328 1331 sentiens,
352 1275 520 1322 ridebat
540 1280 709 1323 Verres.

931 1417 996 1459 85.
1021 1413 1128 1460 Dies

122 1517 245 1569 Nox,
269 1531 370 1560 cum
394 1512 517 1560 fratri
535 1512 679 1560 lucem
703 1513 917 1561 invideret
938 1532 987 1561 ac
1004 1514 1214 1575 plenioris
1237 1514 1472 1576 aliquando
1494 1515 1621 1563 lunae
1644 1516 1933 1564 illustraretur

124 1581 266 1637 radiis,
293 1582 427 1628 Diem
453 1581 592 1628 videri
618 1599 662 1628 se
686 1581 862 1629 volebat
889 1583 1062 1643 iamque
1089 1601 1180 1630 non
1207 1598 1437 1631 venatores
1463 1584 1614 1641 modo,
1642 1584 1718 1632 sed
1744 1586 1933 1632 viatores

123 1666 300 1709 quoque
325 1663 367 1696 et
388 1650 581 1705 nuntios,
606 1648 922 1697 sollertiores²⁰³
950 1651 1056 1697 item
1079 1651 1291 1711 quosdam
1316 1669 1368 1699 ex
1390 1652 1559 1699 colonis
1584 1652 1638 1699 ad
1657 1653 1760 1700 Diei
1782 1652 1932 1700 officia

123 1717 399 1772 excitaverat.
423 1720 541 1764 Cum
568 1717 613 1764 id
635 1718 826 1765 rescisset
851 1719 971 1774 Dies,
997 1722 1172 1766 Aurora
1194 1720 1429 1780 praemissa
1454 1720 1685 1768 admonuit
1711 1735 1759 1768 ut
1781 1739 1862 1768 suo
1886 1739 1930 1769 se

122 1802 258 1845 regno
271 1803 400 1832 soror
414 1786 676 1842 contineret,
688 1801 1122 1848 provocaturumque
1140 1787 1194 1835 ad
1204 1787 1365 1844 Solem,
1382 1806 1668 1836 communem
1683 1804 1928 1850 parentem,

120 1853 155 1900 si
180 1852 252 1900 illa
273 1868 438 1914 pergat,
462 1854 769 1902 comminatus.
796 1859 908 1902 Mox
930 1873 1037 1902 vero
1059 1873 1160 1903 cum
1186 1857 1275 1917 ipse
1300 1857 1519 1904 accinctus
1541 1857 1798 1914 advenisset,
1821 1862 1930 1905 Nox

121 1922 273 1969 territa
288 1921 476 1983 diffugit.
497 1922 637 1982 Quod
656 1923 738 1970 nisi
757 1924 1062 1971 intercessisset
1079 1924 1226 1972 Tellus
1246 1925 1473 1986 aditusque
1491 1926 1738 1987 insequenti
1758 1926 1927 1974 obstru-

119 1988 317 2046 xisset,²⁰⁴
341 1995 450 2037 Nox
471 1990 676 2051 profecto
697 1991 969 2039 occubuisset
994 1991 1203 2040 funditus.
1227 1994 1334 2041 Dies
1355 2009 1518 2054 regnat.

927 2133 992 2176 86.
1017 2130 1124 2176 Dies

120 2232 295 2276 Aurora
311 2247 487 2290 quoque
502 2229 878 2290 pulchritudinem
897 2231 1059 2279 iactans
1072 2250 1194 2279 suam
1210 2233 1283 2279 vix
1299 2233 1531 2281 inducebat
1547 2234 1745 2281 animum
1763 2249 1811 2282 ut
1826 2236 1928 2282 Diei

119 2296 370 2344 advenienti
390 2297 576 2355 cederet,
597 2316 645 2345 ac
664 2298 749 2346 coli
771 2300 902 2346 etiam
923 2299 975 2347 ab
999 2300 1266 2358 hominibus,
1292 2301 1359 2349 vel
1381 2302 1502 2363 quod
1522 2302 1596 2350 lux
1619 2302 1842 2351 videretur
1860 2303 1927 2351 vel

119 2379 235 2411 certe
252 2364 443 2421 afferret,
458 2366 721 2426 postulabat.
742 2367 986 2427 Respondit
1004 2369 1216 2416 sacerdos:
1237 2373 1312 2416 ‘At
1332 2384 1524 2426 maneto,
1544 2370 1650 2417 dum
1667 2389 1786 2418 sacra
1802 2389 1927 2432 appa·

119 2436 299 2479 rentur.’
323 2432 407 2479 Sed
428 2434 664 2480 intervenit
684 2435 803 2481 Dies.

924 2576 990 2618 87.
1014 2572 1121 2619 Dies

116 2668 215 2716 Sole
231 2669 459 2717 occidente
473 2670 670 2718 Umbrae
689 2689 789 2718 cum
805 2672 1078 2730 subivissent,
1097 2674 1384 2735 impotentius
1402 2675 1660 2723 exercebant
1676 2694 1858 2737 regnum
1875 2692 1924 2724 ut

118 2740 269 2784 Iovem
286 2755 462 2798 quoque
481 2738 711 2786 detrudere
727 2740 813 2787 iam
829 2740 949 2788 caelo
964 2741 1045 2788 sibi
1061 2760 1186 2802 posse
1205 2742 1448 2790 suaderent.
1467 2743 1516 2790 Id
1530 2762 1633 2804 ergo
1647 2762 1923 2805 praecavens,

117 2805 314 2865 Iuppiter
338 2805 411 2852 dat
434 2807 686 2867 Hyperioni
713 2809 938 2868 negotium
965 2823 1013 2856 ut
1037 2827 1106 2856 eas
1131 2811 1317 2857 nimium
1346 2811 1601 2858 insolescere
1628 2830 1720 2859 non
1742 2811 1923 2860 sinat.²⁰⁵

118 2876 155 2919 Is
175 2873 310 2919 Diem
333 2875 530 2921 armavit.
553 2877 623 2921 De
644 2875 827 2923 Umbris
851 2877 1094 2937 triumphat
1117 2878 1235 2925 Dies.

929 3017 994 3059 88.
1020 3017 1114 3060 Lux

117 3109 267 3157 Chaos
288 3129 389 3158 cum
412 3113 563 3159 omnia
584 3112 751 3160 dudum
775 3115 1036 3171 contineret,
1056 3116 1257 3163 Tenebra
1276 3131 1422 3163 autem
1443 3131 1485 3164 et
1507 3121 1599 3164 Lux
1620 3133 1778 3165 cuncta
1798 3118 1923 3166 infes-
