2118 3444
143 183 372 217 PRIVATE
399 182 626 216 LETTERS
1852 176 1940 217 167

142 320 197 367 ad
219 335 261 367 te
285 320 433 366 cuncti
458 319 678 374 mortales,
704 333 751 365 tu
776 336 895 374 vero,
922 336 1066 365 rerum
1093 318 1312 374 dominus,
1341 318 1448 365 nihil
1476 336 1499 366 a
1523 337 1786 380 quocunque
1812 334 1946 380 petas,

142 387 520 449 quemadmodum
556 402 598 434 et
629 389 764 442 Deus,
797 404 897 433 cum
932 386 1154 433 bonorum
1192 401 1445 434 nostrorum
1482 404 1572 433 non
1606 386 1809 447 indigeat,
1844 387 1949 434 haec

142 470 300 503 cuncta
321 473 430 515 quae
455 454 665 502 habemus
691 454 808 501 bona
831 454 1126 501 liberalissime
1152 454 1367 514 elargitur.
1392 459 1484 515 Ego
1508 473 1615 502 vero
1638 455 1682 501 in
1705 456 1949 515 praesentia

141 522 345 570 beneficii
363 522 533 583 indigus
551 521 761 582 confugio
778 522 832 569 ad
846 537 903 578 te,
920 540 1076 582 magna
1088 540 1162 583 spe
1178 522 1332 583 plenus
1351 522 1629 583 impetrandi,
1647 541 1821 570 mernor
1836 538 1950 570 vete-

142 592 198 638 ris
214 591 495 651 benignitatis
514 590 857 651 clementiaeque
872 605 971 637 tuae
987 591 1031 636 in
1051 608 1135 646 me,
1153 608 1284 651 quem
1302 608 1354 638 ex
1371 590 1552 651 ignobili
1573 590 1783 647 nobilem,
1803 609 1855 638 ex
1873 591 1947 638 ob-

139 677 269 706 scuro
286 659 418 705 etiam
438 659 553 705 inter
568 658 707 704 claros
723 659 854 714 viros,
872 658 978 704 dum
998 657 1136 705 fecisti
1154 659 1361 719 equitem,
1380 658 1532 718 degere
1549 673 1736 706 aetatem
1751 658 1941 706 voluisti.

139 731 213 773 Est
234 726 343 772 mihi
364 725 563 772 Andreas
579 725 712 781 Scala,
731 743 961 785 germanus
979 725 1125 782 frater,
1144 727 1292 773 minor
1311 744 1443 786 quarn
1461 744 1541 786 ego
1559 727 1641 773 sim
1661 741 1787 773 natus
1807 744 1945 773 annos

139 788 260 850 tres,b
282 794 422 853 gravis
441 793 676 854 prudentia
699 794 796 853 (nisi
818 811 887 840 me
910 793 1018 840 fallit
1041 793 1256 840 fraternus
1277 795 1415 854 amor)
1441 808 1483 840 et
1505 794 1701 841 moribus
1726 795 1947 854 integerri-

141 879 251 918 mus,
276 879 368 908 non
394 861 632 908 multarum
658 860 909 908 divitiarum
932 876 980 908 ut
1004 861 1058 908 ad
1078 862 1214 908 vitam
1238 861 1424 909 civiliter
1445 861 1758 909 traducendam
1781 861 1946 923 aliquid

138 930 248 977 lucri
273 930 490 976 continuo
513 944 561 976 ut
585 928 712 976 faciat
734 947 904 976 necesse
926 930 993 977 sit.
1018 930 1149 976 Venit
1174 930 1218 976 in
1243 944 1438 977 mentem
1461 930 1741 990 benignitatis
1763 930 1949 977 clemen-

139 999 311 1058 tiaeque
330 998 375 1043 in
396 1015 465 1044 me
484 1012 583 1044 tuae
601 1011 649 1044 ut
669 997 723 1044 ad
740 1015 835 1044 eam
856 997 936 1044 hac
954 1015 1130 1058 quoque
1152 998 1195 1044 in
1216 1016 1261 1044 re
1279 997 1694 1058 [c]onf[ugie]ndum
1716 1002 1731 1055 [
1735 1037 1926 1045 ........
1930 1003 1945 1055 ]

139 1067 213 1112 im:
233 1066 268 1112 si
288 1079 336 1112 tu
355 1083 456 1112 eum
475 1064 530 1112 ad
547 1065 736 1125 aliquam
754 1079 929 1112 tuarum
947 1080 1249 1126 praeturarum
1270 1065 1562 1122 advocaveris,
1580 1080 1627 1113 ut
1647 1066 1727 1113 tibi
1745 1070 1760 1123 [
1764 1106 1926 1113 .......
1930 1071 1945 1123 ]

138 1148 213 1180 ent
239 1137 255 1190 [
259 1173 399 1180 ......
403 1137 418 1190 ]
444 1151 498 1180 eo
521 1151 570 1180 su
597 1137 624 1190 [.
643 1172 651 1180 .
669 1172 676 1180 .
695 1137 734 1190 .]
761 1134 805 1180 it.
833 1134 1030 1180 Primum
1060 1134 1104 1180 in
1131 1133 1359 1181 hominem
1387 1133 1571 1190 bonum,
1602 1134 1723 1195 quod
1747 1135 1839 1181 scio
1866 1134 1946 1182 tibi

138 1216 238 1248 ante
257 1202 408 1248 omnia
427 1219 514 1248 esse
534 1201 671 1257 cordi,
691 1201 928 1248 contuleris
947 1203 1129 1262 gratiam
1148 1216 1190 1249 et
1206 1202 1472 1249 beneficium
1493 1217 1634 1258 tuum;
1655 1202 1812 1250 deinde
1831 1203 1941 1249 mihi

137 1287 315 1330 quoque
337 1284 511 1316 tantum
530 1270 639 1329 grati
660 1269 973 1330 commodique
996 1269 1191 1317 effeceris
1207 1285 1255 1317 ut
1276 1271 1362 1317 iam
1382 1270 1436 1317 ad
1453 1269 1773 1317 beneficiorum
1795 1289 1943 1318 cumu-

137 1337 230 1384 lum
254 1337 355 1384 addi
374 1337 482 1383 nihil
503 1355 629 1398 posse
650 1352 818 1398 putem.
843 1342 906 1384 Ex
927 1337 1149 1385 Florentia
1168 1338 1236 1385 die
1257 1339 1331 1394 xii,
1353 1353 1434 1386 etc.
1455 1338 1792 1386 Bartholomeus
1813 1339 1945 1386 Scala.

1001 1480 1084 1521 207

513 1548 591 1588 TO
614 1550 918 1588 GIOVANNI
939 1550 1299 1589 LANFREDINI
1320 1552 1386 1589 IN
1407 1551 1574 1589 ROME

816 1619 864 1656 12
886 1617 1140 1657 November
1163 1620 1268 1657 1489

222 1711 309 1758 GC,
325 1709 392 1750 fol.
409 1714 467 1750 54.
484 1709 670 1762 Original.
686 1710 802 1750 Hand
817 1710 861 1751 of
871 1710 1003 1751 Scala’s
1020 1711 1186 1751 assistant
1202 1710 1350 1764 Filippo
1367 1711 1528 1752 Redditi.
1554 1711 1861 1764 Versoz‘Magnifi-

220 1781 266 1806 co
290 1767 450 1806 Oratori
471 1766 693 1807 Florentino
719 1769 864 1807 Romae
886 1767 1020 1807 Ioanni
1042 1766 1271 1808 Lanfredino
1292 1780 1472 1820 tanquam
1497 1767 1604 1808 fratri
1626 1783 1713 1808 meo
1737 1768 1859 1809 hono-

220 1821 353 1862 rando.
374 1824 545 1862 Romae.’
566 1822 680 1862 Recd.
705 1826 748 1862 17
767 1824 970 1864 Dec.1489.

135 1925 373 1986 Magnifice
396 1941 558 1973 orator.
583 1930 638 1972 A’
660 1927 804 1987 giorni
823 1928 980 1988 passati
998 1945 1078 1988 per
1097 1932 1264 1975 Messer
1282 1928 1598 1975 Bartholomeo
1621 1928 1817 1976 Redditi²
1836 1930 1880 1976 io
1901 1930 1944 1975 vi

135 1993 219 2041 feci
242 1994 470 2041 intendere
492 2013 619 2041 corne
644 1996 688 2042 io
714 2013 790 2042 ero
813 1995 1077 2052 desideroso,
1104 1996 1323 2043 mediante
1345 1996 1386 2044 la
1408 1997 1716 2044 intercessione
1742 2012 1784 2044 et
1808 2015 1942 2058 opera

134 2076 296 2118 vostra,
320 2062 601 2123 d'impetrare
626 2062 694 2109 dal
718 2066 902 2110 Sommo
928 2063 1153 2111 Pontefice
1174 2082 1261 2111 una
1283 2079 1487 2125 praetura
1506 2083 1587 2125 per
1608 2065 1788 2112 Andrea
1809 2065 1943 2121 Scala,

135 2131 228 2177 mio
251 2124 458 2186 fratello?
479 2145 522 2177 et
542 2131 653 2178 oltre
675 2149 699 2178 a
719 2146 888 2192 questo,
911 2150 998 2178 una
1018 2131 1217 2193 dispensa
1235 2150 1315 2193 per
1333 2137 1501 2180 Messer
1520 2138 1735 2190 Lorenzo,
1758 2134 1851 2180 mio
1872 2152 1943 2181 ne-

132 2212 253 2258 pote,
275 2197 336 2245 ad
353 2197 440 2245 duo
463 2198 801 2259 incompatibilia
825 2199 1105 2247 nonobstante
1126 2199 1286 2260 defectu
1304 2204 1463 2254 aetatis,
1486 2201 1646 2261 perche
1669 2201 1730 2248 lui
1756 2201 1811 2248 ha
1832 2202 1946 2249 circa

134 2283 158 2312 a
183 2266 286 2312 anni
317 2270 365 2312 14
391 2284 419 2312 ο
443 2266 534 2326 piu,
560 2266 720 2327 poiche
747 2266 787 2314 la
811 2285 980 2314 reserva
1002 2267 1081 2314 che
1108 2269 1152 2314 io
1177 2269 1379 2329 impetrai
1403 2270 1464 2315 mi
1491 2268 1537 2316 fu
1562 2277 1791 2316 revocata?
1816 2274 1943 2316 Hora

132 2351 213 2393 per
232 2333 385 2380 lettere
405 2333 474 2380 del
497 2333 622 2381 detto
642 2339 809 2382 Messer
829 2335 1145 2382 Bartholomeo
1167 2335 1345 2383 Redditi
1365 2336 1550 2383 intendo
1571 2355 1697 2384 come
1718 2337 1759 2384 la
1780 2341 1941 2384 Vostra

133 2400 480 2461 Magnificentia‚
499 2403 613 2449 circa
628 2402 709 2449 alla
722 2417 926 2463 praetura
940 2421 1020 2464 per
1036 2403 1215 2451 Andrea
1230 2405 1322 2451 mio
1341 2403 1527 2461 fratello,
1542 2405 1577 2452 si
1596 2404 1774 2452 confida
1790 2423 1942 2452 conso-

133 2469 260 2516 larmi
291 2469 530 2516 dummodo
563 2470 643 2517 che
678 2471 722 2517 io
754 2472 892 2518 scriva
924 2471 961 2518 al
993 2475 1178 2518 Sommo
1214 2472 1438 2519 Pontefice
1468 2473 1757 2533 supplicando
1792 2488 1942 2533 queste

132 2537 281 2596 gratie.
307 2536 338 2583 Il
362 2537 523 2597 perche
547 2539 591 2584 io
615 2539 759 2585 scrivo
783 2538 864 2586 alla
886 2557 962 2586 sua
985 2539 1259 2587 Beatitudine
1282 2540 1614 2587 rimettendomi
1638 2540 1719 2587 alla
1740 2540 1944 2601 Magnifi-

133 2605 277 2652 centia
295 2609 456 2652 Vostra
479 2620 521 2653 et
543 2607 586 2652 vi
608 2605 831 2653 testificho
854 2625 980 2654 come
1003 2607 1182 2655 Andrea
1202 2607 1224 2655 ὲ
1248 2607 1291 2655 di
1314 2608 1397 2655 tale
1418 2608 1667 2656 sufficentia
1688 2608 1767 2656 che
1791 2610 1830 2656 ci
1853 2608 1944 2656 fara

212 2845 228 2870 b
246 2853 312 2888 On
329 2851 475 2889 Andrea
491 2851 597 2896 Scala,
614 2866 671 2890 see
690 2853 795 2897 Scala,
815 2856 947 2891 242-43
967 2856 1131 2900 [ιω-64]
1149 2854 1220 2892 and
1235 2854 1341 2892 letter
1355 2858 1421 2892 209
1440 2854 1569 2892 below.

213 2914 226 2928 ²
244 2911 278 2946 A
297 2909 556 2958 judge-notary,
579 2910 730 2949 brother
746 2911 787 2949 of
803 2911 928 2950 Scala's
948 2911 1124 2961 chancery
1144 2914 1303 2951 assistant
1324 2912 1465 2962 Filippo
1485 2913 1571 2951 who
1590 2913 1719 2962 copied
1737 2913 1810 2951 this
1827 2913 1943 2958 letter;

128 2960 358 3008 J.Schnitzer,
387 2962 532 3009 Quellen
556 2962 632 3000 und
652 2963 883 3012 Forschungen
906 2978 970 3002 zur
995 2964 1185 3002 Gadn'chte
1208 2965 1443 3009 Savonarolas,
1468 2965 1634 3009 Munich,
1662 2969 1760 3010 1904,
1788 2969 1812 3010 1,
1838 2969 1938 3010 7-84;

133 3015 359 3112 affinia&
376 3018 532 3063 Lawyers
547 3016 623 3053 and
636 3016 812 3064 Statecrafi
829 3020 865 3054 in
884 3019 1106 3055 Renaissance
1123 3018 1289 3062 Florence,
1308 3019 1512 3062 Princeton‚
1532 3022 1630 3063 1968,
1649 3022 1727 3063 495;
1747 3019 1852 3063 Scala,
1873 3023 1939 3057 205

131 3069 146 3112 [
212 3097 304 3162 δ’(ἷὶ.
323 3124 430 3163 letter
445 3129 512 3163 206
529 3126 654 3164 above.

213 3186 226 3201 ⁰
244 3181 294 3219 Cf
307 3181 414 3220 letter
431 3186 496 3220 184
513 3183 638 3227 above,
657 3196 744 3221 note
761 3183 804 3232 c).
