2118 3444
144 167 327 201 ESSAYs
1857 157 1945 198 323

826 307 891 349 54.
916 296 1276 362 Magnanimitask

143 409 314 454 Taurus
337 407 432 453 viso
456 406 583 453 leone
606 405 876 466 perterritus,
901 422 1095 465 quonam
1122 405 1309 451 maxime
1334 404 1471 451 modo
1493 419 1662 464 pestem
1684 405 1842 451 vitaret
1866 405 1952 451 ani-

146 492 269 522 mum
297 474 558 521 intenderat.
583 478 752 520 Interea
773 490 873 520 cum
897 487 1043 520 actum
1067 490 1091 519 a
1113 472 1291 519 canibus
1312 472 1509 533 leporem
1534 473 1649 519 intra
1670 472 1810 519 leonis
1833 490 1959 519 crura

143 560 346 590 securum
364 542 582 589 delituisse
601 541 908 602 conspexisset,
929 541 973 586 in
989 558 1111 601 spem
1128 541 1248 587 venit
1264 540 1345 587 sibi
1363 558 1553 601 quoque,
1571 539 1692 601 quod
1707 555 1827 587 satur
1843 539 1957 587 forte

145 610 274 667 foret,
296 610 420 658 illum
443 628 686 686 parsurum.
711 614 823 657 Mox
844 627 944 656 cum
966 610 1205 656 irruentem
1228 610 1471 656 intueretur
1490 609 1535 655 in
1556 627 1599 656 se
1622 608 1794 656 hostem
1817 608 1955 656 arduo

143 694 323 740 pectore
347 694 389 726 et
413 679 633 726 rotatione
656 677 815 725 caudae
838 677 1093 733 terribilem,
1117 692 1158 724 et
1182 678 1270 738 ipse
1293 695 1337 724 se
1360 678 1404 723 in
1429 695 1594 724 cornua
1618 678 1856 737 insurgens,
1880 695 1956 724 sua

145 743 482 794 necessariam¹³²
524 746 578 793 ad
608 764 805 822 pugnam
844 760 981 806 parat
1021 750 1196 806 Anceps
1235 745 1502 821 aliquamdiu
1541 745 1760 805 proelium
1802 744 1898 792 fuit
1905 742 1952 768 ¹³³

143 814 344 862 Tandem
374 832 475 861 cum
504 815 618 861 tauri
646 810 870 890 tergum¹³⁴
899 813 970 860 leo
997 814 1219 869 tenuisset,
1247 814 1432 860 victoria
1458 827 1520 860 est
1547 813 1728 873 potitus.
1759 817 1959 860 Venator

144 898 306 939 autern,
335 883 410 943 qui
439 901 491 929 ex
518 882 728 938 arbore,
718 900 763 928 1n
793 900 924 942 quam
953 896 1073 928 metu
1101 881 1427 937 conscenderat,
1458 899 1550 928 rem
1577 899 1759 928 omnem
1789 895 1837 928 ut
1867 896 1957 928 erat

143 966 261 1012 gesta
278 965 559 1011 cognoverat:
580 954 704 997 ‘Ecce
723 950 982 1011 quomodo,'
1006 951 1162 1010 inquit,
1184 949 1421 996 ‘imbellem
1442 949 1570 996 fuisse
1588 967 1713 1010 saepe
1732 967 1780 996 ac
1795 949 1955 1010 suppli-

144 1037 240 1067 cem
263 1037 396 1080 quam
418 1018 721 1066 confidentem
744 1033 786 1065 et
808 1032 1124 1079 repugnantem
1146 1021 1363 1079 praestat.’

859 1160 925 1202 55.
951 1154 1240 1202 Condonatio

143 1262 327 1304 Emorsa
343 1257 490 1317 lingua
507 1257 712 1304 dentibus
727 1257 916 1317 graviter
928 1256 1198 1303 vulneratori
1213 1256 1492 1303 succensebat
1509 1270 1638 1317 atque
1653 1255 1851 1303 diuturni
1869 1257 1955 1303 iam

142 1343 351 1387 saporum
375 1325 581 1372 beneficii
603 1325 753 1381 oblita,
777 1326 821 1371 in
845 1324 1001 1385 quibus
1026 1324 1204 1385 quidem
1226 1324 1521 1385 exprimendis
1543 1339 1584 1371 et
1604 1324 1879 1385 porrigendis
1903 1324 1958 1371 ad

143 1394 337 1455 linguam
362 1409 550 1441 aetatem
570 1393 659 1440 fere
681 1411 862 1440 omnem
886 1394 1084 1454 viresque
1107 1394 1421 1449 contriverant,
1444 1393 1643 1440 dentium
1668 1392 1955 1440 immodicam

142 1463 417 1509 vicinitatem
439 1477 481 1509 et
501 1462 751 1522 superbiam
777 1459 1071 1508 accusabat.¹³5
1097 1461 1435 1522 Responderunt
1459 1461 1623 1508 dentes:
1650 1462 1706 1507 ‘Si
1729 1476 1878 1508 tamen
1902 1461 1954 1508 ab

144 1531 302 1576 iniuria
325 1529 407 1576 fuit
430 1529 594 1576 alienus
617 1527 855 1585 animus,¹³⁶
882 1529 1151 1576 condonasse
1176 1547 1324 1576 nonne
1348 1530 1583 1589 oportuit?’

918 1670 984 1712 56.
1010 1664 1181 1712 Odium

144 1768 319 1829 Aquila,
339 1769 453 1815 Iovis
470 1768 670 1828 armiger,
687 1786 796 1828 quae
814 1768 859 1814 in
876 1767 1087 1815 altissimo
1106 1767 1220 1814 forte
1236 1785 1331 1815 aere
1347 1767 1667 1814 circumvolans
1685 1768 1959 1828 spatiaretur,

143 1854 245 1884 cum
265 1851 373 1884 esset
392 1836 631 1884 draconem
650 1837 695 1882 in
714 1837 863 1897 aprico
880 1836 1173 1883 stabulantem
1193 1837 1443 1897 conspicata
1459 1850 1501 1883 et
1517 1850 1718 1883 veterum
1736 1836 1956 1883 meminis-

142 1920 206 1952 set
232 1905 578 1960 inimicitiarum,
606 1905 802 1951 maximo
828 1905 872 1950 in
898 1904 1069 1952 hostem
1098 1905 1264 1965 impetu
1289 1904 1509 1951 devolavit
1533 1919 1574 1951 et
1597 1922 1803 1964 percusso
1829 1903 1956 1951 altius

144 1972 289 2020 infixit
314 1991 492 2033 ungues.
522 1977 634 2020 Mox
658 1972 878 2020 sublatum
906 1972 981 2020 alis
1006 1972 1292 2033 gloriabunda
1319 1973 1586 2033 circumegit.
1612 1972 1813 2019 Tandem
1838 1990 1954 2028 cum,

143 2042 265 2102 quasi
287 2056 387 2088 acto
406 2041 459 2088 de
480 2041 604 2088 hoste
626 2041 870 2101 triumpho,
893 2042 1002 2088 iram
1021 2042 1257 2088 satiavisset
1278 2055 1407 2101 atque
1427 2041 1577 2088 animo
1599 2040 1767 2087 fecisset
1784 2041 1886 2087 satis
1905 2055 1953 2087 ut

144 2127 245 2156 eum
280 2110 489 2166 mitteret,
520 2127 685 2170 ungues
718 2109 1004 2156 delaxaverat.
1034 2113 1094 2156 At
1125 2127 1232 2156 vero
1263 2109 1408 2165 draco,
1439 2110 1528 2170 qui,
1561 2109 1788 2156 doloribus
1822 2124 1956 2165 actus,

143 2178 377 2225 vulnerum
396 2178 760 2239 implicatioribus
777 2178 960 2225 caudam
973 2179 1098 2239 spiris
1114 2177 1349 2239 colligarat,
1364 2178 1651 2225 nihilominus
1670 2177 1846 2225 tenebat
1861 2177 1956 2225 hos·

143 2261 247 2293 tem.
285 2251 348 2293 Ita
380 2246 455 2293 diu
490 2246 656 2302 luctati,
691 2265 792 2293 cum
829 2246 947 2293 nulla
980 2264 1023 2293 se
1058 2243 1195 2307 ope¹³7
1230 2246 1373 2307 aquila
1406 2243 1671 2307 explicare¹³⁸
1709 2264 1733 2293 a
1765 2246 1956 2293 dracone

142 2329 288 2374 posset
309 2329 350 2361 et
370 2314 619 2361 debilitatae
637 2315 722 2361 iam
741 2314 795 2361 ad
810 2314 1017 2361 ultimum
1038 2332 1173 2375 usque
1194 2329 1403 2361 conatum
1422 2315 1534 2361 vires
1552 2329 1706 2370 essent,
1725 2314 1858 2361 ambo
1876 2332 1956 2374 per

143 2400 288 2429 aerem
318 2397 483 2429 temere
511 2382 708 2429 devoluti
735 2382 915 2443 paulum
948 2383 992 2428 in
1024 2397 1185 2430 terram
1213 2379 1537 2430 deciderunt.¹³⁹
1565 2387 1764 2429 Venator
1791 2397 1953 2438 autem,

144 2451 219 2511 qui
245 2468 346 2497 cum
374 2451 601 2511 voluptate
628 2451 819 2497 alienum
844 2448 1111 2511 spectarat¹⁴⁰
1139 2450 1433 2498 infortunium
1462 2466 1503 2497 et
1529 2465 1788 2498 consecutus
1814 2450 1954 2497 fuerat

144 2518 282 2565 oculis
311 2518 529 2574 cadentes,
556 2537 656 2565 cum
687 2519 939 2566 accurrisset
966 2534 1095 2580 atque
1123 2518 1274 2566 eadem
1302 2516 1396 2566 et¹⁴¹
1430 2518 1552 2565 humi
1581 2536 1740 2579 pugna,
1772 2536 1882 2579 quae
1912 2519 1956 2564 in

144 2586 234 2634 alto
266 2586 421 2643 fuerat,
453 2586 741 2647 complicatos
772 2584 1094 2643 offendisset,¹⁴²
1129 2584 1370 2634 dracone¹⁴³
1405 2588 1687 2648 interempto,
1719 2586 1954 2648 prehendit

144 2654 348 2715 aquilam.
372 2658 500 2714 Quae
523 2655 681 2702 deinde
703 2656 747 2701 in
769 2655 1056 2716 compedibus
1079 2670 1290 2716 perpetua
1312 2656 1355 2701 in
1379 2656 1630 2716 captivitate
1650 2673 1750 2702 curn
1775 2673 1954 2702 consen·

144 2724 288 2779 uisset,
308 2722 422 2770 fame
438 2723 493 2770 ad
504 2738 780 2784 postremum
801 2724 1043 2771 miserrima
1059 2723 1300 2771 contabuit.
1321 2728 1469 2784 Itaque
1482 2724 1623 2780 Satiri‚
1641 2741 1741 2770 cum
1758 2738 1849 2770 tam
1865 2723 1955 2770 diu-

144 2792 263 2837 turni
290 2792 405 2838 inter
425 2809 468 2838 se
491 2791 655 2838 dissidii
681 2793 887 2838 miserum
914 2791 1024 2838 adeo
1047 2806 1254 2838 eventum
1279 2792 1599 2851 cognovissent,
1627 2809 1670 2838 re
1693 2791 1867 2851 vulgata
1890 2791 1958 2838 ad-

146 2859 387 2906 monebant
410 2858 667 2920 pestiferum
690 2860 751 2906 sic
772 2878 859 2906 esse
882 2859 1048 2906 odium.
1075 2863 1294 2907 Caverent
1316 2859 1434 2906 odio.

225 3168 242 3193 k
260 3174 323 3212 Ed.
343 3174 414 3212 and
430 3174 552 3212 transl.
572 3176 647 3218 Par,
669 3178 812 3212 116-17.
