2124 3458
122 178 295 211 POEMS
1829 168 1915 209 431

243 314 459 362 Praebuit:
484 331 610 361 usum
635 314 798 360 etenim
822 312 1022 359 nondum
1048 326 1309 359 monstrarat
1332 312 1481 359 arandi

243 382 375 429 Alma
398 385 531 429 Ceres
553 382 806 441 victumque
829 380 989 428 dabant
1011 379 1271 441 glandesque
1294 398 1510 441 nucesque

243 455 459 510 Moraque
482 449 534 496 de
554 450 688 510 spinis
711 448 948 509 pendentia
970 448 1184 509 rubraque
1208 466 1353 495 corna.
1743 463 1806 494 200

241 522 378 565 Nunc
400 517 547 564 suibus
572 531 672 564 sunt
696 534 790 563 esca
810 516 923 572 feris,
946 534 1056 576 quos
1079 516 1235 563 deinde
1255 534 1459 563 voracem

242 585 492 633 Condimus
519 586 563 631 in
586 599 800 640 ventrem,
823 599 944 631 tanta
964 583 1232 644 indulgentia
1253 585 1429 631 ventris.

241 656 310 701 Tu
333 668 482 700 tamen
504 667 546 700 et
566 653 700 699 serito
720 652 873 699 silvam
897 670 1160 712 camposque
1184 670 1349 699 corona

242 721 507 781 Quercubus
531 735 573 767 et
592 721 711 781 putri
734 720 936 780 glandem
956 738 1073 780 pone
1097 719 1251 767 ordine
1273 719 1399 776 fossa;

241 790 414 836 Semine
437 806 569 849 quam
590 788 750 848 plantis
774 787 915 835 multo
938 787 1134 835 foelicius
1158 787 1336 835 haerent
1743 802 1805 833 205

241 861 294 903 Et
316 871 523 917 spargunt
548 873 692 902 ramos
715 870 756 902 et
778 855 945 902 caelum
967 856 1128 902 vertice
1148 870 1345 915 tangunt.

242 929 456 971 Attamen
478 938 519 971 et
539 923 699 984 plantis
722 941 885 970 annosa
908 924 952 969 in
974 923 1116 970 secula
1137 922 1308 970 durant.

241 991 528 1039 Descendunt
549 991 684 1053 pleno
707 1006 901 1039 maturae
924 1009 975 1038 ex
997 991 1150 1038 arbore
1172 990 1347 1052 glandes

242 1065 489 1108 Autumno.
518 1065 673 1121 Lapsas
693 1059 784 1120 lege
805 1060 866 1107 sic
887 1074 960 1107 aut
982 1059 1136 1107 decute
1157 1074 1307 1116 conto,

240 1134 312 1176 Ne
333 1143 514 1190 pereant
534 1146 702 1189 sparsae
724 1129 942 1175 variarum
963 1127 1122 1189 praeda
1142 1127 1332 1175 ferarum
1743 1143 1806 1174 210

240 1202 293 1245 Et
316 1197 562 1254 volucrum,
586 1215 775 1258 propera
795 1196 987 1258 prudens
1010 1211 1051 1244 et
1073 1197 1117 1243 in
1142 1196 1297 1244 horrea
1318 1196 1473 1253 conde,

240 1270 319 1322 Ut,
342 1267 376 1313 si
400 1265 578 1326 quando
601 1269 735 1312 Ceres
757 1279 935 1325 angusta
956 1279 998 1312 et
1018 1279 1133 1312 terra
1153 1266 1317 1325 negarit

239 1338 479 1380 Frumenta
500 1348 542 1380 et
563 1333 669 1380 culti
691 1351 783 1380 non
806 1332 989 1380 reddent
1012 1333 1176 1380 hordea
1195 1333 1315 1389 sulci,

241 1405 359 1449 Cum
384 1401 578 1448 recident
599 1402 700 1448 vani
721 1415 949 1448 taurorum
974 1400 1294 1461 hominumque
1320 1400 1502 1457 labores,

239 1474 303 1517 Ut
327 1469 567 1530 quondam,
590 1469 731 1516 valeas
753 1468 959 1516 alimenta
981 1469 1083 1516 hinc
1104 1487 1274 1516 sumere
1297 1470 1425 1525 vitae,
1743 1484 1804 1515 215

239 1542 293 1584 Et
314 1537 484 1597 pulsare
509 1537 671 1584 famem
694 1538 804 1584 natis
824 1538 1060 1597 pecorique
1082 1537 1262 1597 tibique.

241 1605 433 1665 Aegypti
457 1619 634 1651 moneat
656 1619 835 1665 septena
853 1605 1037 1665 penuria
1059 1619 1267 1651 mentem:

239 1677 448 1733 Namque
471 1672 706 1719 hominum
732 1672 869 1733 culpis
892 1673 954 1719 ira
975 1673 1141 1720 irritata
1160 1672 1345 1720 deorum

240 1745 331 1788 Aut
352 1740 502 1801 pluvia
525 1741 744 1801 immergit
768 1741 880 1787 tristi
902 1740 1002 1787 data
1020 1741 1186 1788 semina
1208 1755 1360 1797 terrae,

240 1813 331 1856 Aut
353 1808 552 1870 squalent
574 1808 676 1856 solis
700 1809 840 1856 nimio
865 1808 1036 1856 fervore
1059 1808 1209 1856 deusta
1742 1824 1806 1855 220

239 1882 292 1924 Et
316 1878 570 1924 moriuntur
593 1878 764 1938 agitque
787 1878 957 1924 animos
981 1878 1175 1938 angustia
1196 1878 1348 1925 victus.

238 1950 360 1993 Nam
385 1946 567 1992 memini
591 1945 714 1993 flavis
734 1960 923 2006 segetem
944 1947 1173 1993 siccescere
1195 1947 1240 1992 in
1263 1947 1373 1993 arvis

239 2018 292 2061 Et
316 2015 401 2060 iam
424 2028 619 2061 maturae
642 2032 852 2061 messores
875 2013 1058 2061 subdere
1082 2013 1252 2070 falcem,

240 2085 359 2128 Cum
381 2082 529 2128 subito
554 2081 721 2128 caelum
745 2082 914 2128 misceri
938 2099 1162 2128 murmure
1188 2083 1352 2129 circum

240 2150 372 2210 Cepit
395 2164 436 2196 et
459 2150 503 2195 in
527 2167 719 2196 cererem
740 2149 878 2196 multa
899 2167 1000 2196 cum
1022 2149 1231 2210 grandine
1253 2149 1428 2197 nimbus
1742 2164 1804 2196 225

239 2217 479 2264 Descendit
501 2217 756 2278 culmosque
782 2218 867 2265 ruit
888 2218 1111 2278 spicasque
1135 2217 1321 2278 refregit

239 2287 307 2332 Sic
329 2300 493 2332 temere
515 2286 693 2332 iniacuit
714 2286 873 2345 passim
899 2303 1013 2332 nova
1032 2286 1192 2346 praeda
1210 2286 1442 2333 volucrum

239 2356 397 2399 Semen
420 2368 461 2399 et
483 2354 639 2412 integri
659 2371 755 2413 spes
778 2354 922 2400 omnis
946 2353 1113 2413 deperit
1135 2354 1249 2400 anni.

238 2425 337 2468 Nos
358 2439 531 2481 quoque
552 2420 657 2468 dum
681 2420 782 2468 haec
802 2422 992 2468 canimus
1010 2420 1197 2482 populos
1218 2421 1325 2468 male
1345 2421 1473 2468 suada
1490 2439 1569 2482 per
1588 2439 1766 2468 omnem

241 2488 408 2536 Italiam
429 2488 639 2536 bacchata
658 2488 794 2536 fames
815 2489 1017 2536 desaevit:
1039 2489 1091 2536 ab
1115 2489 1258 2537 herbis
1742 2504 1805 2536 230

238 2558 529 2604 Nutrimenta
548 2572 706 2618 petunt
729 2572 942 2618 raptoque
964 2575 1016 2604 ex
1038 2557 1191 2605 arbore
1213 2557 1339 2605 libro.

240 2629 368 2685 Quae
389 2626 423 2673 si
447 2625 680 2682 defuerint,
703 2644 1003 2687 quaecumque
1026 2625 1254 2673 immunda
1275 2641 1489 2673 vorantur

239 2695 410 2754 Vixque
435 2695 600 2741 animas
623 2694 798 2741 redimit
822 2712 981 2755 magno
1004 2695 1195 2755 quaesita
1215 2694 1362 2741 labore

239 2766 358 2818 Esca,
382 2763 461 2809 etsi
482 2776 683 2809 ventrem
706 2763 865 2809 ieiunia
888 2762 981 2809 dira
1001 2762 1196 2823 fatigant3

239 2833 406 2890 Perque
428 2831 518 2877 vias
539 2848 779 2890 vacuasque
802 2830 962 2877 cadunt
986 2831 1199 2877 moritura
1220 2848 1299 2890 per
1319 2830 1443 2877 aedes
1741 2845 1803 2875 235

240 2901 457 2957 Corpora,
483 2897 764 2958 complentur
785 2899 906 2945 siccis
930 2899 1205 2945 monimenta
1225 2915 1304 2958 per
1324 2897 1452 2944 urbes

240 2968 407 3025 Perque
430 2965 710 3012 cadaveribus
730 2965 852 3012 villas
874 2980 916 3012 et
937 2966 1131 3026 compita
1153 2965 1250 3012 late.

240 3037 338 3080 Hos
362 3034 493 3093 igitur
514 3047 660 3080 tantos
682 3051 876 3089 cernens,
898 3033 1135 3094 Populane‚
1160 3033 1329 3080 labores

239 3100 445 3147 Flecteris
465 3115 594 3161 atque
615 3100 822 3147 alimenta
842 3102 927 3148 tuis
950 3115 1128 3148 externa
1149 3102 1378 3156 ministras,

239 3168 495 3228 Sumptibus
521 3167 637 3215 haud
657 3186 838 3229 parcens
860 3169 1025 3228 magnis
1046 3183 1300 3229 pestemque
1323 3167 1547 3229 repellens;
1741 3183 1804 3213 240
