2124 3464
119 202 348 236 PRIVATE
375 201 602 235 LETTERS
1862 193 1918 234 95

119 340 260 401 questi
276 339 411 400 pochi
431 339 554 386 versi.
577 341 627 385 Se
648 355 739 385 non
758 355 838 398 per
854 338 1112 398 compagnia
1132 337 1199 384 del
1220 336 1378 384 danaio
1397 336 1464 384 del
1482 336 1690 393 subsidio,
1715 336 1741 383 il
1763 336 1926 397 disagio

117 426 198 455 suo
219 407 287 454 del
309 408 458 454 venire
479 407 568 467 qui,
591 424 717 453 come
740 405 976 461 intendete‚
998 423 1088 452 non
1110 423 1182 452 era
1201 406 1454 461 necessario,
1475 404 1635 465 perche
1656 405 1695 452 13
1714 423 1790 452 sua
1809 406 1925 465 prin-

118 475 255 536 cipale
274 475 563 522 instructione
584 473 651 521 del
669 473 943 534 persuaderci
962 472 1005 520 di
1023 487 1245 533 acceptare
1263 472 1290 519 il
1307 473 1472 533 partito
1490 472 1557 520 del
1578 477 1640 520 Re
1658 490 1738 533 per
1753 472 1792 520 le
1811 473 1928 520 resti·

117 543 282 591 tutioni
305 542 327 590 ὲ
349 557 512 598 vacam,
535 541 718 589 essendo
741 542 817 588 noi
838 541 1069 602 pervenuti
1092 555 1134 588 et
1155 541 1405 588 consentito
1429 555 1560 588 tutto.
1585 545 1644 588 La
1665 541 1925 602 compagnia

117 611 185 659 del
210 611 369 658 danaio
393 610 506 657 forse
531 610 552 657 ὲ
577 610 748 656 minore
774 627 873 656 cosa
895 608 974 656 che
999 627 1090 656 non
1113 610 1148 656 si
1172 610 1385 656 conviene
1409 609 1490 656 alla
1510 627 1586 656 sua
1610 608 1784 670 qualita.
1809 612 1860 656 Se
1883 610 1927 655 vi

115 678 243 740 parra
263 678 317 726 da
335 678 455 725 farne
475 677 627 739 parola
646 677 799 725 alcuna
817 695 897 738 per
914 677 1016 724 torli
1037 692 1192 738 questo
1211 677 1387 738 disagio,
1410 692 1451 724 et
1470 677 1551 724 alla
1570 677 1837 724 Excellentia
1856 677 1923 724 del

115 748 296 808 Signore
318 760 469 807 questa
487 763 622 807 spesa,
643 745 688 793 lo
706 760 879 806 potrete
899 745 1002 802 fare,
1022 760 1063 793 et
1083 763 1166 802 me,
1186 745 1383 806 priegho,
1408 745 1757 792 raccomandiate
1776 745 1814 792 al
1835 746 1927 792 mio

116 814 361 876 Magnifico
379 819 546 861 Messer
563 815 690 861 Piero
709 813 763 861 da
780 813 940 861 Galera
955 828 997 861 et
1014 818 1181 861 Messer
1197 814 1423 861 Giovanni
1443 813 1622 874 Agnolo
1643 813 1695 860 de
1712 813 1926 860 Talentisc

117 883 296 944 quando
318 883 361 929 vi
384 881 600 930 accadera.

985 1024 1063 1065 100

646 1094 723 1133 TO
746 1095 920 1133 PIERO
942 1095 1077 1133 NASI
1098 1096 1163 1133 IN
1183 1094 1398 1133 NAPLES

871 1165 893 1200 7
914 1160 1039 1213 April
1065 1164 1166 1201 1481

199 1255 285 1294 Min
312 1257 367 1302 11,
391 1254 457 1294 fol.
480 1257 588 1294 302v.
613 1253 815 1306 Chancery
836 1253 945 1302 draft,
967 1253 1121 1294 headed:
1148 1253 1291 1294 ‘Eidem
1315 1255 1426 1294 Petro
1451 1253 1512 1302 [de
1533 1254 1661 1302 Nasis]
1683 1254 1842 1294 nomine

199 1310 349 1351 domini
370 1309 670 1351 Bartholomei.'²

115 1414 353 1475 Magnifice
377 1429 606 1475 compater
627 1415 700 1461 mi.
727 1418 775 1461 Io
798 1414 981 1461 credetti
998 1432 1106 1475 pure
1131 1414 1306 1461 almeno
1330 1432 1415 1461 con
1439 1429 1590 1475 questa
1610 1415 1785 1475 potervi
1808 1433 1927 1461 man-

115 1483 217 1530 dare
238 1482 279 1530 13
302 1482 616 1530 deliberatione
641 1482 753 1529 della
772 1482 1078 1538 subventione,
1104 1482 1216 1530 della
1237 1482 1361 1543 quale
1384 1500 1433 1529 so
1459 1482 1612 1530 havete
1634 1482 1710 1543 piu
1734 1482 1921 1543 bisogno

115 1551 195 1598 che
221 1569 313 1598 non
339 1550 428 1598 dite
450 1568 530 1611 per
552 1565 700 1597 vostra
724 1565 1058 1597 costumatezza.
1086 1553 1168 1597 Per
1191 1550 1383 1598 anchora
1407 1568 1498 1597 non
1523 1551 1558 1597 si
1584 1550 1605 1597 ὲ
1631 1550 1858 1607 obtenuta‚
1885 1565 1927 1597 et

116 1613 353 1675 Lorenzo,b
377 1636 401 1665 a
420 1618 490 1665 chi
509 1619 717 1674 scrivesti‚
737 1636 789 1665 ve
810 1636 863 1665 ne
886 1618 940 1665 ha
958 1618 1063 1665 dato
1083 1618 1245 1665 favore.
1266 1618 1395 1665 Colla
1415 1636 1523 1665 voce
1543 1618 1780 1666 ciaschuno
1800 1618 1841 1665 la
1859 1618 1927 1675 da,

114 1687 153 1734 le
175 1686 270 1734 fave
291 1705 383 1734 non
405 1686 760 1747 corrispondono
784 1704 807 1734 a
824 1687 971 1747 pieno:
997 1686 1129 1734 credo
1148 1687 1209 1734 sia
1227 1686 1303 1747 piu
1324 1701 1444 1734 tosto
1464 1705 1543 1747 per
1561 1686 1601 1734 la
1621 1686 1838 1734 difficulta
1857 1686 1925 1734 del

115 1755 274 1803 danaio
296 1755 375 1802 che
397 1773 478 1816 per
500 1773 591 1802 non
615 1754 762 1802 volere
787 1754 875 1802 fare
898 1773 921 1802 a
942 1756 1016 1802 voi
1040 1755 1200 1802 dovere
1225 1770 1266 1802 et
1286 1756 1469 1816 piacere.
1494 1758 1544 1802 Se
1568 1756 1611 1801 vi
1632 1773 1750 1816 pare,
1773 1756 1927 1802 scrive-

114 1839 215 1871 tene
234 1842 326 1871 uno
348 1841 475 1871 verso
496 1823 550 1871 ad
569 1824 773 1871 Antonio
795 1824 957 1879 Pucci,c
978 1838 1019 1871 et
1038 1841 1081 1871 se
1103 1823 1404 1871 dextramente
1423 1823 1536 1871 nella
1554 1823 1709 1871 lettera
1726 1823 1805 1871 che
1825 1825 1924 1871 scri-

114 1907 283 1939 verrete
305 1891 376 1939 alli
398 1895 516 1939 Otto
538 1910 592 1939 ne
614 1906 785 1952 potesse
810 1893 1054 1939 interserire
1077 1892 1259 1952 qualche
1282 1910 1394 1948 cosa,
1418 1892 1694 1952 gioverebbe‚
1719 1907 1760 1939 et
1781 1907 1926 1953 potre-

114 1960 205 2007 telo
228 1960 317 2007 fare
341 1960 690 2007 modestamente
710 1959 871 2020 perche
895 1959 960 2007 fra
981 1960 1079 2007 loro
1104 1960 1125 2007 ὲ
1149 1978 1249 2007 cosa
1269 1960 1337 2020 gia
1360 1960 1502 2007 molto
1525 1961 1628 2008 trita
1649 1975 1705 2017 et,
1730 1978 1856 2007 come
1881 1961 1925 2007 io

114 2028 229 2084 dico,
246 2029 357 2075 tucti
375 2027 487 2075 colla
502 2046 610 2074 voce
629 2043 906 2075 consentono
925 2027 1072 2089 quello
1091 2028 1170 2075 che
1188 2046 1273 2075 con
1292 2029 1468 2089 ragione
1486 2046 1579 2075 non
1595 2029 1630 2075 si
1646 2028 1738 2089 puo
1758 2046 1926 2089 negare.

114 2101 163 2143 Io
187 2096 247 2143 ho
271 2095 389 2143 facto
410 2111 451 2143 et
475 2095 521 2143 fo
542 2114 622 2157 per
641 2097 715 2143 voi
741 2097 833 2143 mio
857 2095 1008 2144 debito
1029 2111 1071 2144 et
1093 2114 1205 2143 sono
1228 2115 1308 2158 per
1330 2096 1418 2144 fare
1439 2097 1484 2143 in
1509 2098 1612 2157 ogni
1635 2111 1789 2158 tempo
1814 2111 1856 2144 et
1878 2097 1923 2143 in

114 2165 218 2225 ogni
241 2182 354 2220 caso,
376 2164 537 2225 perche
561 2164 650 2212 cosi
674 2165 829 2212 merita
850 2164 889 2212 13
911 2179 1060 2212 nostra
1082 2166 1283 2212 amicitia.

200 2232 667 2280 Raccomanderetemi
697 2232 734 2280 31
767 2234 924 2293 Signor
953 2227 1213 2280 Secretariod
1242 2248 1283 2281 et
1315 2233 1486 2281 direteli
1515 2233 1594 2281 che
1627 2233 1687 2281 ho
1719 2252 1743 2281 3
1774 2248 1923 2281 mente

114 2300 262 2361 quello
291 2301 370 2348 che
399 2301 420 2348 ὲ
448 2301 475 2347 il
504 2301 655 2348 debito
683 2302 757 2362 qui
784 2301 896 2348 della
921 2301 1043 2349 Citta
1067 2302 1240 2349 inverso
1268 2301 1308 2349 la
1333 2320 1408 2349 sua
1434 2302 1645 2362 Signoria,
1676 2316 1717 2349 et
1745 2301 1924 2363 quando

113 2368 206 2416 sara
228 2368 255 2414 il
278 2383 446 2429 tempo,
469 2383 510 2416 et
532 2369 611 2416 che
635 2370 678 2416 io
700 2369 839 2429 vegha
860 2387 1043 2416 nessuna
1064 2369 1365 2430 opportunita‚
1391 2369 1485 2417 faro
1507 2370 1535 2416 il
1558 2370 1710 2417 debito
1730 2371 1822 2417 mio
1843 2388 1924 2431 per

114 2436 154 2484 la
174 2440 258 2484 Sua
278 2438 487 2497 Signoria.
515 2441 555 2483 A
578 2438 651 2484 voi
675 2438 736 2483 mi
759 2437 1065 2485 raccomando.
1090 2439 1175 2485 Die
1197 2438 1256 2484 vii
1278 2438 1441 2499 Aprilis
1470 2443 1587 2486 1481.

111 2708 292 2757 supposed
310 2720 350 2746 to
370 2708 474 2757 bring
491 2712 615 2746 36.000
633 2708 755 2747 ducats
771 2721 811 2747 to
829 2723 899 2758 pay
917 2709 1050 2758 Naples
1068 2724 1102 2747 as
1121 2724 1141 2747 a
1156 2709 1312 2758 subsidy,
1333 2710 1398 2747 but
1416 2709 1554 2748 arrived
1570 2711 1609 2746 in
1627 2709 1798 2748 Florence
1816 2724 1868 2747 on
1883 2713 1923 2746 21

113 2759 241 2797 March
259 2759 418 2798 without
433 2760 545 2804 them,
563 2775 619 2798 see
639 2764 815 2805 Lorenzo,
833 2764 971 2805 Lettere,
990 2764 1033 2805 V,
1053 2765 1199 2806 329-36‚
1220 2761 1390 2810 referring
1406 2774 1446 2799 to
1464 2761 1536 2799 this
1553 2761 1658 2799 letter
1673 2776 1725 2799 on
1742 2765 1819 2799 330.

194 2822 208 2836 ⁰
224 2819 326 2856 Piero
344 2818 389 2856 da
407 2818 595 2863 Gallarate,
614 2819 705 2857 with
721 2820 907 2858 Giovanni
922 2822 1025 2868 Ange
1043 2819 1193 2864 Talenti,
1211 2834 1282 2858 was
1300 2819 1472 2858 Milanese
1489 2819 1715 2858 ambassador
1732 2821 1772 2857 in
1788 2819 1923 2869 Naples

113 2871 152 2907 in
173 2873 271 2914 1480,
293 2871 454 2915 Cerioni‚
471 2870 693 2919 Diplomazia
712 2871 886 2919 Sforzesca,
906 2875 983 2909 238.

194 2932 207 2947 ²
224 2931 286 2967 See
302 2928 423 2967 letters
441 2933 485 2967 97
503 2929 617 2967 above
634 2929 705 2967 and
725 2933 799 2974 103,
818 2942 905 2968 note
923 2930 958 2978 b)
979 2930 1108 2968 below.

193 2980 209 3005 ¹³
228 2989 393 3024 Lorenzo
410 2986 467 3024 de’
485 2986 629 3031 Medici,
647 3001 704 3025 see
722 2987 827 3025 letter
842 2991 897 3031 97,
916 2999 1003 3025 note
1020 2987 1063 3036 c).

195 3050 208 3064 ⁶
226 3044 423 3093 Currently
440 3059 459 3083 3
475 3045 639 3083 member
656 3045 697 3083 of
711 3045 774 3083 the
793 3048 886 3083 Otto
904 3045 942 3083 di
960 3047 1104 3084 Pratica.

193 3097 210 3122 ‘¹
228 3103 430 3141 Antonello
450 3105 622 3148 Petrucci,
638 3116 814 3152 secretary
833 3103 874 3142 of
891 3107 1058 3142 Ferrante
1075 3104 1116 3142 of
1132 3104 1277 3153 Naples,
1297 3104 1359 3142 did
1378 3105 1417 3142 in
1434 3104 1504 3142 fact
1523 3106 1659 3143 receive
1677 3118 1697 3142 a
1715 3104 1779 3153 gift
1798 3104 1840 3142 of
1855 3108 1922 3142 300

113 3154 235 3192 ducats
252 3154 350 3192 from
367 3154 538 3193 Florence
553 3156 593 3192 in
611 3159 709 3200 1482;
726 3170 778 3193 on
792 3155 846 3193 his
862 3157 1139 3204 imprisonment
1155 3156 1226 3194 and
1239 3156 1347 3194 death
1362 3157 1401 3193 in
1418 3160 1515 3200 1487,
1531 3170 1588 3194 see
1606 3156 1766 3204 Bentley,
1781 3156 1875 3194 cited
1889 3157 1929 3193 in

113 3206 219 3244 letter
234 3210 289 3250 32,
308 3218 396 3244 note
413 3206 444 3255 c)
464 3207 589 3245 above.
