2118 3444
210 144 300 185 208
1798 150 1935 184 PART
1960 151 2014 184 111

296 287 384 334 Nel
405 288 641 347 Capitano,
661 286 879 347 adunque,
898 304 941 333 se
960 286 1090 333 vorra
1107 304 1242 333 essere
1262 286 1405 346 degno
1424 286 1467 333 di
1485 301 1640 347 questo
1658 287 1850 347 glorioso
1871 305 2019 344 nome,

211 355 375 403 dovera
397 372 533 402 essere
557 372 648 401 non
671 354 767 401 solo
792 353 933 415 quelle
955 354 1080 401 laude
1103 354 1182 401 che
1202 355 1368 415 paiono
1390 354 1466 415 piu
1487 355 1664 415 proprie
1688 354 1732 402 di
1754 354 1896 416 quella
1917 369 2021 403 arte:

212 423 355 479 fatica,
374 437 649 483 argomento,
673 422 898 479 industria,
920 422 1145 482 consiglio,
1170 422 1357 479 celerita,
1375 423 1525 470 animo
1545 441 1715 484 sempre
1737 422 2022 484 indefatigato
2077 428 2082 435 “

211 506 253 539 et
272 509 423 539 acceso
442 491 523 538 alla
541 491 740 546 victoria,
760 505 801 537 et
819 488 961 537 altre²⁴
980 505 1021 537 et
1041 490 1183 537 molto
1203 491 1424 551 maggiori:
1448 490 1559 547 fede,
1578 491 1799 551 religione,
1819 505 2018 539 constan-

211 561 284 616 tia,
306 559 598 620 temperantia
616 573 657 605 et
674 559 899 619 patientia,
921 558 1160 615 humanita,
1183 557 1406 615 affabilita3
1427 559 1529 619 ogni
1548 558 1679 615 virtu,
1700 577 1826 606 corne
1846 558 1868 606 ὲ
1888 559 2021 606 dichi-

211 642 334 675 arato
355 627 409 674 da
427 631 491 674 M.
515 626 698 683 Tullio,e
718 627 916 687 principe
941 626 1053 687 degli
1075 627 1240 674 oratori
1262 626 1398 683 latini,
1420 626 1529 674 delle
1551 626 1680 687 quali,
1704 626 1742 675 al
1762 645 1891 688 parer
1911 628 2017 684 mio,

211 695 463 743 facilmente
492 713 785 755 provengono
818 712 898 755 per
926 694 965 741 13
996 695 1191 755 maggior
1219 709 1341 755 parte
1372 694 1451 742 che
1480 695 1514 742 si
1545 694 1747 755 sogliono
1781 695 2023 743 desiderare

211 763 330 811 nello
352 763 627 824 'mperadore
647 777 687 810 et
707 764 911 823 capitano
930 762 1167 819 dell'arme,
1187 762 1354 810 benche
1373 762 1484 810 dalla
1502 762 1675 819 felicita,
1693 763 1733 810 la
1750 763 1875 824 quale
1893 763 2017 824 sogli-

211 850 302 879 ono
318 850 450 892 porre
470 831 539 879 nel
558 846 716 892 quarto
732 830 878 892 luogo,
899 830 1012 878 forse
1030 830 1269 878 altrimenti
1284 830 1360 892 piu
1379 846 1630 879 veramente
1644 832 1679 879 si
1696 831 2017 893 disputerebbe‚

202 903 452 961 praesertim
490 900 533 947 di
569 899 712 960 quella
747 899 826 946 che
863 899 1195 960 dependerebbe
1231 899 1343 947 dalla
1376 899 1566 956 fortuna,
1604 918 1696 947 non
1731 900 1843 947 dalla
1875 894 2023 948 virtu.f

210 968 374 1015 Perche
396 986 558 1015 ancora
579 967 775 1015 nell'arte
797 967 983 1014 militare
1004 969 1102 1028 paia
1123 967 1202 1014 che
1225 967 1365 1015 debba
1387 986 1510 1015 avere
1530 967 1606 1028 piu
1629 967 1751 1015 forza
1771 968 1800 1014 il
1822 986 1922 1015 caso
1941 986 2021 1029 per

209 1036 250 1083 la
268 1035 433 1083 varieta
451 1035 561 1082 delle
580 1053 678 1082 cose
699 1035 778 1082 che
797 1053 910 1082 sono
932 1036 976 1081 in
997 1053 1099 1091 essa,
1121 1035 1452 1082 nientedimeno
1472 1035 1584 1082 dove
1603 1054 1715 1082 sono
1736 1050 1849 1083 tutte
1865 1035 1904 1083 le
1924 1054 2023 1083 cose

209 1104 425 1164 superiori
450 1118 492 1150 et
516 1101 693 1164 quelle2⁵
717 1103 796 1150 che
819 1103 888 1150 nel
910 1121 1086 1150 sommo
1113 1103 1386 1164 imperadore
1409 1118 1451 1150 et
1472 1104 1675 1164 capitano
1695 1121 1808 1151 sono
1833 1121 2020 1151 necessa-

211 1173 286 1228 rie,
313 1171 353 1219 la
377 1171 558 1218 fortuna
582 1186 704 1218 certo
730 1171 784 1218 ha
806 1189 918 1232 poca
942 1170 1076 1218 forza.
1105 1175 1183 1218 Ma
1203 1189 1253 1218 so
1278 1171 1357 1218 che
1383 1171 1475 1218 dira
1500 1171 1732 1232 qualcuno:
1760 1172 1901 1219 costui
1926 1171 2020 1219 dice

211 1258 309 1287 cose
334 1258 435 1287 vere
460 1258 532 1287 ma
556 1239 815 1300 impossibili
844 1239 923 1287 che
948 1254 1061 1287 tutte
1084 1240 1119 1287 si
1143 1241 1322 1300 possino
1351 1240 1396 1286 in
1421 1258 1512 1287 uno
1538 1239 1706 1287 huomo
1733 1239 2019 1288 accumulare.

210 1312 346 1356 Parve
367 1308 482 1355 forse
502 1307 570 1368 gia
588 1307 664 1369 piu
687 1307 954 1369 impossibile
980 1307 1016 1355 el
1037 1323 1190 1369 potere
1212 1308 1409 1355 dubitare
1431 1308 1510 1355 che
1530 1309 1575 1354 in
1595 1326 1687 1355 uno
1710 1308 1879 1355 huomo
1901 1323 2022 1356 tante

211 1377 315 1424 dote
338 1391 380 1424 et
401 1376 527 1424 laude
549 1377 584 1423 si
606 1377 786 1437 possino
813 1377 992 1424 insieme
1016 1394 1237 1437 ragunare.

295 1445 522 1505 FederigO,
552 1459 682 1492 conte
714 1444 757 1492 di
785 1445 977 1501 Urbino,
1011 1442 1198 1492 vostro²⁶
1228 1446 1462 1505 Capitano,
1494 1444 1565 1492 n'a
1592 1445 1707 1492 tolto
1735 1446 1806 1492 via
1833 1444 1871 1492 31
1901 1459 2022 1492 tutto

211 1514 314 1574 ogni
338 1513 428 1560 cosi
452 1512 560 1560 satta
580 1513 856 1560 dubitatione
880 1513 990 1560 nelle
1015 1531 1112 1560 cose
1135 1513 1241 1560 fatte
1261 1513 1315 1560 da
1335 1513 1395 1560 lui
1419 1513 1498 1560 che
1522 1513 1658 1560 fanno
1681 1513 2019 1561 evidentissima-

211 1596 360 1629 mente
398 1596 550 1643 questa
582 1599 764 1643 pruova.
805 1581 1062 1629 L'abbiamo
1099 1579 1227 1629 non²⁷
1265 1581 1385 1629 udite
1421 1581 1491 1631 da’v
1527 1582 1742 1629 narratori
1779 1581 1889 1629 delle
1923 1599 2022 1629 cose

211 1651 400 1707 antiche,
426 1650 538 1698 nelle
563 1650 679 1711 quali
703 1650 953 1698 facilmente
975 1648 1100 1711 puo28
1129 1669 1241 1698 esser
1264 1650 1445 1711 qualche
1469 1669 1630 1707 errore,
1654 1650 1836 1711 qualche
1858 1665 2020 1711 sospet-

210 1734 259 1766 to
288 1719 357 1766 del
385 1737 506 1775 vero,
536 1737 607 1766 ma
633 1719 872 1766 l’abbiamo
902 1718 1061 1766 vedute
1090 1719 1179 1775 noi,
1209 1733 1250 1766 et
1277 1720 1502 1779 sappiamo
1533 1718 1613 1766 che
1640 1736 1825 1766 nessuna
1853 1716 2020 1775 fama,²⁹

211 1805 401 1834 nessuno
429 1805 576 1833 errore
600 1786 638 1834 le
662 1786 753 1847 puo
780 1786 868 1834 fare
893 1787 1102 1847 maggiori
1124 1792 1156 1833 'o
1183 1801 1350 1833 mutare
1374 1786 1527 1834 alcuna
1551 1804 1651 1834 cosa
1673 1786 1741 1834 dal
1765 1804 1886 1843 vero;
1910 1786 2022 1834 nelle

211 1855 328 1916 quali
351 1873 524 1911 ancora,
545 1873 588 1902 se
610 1873 798 1902 saranno
820 1855 931 1902 bene
953 1854 1223 1902 considerate
1245 1869 1286 1902 et
1306 1856 1441 1902 intese
1464 1855 1608 1902 insino
1632 1854 1669 1902 al
1692 1872 1798 1902 vero
1817 1854 2018 1915 l'origine

211 1942 232 1970 e
264 1921 312 1969 i³⁰
345 1924 486 1970 mezzi
517 1923 630 1979 loro,
664 1923 757 1970 sara
787 1922 900 1970 forse
932 1922 1160 1970 verificato
1189 1924 1234 1969 in
1266 1923 1448 1984 qualche
1476 1937 1614 1984 parte,
1646 1941 1674 1970 o
1704 1922 1880 1970 almeno
1912 1922 2025 1970 fatto

210 2010 346 2039 meno
365 1991 620 2039 incredibile
641 1991 788 2052 quello
808 1991 887 2039 che
907 1991 951 2038 di
968 2009 1098 2052 sopra
1116 1991 1228 2039 dissi:
1250 1991 1291 2039 la
1308 1991 1486 2039 fortuna
1504 2009 1595 2038 non
1615 1991 1705 2048 [ha]
1722 2005 1849 2039 tanto
1865 2005 2020 2052 potere

211 2060 280 2107 nel
304 2061 527 2121 Capitano
549 2075 717 2121 quanto
738 2058 915 2107 alcuni31
939 2061 1142 2107 stimano.
1168 2065 1227 2107 La
1247 2059 1426 2107 fortuna
1445 2059 1466 2107 ὲ
1488 2078 1587 2107 cosa
1608 2061 1724 2107 cieca
1742 2074 1783 2107 et
1804 2059 1859 2107 ha
1878 2059 2020 2107 occul-

210 2143 252 2176 te
276 2128 314 2175 le
341 2129 511 2188 cagioni
537 2128 604 2175 de’
629 2130 726 2175 suoi
754 2128 909 2185 effetti3
933 2128 987 2175 da
1008 2129 1148 2176 costui
1174 2128 1212 2175 le
1238 2147 1335 2176 cose
1359 2128 1465 2176 fatte
1488 2146 1579 2175 non
1603 2128 1845 2176 solamente
1871 2127 2021 2175 hanno

211 2196 377 2244 havuto
400 2196 544 2243 chiare
565 2196 603 2243 le
625 2197 795 2257 cagioni
818 2196 964 2243 donde
984 2215 1096 2244 sono
1118 2211 1293 2253 venute‚
1315 2214 1386 2244 ma
1404 2214 1516 2244 sono
1539 2214 1699 2244 ancora
1717 2211 1826 2244 state
1843 2195 2023 2257 preved-

209 2280 283 2311 ute
302 2279 344 2311 et
358 2264 550 2325 predetti
567 2268 603 2311 e’
623 2265 721 2311 loro
741 2266 900 2321 eventi,
920 2280 961 2312 et
977 2266 1116 2312 siamo
1136 2264 1272 2312 molte
1290 2265 1408 2312 volte
1427 2266 1604 2312 innanzi
1623 2264 1704 2312 alla
1720 2265 1905 2312 victoria
1920 2265 2021 2312 stati

209 2333 430 2380 vincitori.
469 2333 620 2380 Lascio
653 2332 812 2380 andare
845 2333 889 2379 in
924 2347 1078 2393 questo
1112 2332 1245 2393 luogo
1279 2332 1319 2380 13
1351 2332 1632 2380 moltitudine
1667 2332 1777 2380 delle
1809 2350 1907 2380 cose
1940 2331 2019 2389 [di]

210 2401 369 2448 diversi
397 2402 536 2461 tempi
565 2401 641 2461 piu
673 2401 717 2448 di
745 2401 877 2461 lungi.
912 2401 985 2448 Ad
1014 2402 1235 2457 Arimino,
1269 2416 1535 2448 certamente
1561 2416 1625 2448 tre
1655 2400 1699 2448 di
1728 2401 1907 2448 innanzi
1937 2400 2033 2462 che*

209 2470 417 2524 vincesse,
446 2470 605 2529 scripse
636 2469 676 2516 la
703 2470 901 2525 victoria3
931 2484 972 2516 et
1001 2470 1045 2516 io
1075 2487 1128 2516 ne
1156 2487 1268 2516 sono
1299 2487 1405 2516 vero
1434 2470 1668 2516 testimone
1697 2468 1791 2525 che,
1818 2486 1899 2529 per
1926 2469 2019 2515 mio

209 2536 379 2592 ufficio,
406 2536 507 2583 ebbi
533 2536 645 2583 nelle
671 2538 790 2583 mani
816 2551 857 2583 et
881 2536 965 2583 lexi
989 2536 1028 2583 le
1052 2554 1126 2583 sue
1152 2536 1334 2583 lettere.g
1357 2541 1410 2583 Et
1436 2536 1472 2583 al
1497 2551 1696 2597 presente
1722 2550 2018 2583 nuovamente

290 2785 302 2799 ⁶
322 2782 463 2825 Cicero,
481 2783 536 2819 De
554 2785 696 2830 imperio
713 2783 864 2830 Pompei,
883 2784 938 2819 36.

289 2833 300 2858 f
323 2839 451 2877 About
476 2851 552 2877 two
579 2838 696 2877 weeks
721 2839 820 2883 later,
846 2840 885 2876 in
910 2853 1077 2888 response
1102 2850 1141 2876 to
1169 2839 1350 2887 questions
1376 2838 1487 2876 raised
1513 2839 1553 2875 in
1576 2837 1630 2876 his
1656 2838 1801 2876 oration
1823 2837 1934 2876 about
1959 2836 2022 2875 the

209 2892 445 2941 relationship
464 2892 628 2930 between
645 2906 779 2930 success
801 2892 871 2930 and
889 2892 1046 2936 fortune,
1066 2891 1163 2930 Scala
1181 2904 1295 2930 wrote
1313 2904 1353 2930 to
1374 2891 1540 2940 Federigo
1561 2903 1601 2929 to
1621 2891 1764 2940 explain
1780 2890 1835 2929 his
1854 2891 1962 2929 views
1981 2891 2022 2928 in

209 2956 345 2992 greater
361 2944 468 2982 detail
488 2944 597 2992 (1:37);
618 2944 672 2982 his
689 2944 794 2982 letter
810 2944 997 2982 coincided
1015 2943 1106 2982 with
1121 2943 1183 2982 the
1200 2943 1306 2982 death
1323 2943 1364 2982 of
1380 2943 1578 2992 Federigo's
1597 2942 1690 2981 wife.

290 3006 304 3028 ὅ
325 3002 382 3040 Cf.
406 3005 492 3040 ASF
511 3004 653 3051 Signori
674 3003 892 3051 Responsive
914 3003 1063 3051 Copiari
1083 3006 1115 3047 2,
1134 3002 1214 3040 fols.
1240 3005 1396 3046 15r-16r,
1418 3001 1615 3050 Federigo’s
1636 3001 1741 3039 letter
1757 3001 1799 3039 of
1815 3004 1859 3039 30
1879 3003 2019 3049 August

212 3058 310 3099 1469,
327 3057 391 3091 ‘Ex
406 3055 611 3092 victricibus
626 3055 769 3099 castris’;
786 3056 823 3091 in
836 3054 898 3092 the
911 3054 1013 3103 papal
1028 3069 1103 3092 war
1115 3055 1247 3102 against
1260 3055 1408 3098 Rimini,
1423 3053 1590 3102 Federigo
1604 3052 1831 3101 successfully
1845 3051 2021 3091 defended

208 3106 271 3145 the
288 3108 361 3155 city
377 3121 412 3144 as
431 3108 587 3156 Captain
604 3106 757 3144 Genera]
773 3106 814 3144 of
828 3106 890 3144 the
907 3110 1041 3155 League
1058 3106 1098 3144 of
1111 3106 1255 3155 Naples,
1274 3105 1389 3144 Milan
1405 3105 1475 3144 and
1490 3105 1670 3150 Florence,
1689 3108 1864 3149 Lorenzo,
1880 3107 2020 3148 Lettere,
