2118 3444
143 187 325 221 ESSAYs
1849 175 1939 216 309

142 339 341 373 auctores
366 339 407 371 et
432 323 562 371 duces
586 322 812 383 indignati,
839 321 972 383 quod,
998 322 1074 368 etsi
1101 322 1315 368 continuo
1342 321 1531 368 universi
1557 321 1754 381 corporis
1782 319 1946 367 molem

141 393 222 440 soli
240 393 504 440 sustinerent
523 409 571 438 ac
586 408 724 452 prope
742 404 1011 437 emarcerent
1028 389 1262 445 laboribus,
1282 404 1431 436 tamen
1450 389 1493 435 in
1513 388 1603 435 dies
1620 387 1950 448 neglegerentur

143 461 277 521 magis
297 475 338 507 et
358 459 613 507 inhonorati
636 458 965 519 reliquerentur:
988 461 1148 518 ‘Caput
1170 472 1326 504 cuncta
1341 456 1423 504 sibi
1443 474 1543 504 cum
1564 457 1812 517 principatu
1831 474 1946 503 arro-

140 529 317 590 gavisse,
337 529 479 589 ipsum
500 527 581 574 sibi
600 544 807 587 saporum
829 526 1030 573 omnium
1052 526 1324 582 suavitatem,
1345 526 1486 586 ipsum
1508 524 1766 580 formarum,
1786 539 1948 585 specta-

141 596 359 652 culorum,
377 595 594 651 colorum,
613 596 754 655 ipsum
773 594 978 650 odorum,
997 594 1137 654 ipsum
1158 611 1443 640 numerorum
1462 608 1504 640 et
1517 610 1679 639 vocum
1695 592 1776 639 sibi
1792 592 1944 653 volup-

141 679 251 711 tates
268 664 548 723 mancipasse3
568 662 715 709 oscula
733 663 879 717 etiam,
897 676 939 708 et
955 662 988 708 si
1008 679 1093 722 qua
1109 662 1424 721 praestantiora
1439 675 1555 716 sunt,
1577 661 1718 720 ipsum
1740 661 1948 720 accipere,

143 733 285 792 ipsum
316 731 430 777 dare.
459 730 532 777 Ad
559 747 639 776 nos
668 730 741 775 vix
767 728 973 789 tangendi
1002 728 1133 789 aliqui
1160 746 1307 775 sensus
1337 743 1465 788 atque
1494 726 1574 774 hi²9
1604 727 1783 788 quidem
1813 728 1947 787 magis

142 799 287 846 obtusi
314 813 443 858 atque
468 797 643 844 hebetes
664 797 979 857 perlabuntur.’
1008 797 1090 843 His
1114 795 1202 843 fere
1223 794 1382 843 dictis³0
1407 813 1508 843 cum
1533 810 1575 843 et
1598 813 1752 842 manus
1776 810 1817 842 et
1840 809 1949 842 cete-

142 884 234 914 ram
255 865 559 913 membrorum
582 865 757 912 turbam
779 865 1067 912 concitassent
1085 878 1132 911 ut
1153 863 1294 911 furere
1314 864 1399 911 iam
1419 878 1460 911 et
1478 863 1736 910 tumultuari
1757 863 1947 924 apertius

142 935 400 995 inciperent,
430 951 522 980 rem
552 951 630 980 cor
659 932 994 993 haudquaquam
1025 932 1138 980 ultra
1166 930 1490 979 differendam³l
1522 946 1679 988 ratum,
1712 931 1867 978 detulit
1895 931 1950 978 ad

141 1002 443 1050 Concordiam
467 1016 596 1062 atque
615 1002 704 1048 eius
721 1001 965 1062 propitium
989 1019 1152 1047 numen
1174 1000 1438 1061 imploravit.
1461 1003 1558 1047 Dea
1575 1018 1678 1060 ergo
1697 1018 1797 1047 cum
1820 1000 1948 1046 inter-

140 1071 342 1126 venisset,
368 1071 441 1116 vix
464 1069 642 1117 tandem
670 1069 837 1116 indicto
858 1087 937 1130 per
960 1068 1220 1125 Periculum,
1246 1068 1441 1116 nobilem
1467 1086 1746 1129 praeconem,
1771 1067 1948 1115 silentio

140 1153 270 1199 atque
289 1153 442 1185 amoto
461 1137 622 1184 furore:
646 1138 759 1184 ‘Nisi
781 1155 850 1184 me
868 1140 974 1193 vos,'
998 1137 1153 1197 inquit,
1176 1136 1389 1183 ‘membra
1407 1151 1623 1197 caputque
1643 1135 1877 1192 colueritis,
1898 1151 1946 1183 ut

140 1207 385 1253 vestrismet
409 1206 610 1252 manibus
632 1206 818 1266 pereatis
838 1205 960 1252 brevi
983 1203 1187 1252 necesse32
1211 1219 1285 1252 est.
1308 1209 1384 1251 Me
1406 1204 1565 1251 colite.'

900 1346 962 1388 12.
987 1341 1191 1388 Ambitio

139 1444 288 1491 Flores
308 1445 423 1490 inter
438 1461 481 1490 se
501 1443 554 1490 de
572 1443 800 1490 nobilitate
819 1458 860 1490 et
878 1443 1015 1503 gloria
1033 1461 1133 1490 cum
1153 1443 1471 1490 contenderent
1490 1457 1532 1489 et
1548 1443 1637 1489 lilia
1654 1442 1805 1498 modo,
1828 1460 1947 1489 nunc

141 1530 262 1559 rosae
282 1526 324 1559 et
341 1511 482 1558 violae
502 1526 631 1572 atque
651 1511 722 1558 alii
741 1510 919 1572 quidam
939 1511 1013 1572 qui
1031 1511 1113 1558 sibi
1132 1510 1229 1571 plus
1249 1510 1470 1572 placerent
1487 1511 1784 1571 principatum
1807 1510 1946 1557 vindi-

140 1594 303 1636 carent,
330 1579 613 1626 multitudine
641 1579 836 1639 neglecta
858 1578 1015 1626 seditio
1039 1579 1275 1626 suboritur.
1307 1578 1441 1639 Apud
1466 1578 1642 1626 Floram
1671 1578 1797 1625 deam
1824 1596 1950 1625 causa

140 1648 215 1695 diu
233 1649 391 1708 agitata
407 1662 483 1703 est,
504 1647 838 1708 ignobilioribus
860 1648 992 1694 etiam
1010 1648 1084 1708 qui
1102 1646 1239 1694 videri
1257 1647 1425 1708 possint
1444 1665 1540 1694 suas
1560 1664 1714 1707 magna
1732 1647 1947 1694 contenti-

140 1734 225 1763 one
257 1731 401 1777 partes
432 1715 783 1772 defendentibus,
816 1715 937 1776 quod
969 1734 1060 1763 non
1092 1730 1350 1777 purpuratas
1380 1730 1554 1763 tantum
1585 1730 1714 1776 atque
1745 1715 1949 1762 odoratas

139 1799 279 1832 vestes
305 1784 560 1845 fucatosque
584 1784 730 1831 vultus
755 1785 940 1845 spectari
966 1785 1213 1840 conveniat,
1238 1783 1314 1831 sed
1337 1783 1508 1831 vividae
1533 1785 1665 1831 etiam
1692 1785 1949 1844 nativaeque

138 1854 293 1900 virtuti
319 1852 484 1913 aliquid
510 1852 857 1899 concedendum.
887 1849 1128 1913 Alyssum³³
1159 1867 1274 1899 certe
1302 1870 1393 1899 non
1420 1853 1608 1899 omnino
1636 1867 1945 1913 contemptum

139 1939 227 1968 esse
246 1939 290 1968 se
307 1921 503 1981 pertulit,
525 1921 702 1977 elatum,
723 1939 834 1976 reor,
857 1920 978 1981 quod
998 1920 1157 1968 aridius
1177 1920 1341 1968 factum
1361 1935 1510 1967 tamen
1529 1935 1789 1967 consuetum
1810 1920 1949 1981 splen-

140 1988 295 2036 dorem
316 2007 444 2035 suum
470 2003 511 2035 et
531 1989 761 2049 pristinam
785 1988 1042 2049 dignitatem
1065 1989 1283 2035 retineret.
1307 1988 1467 2035 Invidit
1490 1993 1660 2042 Boreas.

896 2130 958 2172 13.
983 2125 1197 2172 Custodia

139 2229 287 2273 Cavea
314 2244 414 2272 cum
444 2226 639 2281 luscinia,
668 2244 799 2286 quam
829 2226 1079 2272 conclusam
1110 2226 1365 2282 asservabat,
1395 2227 1454 2273 ita
1480 2226 1826 2287 colloquebatur:
1861 2228 1944 2273 ‘Tu

140 2311 243 2354 ergo
261 2309 351 2347 tam
370 2294 560 2354 angustis
579 2294 773 2341 claustris
790 2293 1023 2341 laetissima
1040 2295 1099 2341 ita
1112 2295 1356 2354 pervagaris
1373 2308 1591 2355 cantuque
1609 2295 1693 2341 isto
1712 2309 1791 2341 tuo
1810 2309 1851 2341 et
1870 2312 1945 2341 nu-

140 2363 270 2409 meris
288 2379 380 2408 non
400 2361 538 2408 modo
555 2376 597 2408 te
613 2361 789 2422 diesque
806 2376 848 2409 et
866 2376 1016 2409 noctes
1033 2362 1237 2418 oblectas,
1254 2362 1329 2409 sed
1346 2362 1576 2409 domestici
1593 2380 1769 2423 quoque
1789 2377 1830 2409 et
1845 2363 1946 2409 vici-

140 2431 211 2477 nia
234 2431 379 2477 omnis
405 2429 639 2477 mirificam
664 2430 717 2477 de
739 2445 781 2477 te
804 2431 980 2491 capiunt
1003 2427 1290 2491 voluptatem.
1316 2430 1432 2477 Mihi
1455 2445 1600 2477 autem
1625 2445 1779 2478 contra
1804 2448 1944 2491 neque

139 2516 293 2545 aureus
314 2499 406 2554 iste,
425 2516 556 2559 quem
577 2499 730 2555 cernis,
751 2513 930 2546 ornatus
951 2517 1091 2560 neque
1110 2498 1325 2560 expolitae
1343 2500 1670 2560 picturataeque
1689 2498 1946 2546 columellae

139 2566 304 2627 aliquid
326 2566 563 2613 laxamenti
584 2581 767 2626 possunt
793 2566 961 2614 afferre.
986 2571 1142 2623 Immo,
1167 2568 1201 2614 si
1225 2567 1331 2628 quid
1351 2567 1418 2614 vel
1439 2582 1529 2614 'una
1554 2567 1691 2614 modo
1715 2585 1767 2614 ex
1789 2582 1856 2614 tot
1882 2567 1946 2614 his

139 2635 282 2680 aeneis
298 2634 515 2680 craticulis
529 2634 630 2680 loco
648 2635 834 2690 cesserit,
850 2634 1050 2695 depereo.
1069 2636 1194 2694 Quin
1210 2634 1277 2681 vel
1293 2635 1534 2695 pauxillum
1555 2634 1718 2695 aliquid
1733 2636 1945 2695 temporis

139 2716 466 2748 commutemus
496 2701 645 2748 officia
671 2716 719 2748 ut
746 2717 794 2749 tu
822 2720 997 2749 caveam
1025 2703 1269 2762 experiaris,
1299 2721 1379 2762 ego
1404 2701 1522 2749 sim³⁴
1553 2703 1733 2749 luscinia
1764 2705 1794 2749 ?’
1824 2706 1942 2749 Cum

137 2768 327 2829 placeret
352 2787 458 2824 sors,
488 2768 595 2829 lapis
622 2787 644 2816 e
660 2770 847 2845 pariete,
874 2769 926 2816 de
953 2788 1042 2830 quo
1069 2770 1220 2817 ambae
1247 2770 1559 2830 dependerent,
1585 2771 1702 2817 aurei
1730 2771 1880 2817 Iovis
1870 2788 1947 2816 im-

138 2836 275 2897 pluvii
296 2836 546 2913 ferreaeque
560 2838 691 2884 turris
710 2838 840 2884 etiam
858 2852 953 2884 tum
974 2855 1064 2884 non
1083 2838 1332 2894 immemor,
1355 2838 1564 2923 ‘Perbella
1580 2841 1671 2894 est,’
1692 2839 1848 2898 inquit,
1868 2839 1947 2885 ista

140 2905 461 2951 commentatio
484 2905 599 2951 inter
619 2922 711 2960 vos,
734 2905 809 2951 sed
830 2905 917 2952 fata
937 2905 1141 2952 obstant'

866 3045 926 3095 14.
952 3041 1222 3100 Coniugium

141 3145 441 3201 Hymenaeus,
465 3159 597 3201 quem
618 3143 777 3189 Graeci
798 3143 960 3202 nuptiis
981 3141 1283 3202 praefecerunt
1304 3142 1449 3198 deum,
1472 3160 1572 3189 cum
1595 3157 1636 3189 et
1657 3143 1745 3203 ipse
1768 3142 1946 3189 tandem
