2124 3458
145 173 328 207 ESSAYS
1852 159 1938 200 361

145 310 377 386 gloriatur?
406 313 459 355 Et
491 312 656 363 Iovem,
686 306 807 367 quod
837 306 1042 366 astrologi
1073 305 1184 352 illius
1214 304 1331 351 sidus
1358 304 1542 351 salutare
1571 304 1696 350 terris
1724 318 1881 363 putant
1910 318 1952 349 et

147 379 294 425 iuvare
312 394 413 424 eum
434 393 499 423 res
517 375 773 430 humanas,
763 389 822 421 ita
837 373 1176 449 appellaverunt.
1197 373 1290 432 Qui
1309 373 1344 419 si
1363 373 1466 419 iuris
1485 386 1639 418 auctor
1654 385 1731 427 est,
1749 385 1879 431 atque
1897 370 1950 417 ab

146 463 201 493 eo
220 462 386 492 nomen
407 444 587 504 accepit,
606 442 714 489 nihil
737 456 798 489 est
818 442 1006 488 omnino
1029 441 1142 488 Iovis
1162 441 1342 487 numine
1366 440 1411 486 in
1431 440 1569 495 terris,
1590 454 1663 486 aut
1683 456 1770 486 esse
1790 453 1950 499 potest,

145 513 386 568 salutarius,
409 526 451 559 et
471 510 712 571 astrologis,
735 528 759 557 a
780 527 970 571 quorum
993 526 1074 570 ego
1095 508 1378 569 opinionibus
1403 525 1528 568 saepe
1547 507 1670 554 soleo
1692 506 1949 567 discrepare,

144 581 401 643 praesertim
419 597 520 627 cum
540 596 686 626 rerum
708 577 954 625 futurarum
973 592 1121 624 tenere
1136 595 1179 624 se
1197 577 1423 624 scientiam
1440 575 1723 637 profitentur,
1745 575 1824 622 hac
1842 575 1886 621 in
1908 593 1952 622 re

146 649 256 696 fides
278 648 394 696 haud
415 647 647 695 abnuenda
667 661 742 694 est.

232 717 398 764 Iustitia
418 731 548 772 certe,
565 716 654 763 sive
675 714 843 762 dederit
862 715 964 775 ipsa,
985 715 1074 761 sive
1093 714 1306 774 acceperit
1325 713 1378 760 ab
1398 731 1451 760 eo
1472 730 1651 768 nomen,
1674 713 1777 759 iuris
1799 713 1844 758 in
1862 730 1952 759 sese

147 785 277 833 habet
299 783 681 845 significationem.
708 786 836 842 Quae
857 782 948 830 sola
970 797 1115 843 potest
1138 783 1184 828 in
1205 782 1412 829 societate
1434 782 1660 828 continere
1685 780 1887 827 homines
1911 795 1953 827 et

146 853 443 901 diuturniores
480 851 659 899 reddere
693 852 888 899 civitates
920 865 961 898 et
995 868 1125 911 regna
1160 851 1283 911 (quae
1317 849 1423 910 quid
1456 846 1686 897 tandem¹¹⁵
1722 863 1822 896 sunt
1857 849 1949 896 sine

147 922 322 978 iustitia,
356 921 438 968 nisi
469 920 790 980 latrocinia?).vv
821 919 960 979 Quod
992 934 1033 966 et
1064 918 1333 966 crediturum
1362 933 1405 965 te
1433 919 1525 965 sine
1559 919 1808 965 iuramento
1841 917 1950 963 mihi

146 990 337 1037 arbitror
361 990 485 1050 (quae
508 1003 583 1036 tua
602 988 836 1049 prudentia
858 988 950 1047 est).
976 987 1116 1046 Quod
1139 1002 1180 1034 et
1202 988 1343 1048 ipsum
1369 1001 1518 1034 tamen
1541 1004 1564 1033 a
1586 987 1677 1033 iure
1700 985 1950 1047 appellatio-

146 1075 248 1104 nem
274 1058 474 1117 sumpsit,
501 1071 549 1103 ut
576 1074 668 1103 non
692 1057 747 1103 sit
773 1057 912 1102 iurare
937 1055 1054 1102 aliud
1081 1056 1143 1115 (ut
1168 1055 1342 1115 opinor)
1374 1072 1505 1115 quam
1532 1055 1625 1101 iura
1647 1055 1795 1101 testari
1820 1068 1949 1114 atque

145 1143 301 1172 eorum
317 1139 530 1180 auctores,
546 1124 663 1171 deos.
682 1127 809 1183 Quae
823 1123 1002 1171 tandem
1015 1124 1051 1170 si
1067 1123 1320 1170 obscuriora
1335 1140 1673 1199 nonnumquam
1693 1122 1950 1178 redduntur,

144 1193 212 1241 vel
242 1192 525 1240 multitudine
554 1190 650 1240 et¹¹⁶
677 1191 925 1239 diversitate
953 1209 1102 1239 earum
1130 1209 1275 1239 rerum
1306 1209 1414 1252 quae
1441 1191 1624 1238 veniunt
1653 1191 1698 1237 in
1726 1209 1827 1238 usus
1858 1209 1953 1238 nos-

145 1276 251 1318 tros,
277 1261 345 1308 vel
373 1279 528 1308 eorum
555 1261 630 1321 qui
656 1278 705 1307 ea
728 1260 985 1307 enucleandi
1008 1275 1152 1321 partes
1175 1260 1257 1307 sibi
1283 1274 1594 1320 arrogaverunt
1620 1260 1744 1316 vitio,
1773 1259 1949 1320 indigne

143 1329 440 1391 proculdubio
463 1347 543 1376 nos
563 1328 794 1376 fecerimus
810 1329 846 1376 si
866 1347 961 1376 eam
981 1329 1026 1375 in
1046 1329 1139 1376 iura
1157 1343 1198 1376 et
1216 1328 1328 1389 leges
1346 1328 1534 1390 culpam,
1555 1346 1647 1376 non
1669 1329 1714 1374 in
1734 1327 1950 1375 conditio-

145 1416 247 1446 nem
265 1416 412 1445 rerum
428 1398 846 1459 perversitatemque
860 1415 1014 1445 eorum
1031 1398 1106 1458 qui
1118 1415 1348 1458 perperam
1366 1398 1724 1458 interpretantur,
1740 1397 1952 1444 rettuleri-

144 1484 254 1514 mus.
276 1470 350 1513 Est
372 1467 491 1513 enim
512 1465 755 1513 admodum
775 1465 1011 1513 absurdum
1033 1467 1068 1513 si
1088 1483 1197 1526 quae
1215 1480 1315 1513 sunt
1338 1465 1516 1513 artificis
1534 1480 1687 1522 errata,
1705 1466 1788 1513 arti
1805 1480 1953 1513 vortas

143 1535 268 1590 vitio,
291 1549 339 1581 ut
362 1535 408 1580 in
431 1534 660 1581 medicina.
683 1535 726 1581 Si
747 1534 800 1581 ab
819 1535 1001 1581 sanitate
1022 1534 1216 1581 medicus
1238 1534 1501 1581 aberraverit
1522 1552 1654 1594 quam
1676 1549 1748 1581 aut
1772 1533 1952 1581 reddere

143 1617 217 1650 aut
242 1620 499 1650 conservare
520 1603 801 1663 propositum
830 1617 906 1658 est,
929 1616 1078 1649 utrum
1106 1602 1346 1649 medicinae
1369 1603 1562 1658 scientia,
1586 1620 1641 1649 an
1665 1603 1866 1649 minister
1888 1617 1950 1649 est

142 1671 291 1731 potius
314 1670 508 1717 medicus
530 1670 864 1731 vituperandus?
888 1670 1008 1717 Idem
1030 1688 1179 1717 nonne
1203 1685 1318 1718 recte
1337 1670 1522 1718 dicimus
1543 1671 1578 1717 si
1601 1671 1646 1716 in
1667 1670 1949 1731 philosophia

143 1738 251 1799 quid
270 1738 354 1785 tale
372 1753 445 1785 aut
467 1739 512 1784 in
532 1739 725 1785 oratoria
743 1740 981 1799 ceterisque
998 1738 1246 1786 liberalibus
1269 1738 1506 1799 disciplinis
1527 1738 1752 1785 acciderit?
1769 1742 1951 1785 Servant

143 1807 262 1853 enim
278 1821 496 1867 perpetuo
513 1807 664 1853 omnia
682 1806 787 1853 haec
801 1824 910 1867 quae
926 1806 1099 1853 laudem
1115 1824 1191 1853 sua
1208 1821 1362 1854 natura
1378 1808 1422 1853 in
1438 1824 1527 1854 sese
1544 1806 1705 1854 habent
1721 1807 1947 1867 propriam

143 1874 417 1935 dignitatem,
445 1892 526 1922 nec
550 1889 733 1935 possunt
764 1872 1072 1935 cuiusquam¹¹⁷
1103 1874 1199 1922 fieri
1226 1874 1449 1922 fraudibus
1477 1890 1550 1922 aut
1577 1874 1833 1922 adventiciis
1860 1876 1950 1935 qui·

143 1942 358 2003 busquam
391 1942 594 1990 confictis
622 1942 859 1990 mendaciis
887 1942 1160 2003 ignobiliora.
1194 1943 1349 1990 Multis
1378 1961 1458 2004 ego
1488 1961 1663 2004 quoque
1694 1943 1838 1990 modis
1869 1943 1948 1990 hos

143 2008 281 2057 fori¹¹⁸
318 2010 487 2057 rabulas
522 2011 882 2071 minutioresque,
917 2011 1155 2058 causidicos
1188 2029 1298 2072 quos
1330 2018 1564 2067 vocant,WW
1593 2011 1715 2058 soleo
1749 2012 1950 2058 insectari

143 2079 218 2139 qui
239 2096 331 2125 non
351 2078 465 2139 leges
485 2079 571 2126 iam
592 2078 647 2126 ad
664 2078 985 2126 defendendam
1005 2097 1191 2136 causam,
1212 2079 1287 2127 sed
1306 2079 1451 2140 legum
1472 2079 1697 2140 quoddam
1718 2094 1944 2127 versutum

143 2146 436 2207 callidumque
457 2146 694 2194 artificium
714 2146 904 2195 efferunt
922 2147 976 2195 ad
992 2147 1237 2195 tribunalia.
1260 2152 1419 2209 Neque
1440 2147 1552 2195 hanc
1569 2149 1835 2209 scriptorum
1856 2163 1947 2195 tam

142 2214 334 2275 amplam
355 2230 533 2275 tamque
551 2230 747 2275 argutam
766 2230 807 2263 et
825 2215 1125 2263 confidentem
1143 2216 1474 2264 multitudinem
1494 2234 1586 2264 non
1605 2217 1943 2277 improbandam

142 2282 261 2338 duxi,
298 2297 347 2329 ut
383 2298 490 2343 puta
526 2301 635 2343 quae
672 2283 902 2330 dubitandi
938 2285 1069 2331 etiam
1107 2285 1151 2330 in
1189 2284 1316 2331 rebus
1353 2283 1685 2345 apertissimis¹¹⁹
1724 2285 1947 2345 ingentem

143 2351 371 2397 materiam
395 2351 603 2411 praebere
626 2350 870 2407 videantur,
895 2366 937 2398 et
959 2353 1079 2412 quasi
1102 2352 1349 2412 praecidere
1371 2370 1492 2399 ansas
1517 2353 1674 2413 quibus
1700 2352 1843 2400 multo
1868 2352 1949 2400 fuit

142 2417 310 2465 facilius
329 2418 593 2465 iudiciorum
616 2437 775 2466 munus
795 2419 1063 2467 obeundum.
1086 2424 1246 2481 Estque
1267 2421 1353 2467 iam
1372 2421 1458 2467 iam
1477 2435 1519 2467 et
1537 2421 1663 2468 nobis
1685 2422 1947 2468 Iustinianus

142 2485 296 2546 aliquis
314 2486 367 2533 ab
385 2486 534 2533 inferis
551 2487 804 2534 excitandus
820 2488 895 2547 qui
912 2505 1082 2534 rursum
1102 2489 1217 2535 inter
1231 2503 1298 2535 tot
1315 2488 1531 2535 librorum
1551 2488 1670 2536 milia
1687 2507 1819 2549 quam
1835 2507 1950 2536 seve-

144 2554 309 2600 rissime
327 2553 535 2601 diiudicet
548 2569 773 2615 ponatque
789 2555 1074 2615 scriptoribus
1091 2570 1133 2602 et
1149 2556 1249 2616 ipsis
1266 2557 1352 2603 iarn
1369 2556 1554 2603 modum
1572 2574 1626 2603 ne
1642 2557 1753 2604 tanti
1767 2571 1945 2617 tamque

143 2622 370 2668 necessarii
394 2621 563 2669 labores
589 2622 809 2670 emendati
832 2622 1142 2684 clarificatique
1166 2625 1356 2671 Romani
1382 2625 1485 2671 iuris
1511 2625 1669 2672 iterum
1695 2643 1743 2672 ac
1764 2626 1945 2672 tertium

143 2689 337 2736 recidant
357 2690 402 2735 in
421 2690 594 2737 irritum
612 2692 878 2751 procacitate
895 2709 943 2738 ac
957 2691 1198 2752 petulantia
1215 2710 1368 2739 eorum
1390 2693 1478 2753 qui,
1498 2710 1599 2739 cum
1618 2707 1766 2740 tenere
1784 2694 1887 2740 iuris
1904 2711 1947 2740 se

140 2756 422 2817 prudentiam
450 2773 607 2818 putent
636 2758 765 2819 idque
792 2777 875 2820 pro
903 2774 1025 2806 certo
1048 2760 1129 2807 sibi
1155 2761 1459 2821 persuaserint,
1488 2778 1599 2807 vana
1623 2761 1784 2821 turgidi
1811 2761 1945 2808 ambi-

142 2825 264 2872 tione
283 2825 639 2873 doctissimorum
661 2827 742 2873 sibi
761 2826 993 2874 hominum
1015 2828 1231 2875 scribendi
1249 2829 1496 2889 provincias
1515 2828 1763 2876 desumunt.
1786 2830 1893 2888 Qui,
1911 2830 1944 2876 si

142 2892 264 2953 quod
290 2893 478 2940 subeunt
508 2912 619 2941 onus
649 2894 954 2955 intelligerent,
982 2896 1060 2942 etsi
1087 2895 1225 2943 audax
1252 2911 1313 2943 est
1341 2896 1447 2943 illud
1474 2915 1607 2957 genus
1636 2912 1677 2944 et
1704 2896 1947 2953 confidens,

221 3120 251 3133 '⁸'
269 3119 307 3154 St
324 3118 535 3165 Angustiae,
558 3120 641 3156 CD.
664 3121 756 3162 IV,4,
776 3118 820 3156 cf.
841 3122 898 3163 IV,
919 3122 943 3163 1,
963 3132 1048 3158 note
1066 3120 1096 3168 e)
1116 3120 1240 3158 above.

223 3178 267 3192 ”¹
287 3173 345 3211 Cf.
366 3175 507 3218 Cicero,
524 3177 580 3212 De
596 3186 677 3213 orat.
702 3178 805 3219 1,202.
