2118 3444
203 161 290 203 132
1831 169 1970 203 PART
1994 170 2009 204 1

199 307 379 368 quando
396 307 457 354 ita
469 306 656 367 benigne
673 307 825 353 omnia
842 305 951 352 mihi
967 321 1110 354 vestra
1120 306 1406 367 pollicemini,
1425 307 1632 368 incipiam
1650 306 1930 355 confidenter
1940 326 2011 369 pe-

198 390 290 423 tere
308 393 331 422 a
347 375 474 422 vobis
494 374 777 431 beneficium,
797 374 919 435 quod
937 389 1086 422 tamen
1104 393 1196 422 non
1216 374 1359 422 multo
1377 374 1526 422 labore
1545 375 1745 423 conferre
1764 376 1810 422 in
1828 394 1898 423 me
1915 394 2012 437 pos-

198 445 302 491 sitis:
337 444 373 491 si
405 444 722 490 constitueritis
754 444 910 490 animis
944 442 1052 489 nihil
1086 461 1156 490 me
1189 458 1418 504 tantopere
1451 462 1607 504 cupere
1641 462 1773 505 quam
1804 445 2012 492 inservire

197 512 338 568 vobis,
362 511 638 558 contuleritis
657 511 703 557 in
723 529 793 558 me
813 510 1079 558 beneficium
1099 510 1167 558 vel
1188 512 1443 558 maximum.
1465 511 1629 559 Valete.
1650 516 1715 558 Ex
1734 511 1901 560 Palatio
1918 511 2014 560 Flo-

199 580 378 627 rentino
401 579 470 626 die
492 580 553 625 xii
574 579 671 626 Iulii
699 584 817 626 1482.

1071 721 1148 762 158

667 791 745 830 To
769 791 1175 831 BARTOLOMEO
1200 793 1275 831 OF
1296 793 1546 831 NovARA

957 861 1007 899 28
1025 858 1127 911 July
1150 862 1254 899 1482

281 955 366 1001 Mo,
395 951 462 993 fol.
490 956 619 993 31r-v.
647 951 807 993 Drafted
833 952 885 1005 by
912 952 1038 993 Scribe
1064 955 1092 992 B
1120 952 1193 993 and
1218 952 1434 993 subscribed
1464 952 1515 1006 by
1541 952 1667 994 Scribe
1692 955 1742 1002 A,
1769 952 1922 994 headed:

282 1009 781 1106 issgronrigilpdolzartholomeo
817 1010 1059 1058 Novariensi‚
1096 1009 1330 1050 Cancellario
1368 1010 1531 1050 Comitis
1566 1010 1788 1058 Amoratti,⁸
1821 1009 1928 1051 fratri

196 1170 436 1231 Magnifice
467 1170 735 1227 cancellarie,
764 1169 898 1218 frater
925 1170 1197 1227 honorande,
1227 1170 1354 1218 salve.
1385 1175 1433 1218 Io
1460 1171 1503 1218 vi
1532 1170 1726 1218 conobbi
1757 1170 1866 1218 altra
1890 1170 2012 1219 volta

198 1239 378 1300 quando
398 1239 438 1286 la
457 1238 792 1299 Magnificentia
808 1243 968 1286 Vostra
988 1238 1034 1286 fu
1055 1240 1130 1300 qui
1146 1257 1227 1300 per
1244 1239 1272 1285 il
1292 1254 1445 1287 vostro
1464 1239 1840 1287 Excellentissimo
1860 1240 2009 1300 Signo-

198 1326 257 1364 re,
278 1322 320 1355 et
339 1308 485 1355 insino
507 1307 655 1364 allora,
677 1307 845 1354 benche
863 1308 907 1354 vi
924 1308 1099 1368 ponessi
1119 1307 1332 1368 singulare
1354 1307 1603 1364 affectione,
1622 1307 1754 1355 hebbi
1774 1307 2010 1369 dispiacere

197 1394 291 1423 non
316 1377 360 1423 vi
384 1390 539 1437 potere
565 1375 666 1423 dare
691 1375 823 1437 quelli
848 1375 989 1423 favori
1015 1375 1094 1423 che
1119 1375 1386 1423 desideravo.
1411 1375 1720 1433 Nondimeno,
1749 1375 1944 1423 conobbi
1969 1375 2011 1424 la

195 1444 433 1506 prudentia
449 1459 598 1492 vostra
617 1459 658 1492 et
675 1444 881 1492 dextreza
897 1444 964 1492 del
982 1459 1135 1492 vostro
1154 1445 1353 1506 ingegno.
1376 1449 1454 1492 Ho
1473 1444 1516 1492 di
1531 1445 1609 1506 poi
1628 1445 1770 1492 inteso
1789 1444 1844 1492 da
1859 1444 2013 1492 Bandi-

198 1513 316 1560 nello
336 1513 480 1560 molto
502 1513 663 1574 meglio
682 1513 762 1560 che
782 1531 875 1560 non
895 1512 1064 1560 havevo
1082 1531 1313 1574 compreso
1331 1531 1411 1574 per
1429 1531 1498 1560 me
1515 1528 1651 1560 stesso
1671 1527 1838 1574 quanto
1854 1513 2010 1570 valete,

197 1596 239 1629 et
263 1581 305 1629 la
330 1581 547 1629 auctorita
570 1581 649 1628 che
677 1582 983 1628 meritamente
1010 1581 1163 1628 havete
1189 1599 1361 1642 apresso
1388 1599 1411 1629 a
1436 1595 1606 1629 cotesto
1630 1581 2008 1629 Excellentissimo

196 1650 377 1710 Signore
401 1664 568 1706 vostro,
594 1664 636 1697 et
656 1649 822 1710 l’opere
847 1649 927 1696 che
950 1649 1104 1696 havete
1127 1648 1238 1697 facte
1258 1650 1303 1696 in
1326 1649 1475 1697 favore
1499 1649 1566 1697 de'
1590 1650 1730 1697 nostri
1754 1650 2014 1697 mercatanti

197 1733 238 1766 et
266 1718 379 1765 della
403 1733 554 1765 nostra
582 1717 700 1774 citta,
725 1717 764 1765 le
792 1717 908 1779 quali
935 1717 1214 1765 dimostrono
1244 1721 1311 1765 co'
1339 1717 1442 1765 facti
1468 1717 1615 1779 quello
1643 1717 1723 1765 che
1749 1717 2008 1766 Bandinello

196 1786 291 1834 dice
318 1801 359 1834 et
387 1785 571 1834 afferma
596 1805 682 1834 con
710 1786 749 1834 le
774 1786 939 1848 parole,
969 1786 1048 1834 che
1075 1787 1180 1834 siate
1208 1805 1300 1834 non
1327 1786 1568 1834 solamente
1595 1786 1940 1847 prudentissimo
1970 1800 2013 1834 et

196 1856 424 1916 aptissimo
443 1873 467 1902 a
484 1856 587 1916 ogni
604 1854 766 1916 grande
784 1854 915 1911 facto,
933 1873 1004 1902 ma
1021 1856 1067 1901 in
1082 1855 1341 1916 particulare
1360 1854 1647 1902 affectionato
1661 1873 1685 1902 a
1701 1855 1778 1902 noi
1795 1869 1837 1902 et
1854 1869 2010 1902 nostro

194 1924 455 1985 partigiano:
483 1923 526 1971 di
550 1923 629 1971 che
654 1924 699 1970 in
725 1923 863 1971 verita
884 1924 928 1970 io
955 1923 1014 1970 ho
1037 1923 1325 1984 grandissimo
1348 1924 1518 1984 piacere
1542 1938 1584 1970 et
1605 1941 1733 1984 spero
1758 1922 1941 1984 qualche
1966 1922 2011 1970 di

196 1993 235 2039 ci
264 1992 502 2039 habbiamo
534 2010 557 2039 a
584 1992 779 2039 rivedere
805 1991 882 2052 piu
911 1991 965 2039 da
990 2010 1139 2052 presso
1168 2010 1254 2039 con
1282 2006 1435 2039 vostro
1464 1991 1633 2038 honore
1662 2006 1704 2038 et
1732 1991 2009 2038 exaltatione.

196 2059 428 2120 Priegovi‚¹
460 2078 586 2107 come
614 2060 768 2107 havete
794 2059 925 2116 facto,
950 2060 1238 2120 perseveriate
1263 2061 1308 2106 in
1333 2060 1541 2120 prestarci
1567 2060 1580 2106 i
1603 2060 1741 2107 vostri
1768 2059 1909 2107 favori
1932 2077 2013 2120 per

198 2129 388 2175 ’stricare
424 2128 823 2175 honorevolmente
861 2142 1012 2189 questa
1045 2146 1170 2175 causa
1203 2127 1269 2175 de'
1307 2121 1596 2184 mercatanti,b
1630 2145 1710 2188 per
1742 2126 1782 2174 la
1815 2126 1940 2188 quale
1973 2127 2009 2174 si

196 2196 397 2244 rimanda
424 2196 684 2244 Bandinello
712 2197 757 2243 in
786 2196 905 2244 costa
932 2214 1017 2244 con
1045 2196 1083 2244 le
1110 2197 1363 2244 comissioni
1394 2196 1473 2243 che
1501 2196 1555 2243 da
1577 2195 1639 2243 lui
1667 2195 1954 2252 intenderete3
1981 2194 2010 2242 il

196 2265 322 2325 quale
352 2264 571 2312 conferira
601 2283 687 2312 con
717 2266 791 2312 voi
824 2265 851 2311 il
880 2279 1005 2312 tucto
1035 2279 1076 2312 et
1106 2264 1371 2312 adirizerassi
1396 2282 1477 2325 per
1505 2263 1648 2325 quella
1675 2265 1745 2311 via
1773 2263 1852 2311 che
1882 2281 1906 2311 a
1934 2264 2010 2310 voi

194 2332 334 2393 parra.
357 2332 465 2380 Cosi
490 2332 544 2379 ha
564 2333 608 2380 di
629 2333 891 2379 comissione
916 2332 982 2379 da’
1006 2333 1263 2379 mercatanti
1283 2347 1324 2379 et
1344 2332 1398 2379 da
1416 2333 1504 2379 mia
1522 2332 1732 2392 Signoria,
1756 2335 1792 2378 a’
1815 2330 1932 2392 quali
1953 2330 2008 2378 ha

196 2400 314 2447 facto
343 2400 427 2448 tale
459 2400 670 2447 relatione
702 2400 745 2447 di
775 2401 864 2456 voi,
897 2400 976 2447 che
1007 2401 1050 2446 vi
1080 2401 1286 2447 restiamo
1317 2399 1508 2460 obligati.
1543 2403 1591 2446 Io
1621 2400 1666 2445 in
1695 2397 2007 2460 particularita,

193 2468 355 2529 perche
378 2469 417 2516 ci
441 2468 500 2516 ho
523 2468 707 2529 qualche
729 2469 947 2525 interesse,
969 2468 1089 2516 terro
1109 2486 1133 2515 a
1154 2483 1300 2515 mente
1323 2482 1478 2529 questo
1498 2467 1708 2515 benificio
1730 2481 1786 2524 et,
1807 2466 2011 2514 accaden-

195 2537 268 2593 do,
291 2538 334 2583 vi
357 2536 647 2584 dimostrerro
669 2536 748 2584 che
772 2538 832 2583 mi
853 2537 914 2584 sia
933 2551 1048 2584 stato
1068 2551 1192 2597 grato
1214 2536 1241 2583 il
1262 2535 1471 2583 benificio
1493 2550 1658 2583 vostro.
1682 2539 1772 2582 Ben
1792 2535 1836 2582 vi
1855 2534 2005 2595 voglio

196 2605 302 2662 dire,
328 2605 418 2652 cosi
443 2605 716 2652 scherzando
742 2623 827 2652 con
850 2606 939 2662 voi,
966 2605 1045 2652 che
1071 2623 1162 2652 non
1187 2604 1305 2652 harei
1330 2604 1512 2652 creduto
1537 2603 1616 2651 che
1640 2622 1732 2651 uno
1756 2604 1849 2650 mio
1874 2602 2009 2650 caval-

276 2818 288 2831 ²
306 2815 432 2850 Count
451 2815 629 2850 Amorato
649 2812 794 2850 Torelli.
813 2812 889 2850 The
907 2814 1048 2850 Counts
1067 2811 1202 2850 Torelli
1216 2811 1254 2850 di
1269 2810 1607 2859 Montechiamgolo
1625 2824 1719 2848 were
1735 2809 1949 2848 feudatories
1966 2808 2008 2848 of

194 2864 256 2902 the
274 2864 384 2902 Duke
402 2864 443 2902 of
459 2864 585 2909 Milan,
603 2878 660 2902 see
680 2868 856 2908 Lorenzo,
874 2867 1013 2908 Lettere,
1032 2867 1073 2908 Π,
1092 2867 1169 2908 202,
1188 2875 1274 2901 note
1295 2867 1324 2901 1.

275 2917 291 2942 b
307 2922 451 2961 Cf.Min
470 2926 522 2967 12,
538 2922 618 2961 fols.
637 2926 844 2967 301r-302r,
860 2923 1078 2960 instruction
1091 2934 1131 2960 to
1148 2921 1315 2966 F.Gaddi,
1331 2933 1409 2960 sent
1424 2933 1464 2959 to
1482 2923 1607 2959 Count
1623 2923 1801 2958 Amorato
1817 2934 1854 2958 re
1869 2922 2004 2969 ‘questa

196 2975 321 3014 novita
333 2987 461 3013 contra
476 2976 592 3013 nostri
603 2976 779 3013 mercanti
793 2974 956 3013 cittadim'
967 2987 1002 3013 et
1016 2974 1097 3012 loro
1112 2974 1212 3012 robe'
1229 2974 1285 3022 (30
1299 2977 1387 3022 May
1404 2973 1515 3022 1482).
1532 2976 1573 3010 In
1587 2972 1642 3011 his
1654 2972 1796 3011 Ricordi
1810 2971 2006 3021 (Florence,

196 3029 472 3073 Bibl.Laur.,MS
488 3031 600 3077 Acq.e
615 3030 718 3066 Doni
731 3028 822 3077 213),
839 3028 902 3066 fol.
918 3029 974 3066 xci
983 3032 1006 3072 ¹,
1023 3028 1140 3066 Gaddi
1154 3029 1273 3065 writes
1286 3027 1365 3065 that
1377 3041 1429 3065 on
1443 3031 1462 3065 3
1474 3030 1566 3074 June
1583 3030 1681 3064 1482:
1698 3025 1749 3064 ‘fu
1763 3025 1932 3064 mandato
1947 3024 2005 3063 dal

194 3080 342 3129 publico
362 3082 401 3117 in
418 3080 633 3118 Lombardia
651 3095 671 3118 a
688 3081 878 3118 Piermaria
896 3083 1008 3118 Rosso
1026 3094 1092 3128 per
1108 3079 1329 3117 confortarlo
1345 3079 1389 3117 ad
1407 3078 1602 3117 accordarsi
1619 3077 1677 3116 col
1694 3080 1797 3116 Duca
1811 3077 1851 3115 di
1866 3076 2006 3115 Milano

195 3147 213 3170 e
235 3147 300 3181 per
318 3132 353 3170 la
373 3132 586 3170 liberatione
606 3132 790 3170 d'alchuni
810 3133 984 3169 mercanti
1004 3131 1193 3169 fiorentini
1212 3131 1277 3169 che
1296 3130 1478 3168 tornando
1499 3130 1544 3168 da
1567 3131 1679 3168 Lione
1698 3129 1833 3167 furono
1854 3129 1948 3178 presi
1968 3129 2009 3165 in

196 3185 417 3232 Parmigiana
433 3184 478 3222 da
496 3186 577 3232 que‘
597 3183 757 3221 Torelli.‘
