2124 3458
113 205 296 239 ESSAYs
1821 196 1910 237 373

113 356 244 402 atque
266 340 376 388 altus
397 355 503 396 erat,
523 340 710 401 patriam
733 340 932 387 mutavit.
956 339 1090 400 Apud
1114 357 1248 387 novas
1270 354 1418 400 gentes
1440 340 1678 387 iuventutis
1700 340 1916 387 continuo

113 409 245 457 decus
270 410 469 469 viresque
499 408 846 455 renascebantur.
877 411 939 454 Ita
965 406 1047 454 fuit
1076 407 1453 455 immortalitatem
1480 407 1782 468 permutandis
1809 407 1916 455 locis

113 491 439 525 consecuturus.
458 475 542 523 Sed
555 475 734 523 Athena
750 475 920 532 invidit,
936 493 1059 536 quae,
1074 493 1282 523 concussa
1297 475 1477 536 Aegide,
1491 475 1766 536 perdendum
1781 490 1918 537 parat.

111 545 196 593 Sed
213 545 322 592 texit
338 544 503 605 vulgus.
527 548 590 590 Ex
611 561 664 591 eo
682 561 789 591 vero
807 543 876 591 die
896 558 937 591 et
955 558 1170 591 tectorem
1188 558 1229 591 et
1248 558 1497 591 monstrum
1519 543 1688 605 templo
1708 558 1823 591 arcet
1842 543 1922 591 dea

113 631 255 674 neque
277 612 471 660 admittit
490 613 632 659 sacris.

835 753 902 796 27.
928 747 1197 796 Beneficium

880 817 942 873 Bi,
964 821 1155 864 35v-36r

111 923 272 968 ‹P›ater
288 920 450 980 (Alcon
468 938 634 967 nornen
650 919 732 967 fuit
749 920 923 980 opinor)
946 937 1046 966 cum
1063 919 1177 967 forte
1194 919 1350 976 filium,
1369 937 1500 980 quem
1517 920 1697 966 unicum
1716 919 1917 976 habebat,

112 1006 214 1035 cum
248 1002 449 1048 serpente
484 988 558 1048 qui
592 1002 739 1034 totum
776 988 862 1034 iam
895 988 1019 1048 spiris
1056 987 1298 1034 involverat
1332 987 1573 1034 luctantem
1609 988 1916 1048 conspexisset,

110 1056 259 1103 subito
278 1073 427 1102 arcum
443 1073 575 1116 quem
593 1054 707 1102 forte
722 1055 914 1116 gestabat
927 1056 1109 1116 paravit.
1126 1054 1309 1102 Paulum
1325 1073 1454 1116 supra
1468 1056 1594 1115 pueri
1610 1055 1820 1102 verticem
1835 1073 1917 1102 ser-

109 1124 255 1185 pentis
272 1123 446 1171 extabat
464 1138 606 1184 caput.
625 1123 673 1170 Id
689 1141 805 1183 ergo,
824 1122 1031 1184 Apolline
1053 1124 1273 1179 invocato,
1291 1141 1392 1170 cum
1409 1124 1563 1183 sagitta
1577 1123 1787 1170 intentius
1803 1138 1920 1184 pete-

112 1207 191 1248 ret,
220 1191 337 1239 haud
364 1191 579 1239 aberravit
604 1191 680 1239 sed
702 1209 783 1252 per
808 1209 856 1238 os
884 1190 998 1239 ferae
1023 1192 1235 1239 transiens
1263 1191 1467 1239 confecit.
1493 1192 1650 1238 Victor
1677 1192 1722 1238 in
1750 1191 1920 1252 templo

111 1278 262 1308 arcum
285 1259 625 1321 pharetramque
648 1259 872 1320 suspendit
899 1260 1091 1307 muneris
1117 1260 1283 1320 accepti
1303 1274 1567 1320 perpetuum
1593 1260 1911 1307 testimonium.

110 1329 447 1375 Monimentum
472 1342 534 1375 est
557 1346 734 1375 carmen
755 1328 801 1374 in
823 1346 972 1375 arcum
995 1327 1259 1375 huiusmodi:

313 1429 454 1489 Quod
474 1447 661 1490 puerum
687 1429 942 1476 adstrictum
963 1430 1088 1490 spiris
1111 1429 1217 1476 dum
1241 1430 1444 1486 conterit,
1467 1447 1652 1490 anguem

312 1498 426 1545 Fixit
449 1512 491 1545 et
512 1497 655 1545 illesus
677 1512 760 1545 stat
779 1515 902 1558 puer,
926 1497 996 1545 ille
1018 1497 1144 1545 cadit.

313 1566 535 1612 Carminis
560 1565 697 1612 modo
720 1566 934 1612 memoria
956 1580 1086 1612 extat.
1108 1569 1276 1612 Arcum
1299 1580 1341 1612 et

311 1634 493 1694 Sagittas
513 1633 657 1681 exedit
677 1648 879 1680 vetustas.

887 1774 954 1815 28.
979 1770 1139 1816 Otium

906 1837 969 1892 Bi,
991 1841 1126 1883 36r-v

110 1942 304 1996 ‹P›onus,
325 1957 457 2000 quem
476 1940 716 1999 regnavisse
736 1939 851 2000 apud
867 1938 1175 1999 Myrmidonas
1195 1938 1458 2000 quandoque
1477 1938 1593 1986 fama
1610 1953 1686 1995 est,
1705 1939 1791 1986 iam
1810 1953 1915 1986 natu

109 2007 318 2068 grandior
346 2007 470 2054 duxit
499 2025 684 2054 uxorem
715 2006 983 2067 Hesychiam
1014 2008 1207 2055 nomine.
1239 2011 1300 2054 Ea
1327 2006 1540 2055 referebat
1568 2008 1613 2053 in
1642 2007 1916 2054 Mercurium

110 2076 341 2136 originem,
383 2076 528 2136 itaque
566 2075 795 2123 nobilitate
832 2076 999 2136 generis
1035 2090 1263 2137 permotus
1301 2075 1617 2137 splendidiores
1657 2071 1916 2137 apparavit²⁹

111 2145 296 2205 nuptias.
334 2147 453 2191 Cum
488 2162 595 2191 vero
627 2143 781 2191 affines
813 2158 1076 2205 agnatosque
1110 2145 1331 2191 invitasset
1364 2145 1537 2205 iamque
1570 2140 1913 2191 convenissent³⁰

42 2219 45 2221 ’
110 2213 398 2259 ornatissimis
418 2213 463 2258 in
482 2212 659 2259 aedibus
678 2230 782 2273 quas
800 2213 888 2273 ipse
907 2212 989 2259 sibi
1007 2212 1061 2260 ad
1077 2230 1145 2260 eas
1163 2213 1335 2273 nuptias
1355 2212 1621 2259 decorandas
1637 2213 1914 2268 instruxerat,

110 2279 288 2327 deliciae
316 2279 655 2341 affluentiaeque
683 2281 885 2327 omnium
919 2298 1078 2337 rerum,
1108 2277 1318 2337 Otium³¹,
1351 2280 1471 2341 quod
1500 2295 1623 2328 erant
1649 2277 1914 2327 diuturnae³²

110 2345 246 2395 cum³³
272 2351 398 2395 Pono
420 2348 662 2396 simultates
686 2367 826 2410 neque
849 2367 949 2396 cum
971 2348 1224 2409 parentibus
1246 2367 1422 2410 quoque
1444 2350 1645 2409 Torpore
1670 2349 1916 2409 Inertiaque

110 2416 416 2473 conveniebat,
432 2416 655 2463 exclusum
672 2431 747 2464 est.
764 2421 827 2463 Ex
843 2435 933 2477 quo
949 2417 1223 2477 indignatum
1239 2417 1506 2464 Ebrietatem
1522 2418 1718 2464 armavit.
1735 2421 1795 2464 Ea
1808 2434 1916 2463 vero

110 2502 163 2531 ex
180 2485 280 2531 Otii
297 2485 506 2531 ministris
524 2502 611 2531 una
628 2499 703 2531 est.
720 2489 841 2531 Nam
857 2484 1055 2545 pluribus
1074 2484 1128 2531 ad
1144 2484 1435 2531 evincendum
1454 2484 1608 2531 orbem
1625 2485 1776 2531 utitur.
1796 2488 1915 2531 Cum

110 2551 321 2598 discincta
346 2551 578 2612 hilarisque
607 2553 889 2599 ministrasset
915 2552 1087 2613 pocula,
1116 2553 1214 2599 Otii
1240 2552 1502 2599 desiderium
1530 2553 1762 2613 somnique
1791 2548 1915 2599 iam³⁴

108 2620 274 2680 pariter
294 2634 488 2680 regnant.
514 2620 742 2667 Convivae
766 2620 1048 2667 imbiberunt:
1076 2619 1290 2667 medicata
1309 2619 1436 2667 fuisse
1459 2619 1619 2680 pocula
1640 2619 1914 2667 crediderim.

110 2692 174 2734 Ex
196 2706 251 2735 eo
271 2688 345 2734 vix
366 2703 428 2735 est
450 2688 526 2735 ubi
549 2706 731 2748 regnum
756 2706 847 2735 non
870 2688 1111 2736 obtineant.

855 2829 922 2871 29.
946 2828 1060 2871 Vera
1080 2824 1170 2871 laus

879 2893 942 2949 Bi,
964 2897 1149 2939 37r-38r

110 2995 229 3039 Cum
254 2991 368 3039 forte
390 3010 545 3040 omnes
568 2993 613 3039 in
636 2993 825 3040 eundem
847 3007 958 3040 artes
978 2993 1126 3040 locum
1150 2994 1469 3049 convenissent,
1493 2992 1645 3040 incidit
1668 2993 1838 3040 mentio
1861 2992 1914 3040 de

108 3059 364 3120 parentibus
388 3060 503 3107 inter
525 3078 710 3116 sorores3
736 3075 864 3121 atque
887 3075 1008 3108 erant
1031 3079 1083 3107 ex
1109 3060 1172 3108 his
1197 3060 1433 3107 nonnullae
1459 3078 1568 3121 quae
1590 3078 1724 3121 genus
1749 3061 1915 3121 ignora-

111 3142 208 3174 rent
233 3145 374 3175 suum.
402 3132 523 3175 Nam
550 3146 651 3175 cum
678 3128 947 3175 lascivientes
971 3128 1206 3189 aliquando
1230 3128 1468 3189 pueriliter,
1494 3142 1542 3175 ut
1566 3128 1734 3188 puellae
1757 3128 1915 3184 solent,

110 3194 311 3242 licentius
329 3210 458 3256 atque
472 3195 525 3242 ab
542 3195 680 3242 domo
697 3195 867 3255 longius
885 3210 1156 3256 vagarentur,
1171 3197 1411 3256 piratarum
1430 3195 1694 3242 devenerant
1710 3195 1912 3242 libidino-
