2118 3444
130 176 312 210 ESSAYS
1834 169 1924 209 289

131 330 395 373 magnopere
412 312 630 368 admirari,
648 329 765 359 nunc
782 311 976 368 demum,
991 326 1143 372 postea
1158 330 1289 373 quam
1305 312 1450 359 audivi
1466 327 1523 368 te,
1540 311 1643 359 falsa
1657 313 1789 359 etiam
1806 330 1931 373 appa·

130 398 222 428 rere
242 394 516 441 acceperunt.
536 384 597 427 Ea
615 380 732 427 enim
755 379 1024 427 concludunt
1044 397 1216 441 semper
1235 398 1343 441 quae
1363 381 1441 427 etsi
1460 378 1595 427 sunt³¹
1617 380 1767 428 auditu
1786 381 1931 441 gratis·

128 450 250 506 sima,
274 448 395 510 quod
417 448 602 496 liberant
625 448 677 495 ab
700 449 823 495 omni
849 448 1022 505 morbo,
1046 463 1093 496 ut
1116 448 1393 509 pollicentur,
1419 463 1460 496 et
1480 449 1721 510 sapientem
1746 448 1863 496 nulla
1888 467 1932 496 re

128 534 323 578 unquam
350 516 541 577 indigere
566 531 638 563 aut
662 516 907 577 perturbari
930 534 1055 577 posse
1083 531 1338 573 asseverant,
1364 531 1525 573 tamen,
1551 518 1761 577 quoniam
1788 517 1840 564 de
1866 517 1930 564 his

129 602 238 645 quae
266 584 361 631 fieri
391 598 614 645 nequeunt
642 599 809 640 natura,
836 599 883 631 ut
913 598 974 631 est
1002 602 1025 631 a
1053 598 1094 631 te
1121 584 1352 632 clarissime
1381 584 1664 645 disputatum,
1697 586 1841 632 omnis
1871 600 1932 632 est

128 670 283 699 eorum
308 653 465 708 oratio,
492 653 666 708 merito,
690 651 909 708 videntur,
936 669 1052 699 nunc
1075 652 1267 708 tandem,
1293 670 1385 699 non
1409 652 1561 699 dolore
1587 667 1782 713 urgente,
1806 668 1853 700 ut
1879 653 1931 700 de

127 720 350 780 Dionysio
377 737 507 780 supra
533 719 701 766 dictum
727 734 803 775 est,
828 719 904 766 sed
931 734 1084 766 natura
1109 720 1198 780 ipsa
1225 734 1266 767 et
1292 721 1460 767 ratione
1487 735 1562 767 tua
1587 720 1931 777 demonstrante,

128 787 376 835 deserenda.

212 855 337 915 Quid
358 856 476 903 enirn
499 870 645 916 agunt,
667 874 767 903 cum
790 856 848 903 ita
867 855 1039 903 dicunt?
1059 860 1180 903 Iuvat
1200 857 1318 903 enim
1341 856 1512 904 referre.
1533 857 1928 916 Quemadmodum

128 923 326 970 membra
350 941 442 970 non
463 923 602 984 probe
627 923 784 970 affecta
804 941 895 971 non
918 939 1100 1000 possunt
1127 924 1307 985 implere
1330 942 1458 971 suum
1483 942 1655 981 munus,
1683 939 1731 972 ut
1753 925 1928 986 lippitu-

127 991 227 1038 dine
246 991 447 1052 impediti
465 991 581 1038 oculi
600 1006 672 1038 aut
688 991 897 1039 surditate
914 1009 1049 1048 aures,
1068 993 1127 1039 ita
1141 1007 1182 1039 et
1199 993 1369 1040 animus
1388 992 1534 1070 aliquo
1554 992 1691 1040 modo
1706 993 1930 1054 p-erturba

126 1074 194 1107 tus
214 1077 342 1107 suum
365 1060 521 1120 exequi
541 1059 742 1107 officinm
764 1078 856 1107 non
874 1075 1032 1121 potest.
1055 1065 1128 1108 Est
1151 1075 1296 1108 autem
1315 1062 1546 1122 proprium
1570 1062 1705 1109 animi
1727 1080 1887 1109 munus
1910 1080 1933 1109 a

124 1146 232 1175 vero
264 1127 372 1174 nihil
407 1128 619 1184 aberrare,
654 1143 695 1175 et
726 1129 894 1189 sapiens
928 1128 1106 1190 quidem
1140 1147 1382 1190 numquam
1417 1130 1646 1177 aberrabit.
1681 1131 1816 1191 Igitur
1849 1149 1929 1178 nec

124 1214 319 1257 unquam
354 1197 435 1243 erit
466 1196 757 1257 perturbatus.
794 1197 886 1256 Qui
921 1198 1038 1244 enim
1071 1197 1366 1259 perturbatur,
1401 1199 1532 1246 etiam
1565 1198 1750 1246 ducatur
1782 1217 1929 1247 errore

125 1282 295 1312 necesse
313 1279 388 1312 est.
407 1269 468 1312 At
485 1265 712 1342 aegritudo
726 1266 815 1313 sive
832 1265 1052 1313 dolor—es
1071 1267 1188 1313 enim
1207 1267 1252 1313 in
1272 1266 1351 1314 hac
1367 1266 1661 1328 disputatione
1680 1267 1931 1315 indifferen-

124 1347 191 1379 ter
208 1332 272 1380 his
291 1332 507 1379 usus—vel
530 1334 720 1380 maxima
738 1348 799 1380 est
819 1335 1020 1381 omnium
1042 1334 1439 1411 perturbationum.
1460 1340 1571 1382 Non
1591 1335 1741 1383 cadet
1731 1337 1862 1396 igitur
1882 1338 1926 1382 in

122 1401 365 1461 sapientem
387 1400 528 1448 dolor.
551 1405 661 1448 Item
679 1402 714 1448 si
730 1402 961 1477 aegritudo
980 1417 1041 1449 est
1063 1403 1215 1463 opinio
1236 1404 1473 1464 praesentis
1493 1404 1608 1460 mali,
1630 1418 1678 1451 ut
1700 1422 1795 1451 eam
1815 1404 1928 1451 diffi-

124 1469 266 1524 niunt,
297 1486 467 1515 necesse
497 1483 558 1515 est
587 1483 635 1516 ut
666 1470 740 1529 qui
766 1470 1065 1530 praesentibus
1094 1486 1404 1518 commovetur
1432 1472 1741 1528 incommodis,
1774 1473 1926 1519 timeat

123 1537 255 1583 etiarn
275 1535 435 1593 futura3
454 1537 513 1583 ita
530 1537 575 1583 in
595 1555 726 1598 quern
746 1537 868 1585 cadet
884 1537 1026 1594 dolor,
1047 1538 1170 1585 cadet
1186 1553 1227 1586 et
1245 1540 1392 1586 timor.
1413 1544 1486 1586 Est
1508 1554 1654 1587 autem
1672 1539 1924 1588 fortitudini

122 1605 540 1652 timorcontrarius.
567 1609 631 1652 Ita
652 1605 804 1653 dolore
830 1605 1012 1654 affectus
1034 1624 1125 1654 non
1150 1608 1229 1654 erit
1253 1606 1391 1655 fortis.
1417 1611 1478 1655 At
1504 1609 1648 1655 omnis
1672 1609 1841 1669 sapiens
1865 1623 1927 1656 est

122 1671 261 1719 fortis.
277 1672 439 1720 Nullus
455 1674 587 1733 igitur
600 1674 769 1734 sapiens
783 1673 976 1721 afficitur
986 1674 1151 1722 dolore.
1170 1675 1379 1723 Afferunt
1394 1675 1645 1723 huiusmodi
1665 1676 1922 1737 compluria,

122 1758 246 1800 quae,
268 1741 479 1801 quoniam
500 1759 604 1801 prae
626 1759 669 1788 se
691 1743 879 1802 speciem
903 1741 1049 1790 ferunt
1071 1743 1306 1803 quamdam
1327 1745 1474 1804 potius
1499 1762 1630 1804 quam
1654 1744 1833 1792 dilucidi
1855 1745 1925 1792 ali-

121 1807 228 1869 quid
244 1809 336 1855 veri
355 1809 399 1855 in
415 1827 459 1856 se
477 1810 748 1866 contineant,
764 1811 1066 1870 praetermissa
1081 1826 1182 1858 sunt
1201 1829 1224 1858 a
1240 1826 1282 1859 te
1299 1827 1340 1859 et
1358 1812 1664 1873 disputationis
1683 1827 1782 1860 tuae
1799 1812 1923 1860 lumi-

121 1894 175 1923 ne
192 1875 432 1933 confutata‚
449 1891 497 1924 ut
515 1895 632 1924 nunc
649 1878 828 1925 tandem
845 1878 1008 1939 aliquid
1024 1878 1076 1926 de
1089 1879 1370 1941 philosophia
1389 1882 1642 1941 cognovisse
1662 1882 1922 1938 existimem,

121 1943 317 2005 nihilque
337 1963 444 1992 vero
461 1945 601 1992 simile
621 1946 707 1993 iam
727 1964 844 1993 nunc
862 1961 1030 2008 putem,
1051 1948 1132 1995 nisi
1153 1948 1273 2009 quod
1291 1949 1345 1995 sit
1364 1963 1543 1996 naturae
1561 1964 1919 1997 consentaneum.

120 2012 246 2072 Quid
269 2014 387 2060 enim
413 2013 467 2061 ad
488 2032 773 2062 communem
798 2014 925 2062 affert
947 2016 1123 2063 vivendi
1146 2016 1380 2064 utilitatem
1402 2035 1568 2078 pompa
1593 2017 1664 2065 illa
1684 2018 1923 2066 verborum

120 2095 249 2141 atque
271 2083 524 2138 ostentatio,
550 2082 706 2142 quibus
731 2098 821 2130 tam
845 2083 983 2131 multa
1007 2084 1059 2131 de
1080 2085 1302 2145 sapientia,
1327 2100 1417 2132 tam
1443 2085 1581 2133 multa
1603 2086 1656 2133 de
1679 2086 1921 2143 honestate,

120 2149 240 2209 quasi
261 2149 503 2196 ambitione
524 2150 711 2210 quadam
729 2151 903 2211 turgidi,
926 2153 969 2197 in
991 2152 1320 2200 multitudinem
1342 2171 1487 2200 rerum
1508 2155 1757 2215 imperitam
1779 2155 1926 2202 credu-

119 2215 293 2277 lamque
312 2216 562 2273 effundunt‚
582 2218 759 2278 quando
778 2219 970 2279 quidem,
989 2234 1036 2266 ut
1054 2220 1106 2267 de
1124 2220 1298 2281 reliquis
1317 2220 1405 2268 fere
1419 2222 1655 2269 virtutibus
1674 2237 1715 2269 et
1732 2222 1785 2269 de
1802 2222 1922 2270 forti—

119 2283 271 2331 tudine
292 2285 336 2330 in
355 2286 522 2345 primis,
545 2303 593 2332 ea
609 2285 760 2333 dicunt
780 2304 888 2347 quae
906 2302 1079 2348 praeter
1096 2303 1295 2336 naturam
1312 2290 1398 2336 sint
1419 2289 1695 2337 mortalium?
1715 2291 1923 2351 Sapienti—

119 2369 189 2398 am
213 2370 320 2399 vero
345 2370 440 2399 earn
466 2353 823 2414 complectuntur
846 2355 988 2402 verbis
1012 2373 1143 2416 quam
1167 2357 1201 2403 si
1227 2358 1322 2417 quis
1345 2358 1399 2404 sit
1425 2372 1588 2414 nactus,
1614 2359 1659 2404 in
1686 2377 1920 2406 numerum

119 2420 199 2466 erit
217 2419 422 2467 divorum
444 2435 485 2467 et
503 2439 594 2467 non
615 2421 800 2482 amplius
821 2422 1053 2470 hominum
1076 2423 1338 2472 referendus.
1358 2429 1524 2472 Verum
1543 2440 1643 2473 sunt
1664 2426 1769 2473 haec
1787 2426 1860 2474 abs
1879 2441 1921 2474 te

118 2488 269 2534 omnia
295 2487 628 2548 perhumaniter
654 2489 831 2550 quidem
859 2505 900 2537 et
926 2492 1114 2551 graviter
1138 2506 1179 2539 et
1205 2491 1391 2540 dilucide
1419 2492 1648 2554 disputata.
1677 2493 1788 2541 Illud
1813 2512 1920 2542 vero

118 2554 239 2615 quod
262 2555 314 2602 de
337 2555 528 2603 hominis
553 2558 725 2604 miseria
747 2557 905 2615 dixisti,
930 2577 1060 2619 quem
1081 2559 1213 2620 paulo
1236 2575 1335 2607 ante
1355 2575 1585 2622 tantopere
1606 2561 1815 2619 laudaras,
1839 2563 1919 2610 nisi

117 2624 295 2683 aperias,
321 2623 432 2670 male
456 2642 526 2671 me
552 2624 694 2672 habet.
721 2629 989 2687 Quanquam
1017 2645 1107 2674 non
1134 2628 1365 2676 mediocris
1391 2647 1460 2676 me
1486 2629 1681 2677 formido
1706 2645 1840 2687 tenet,
1866 2649 1918 2678 ne

117 2708 249 2751 quem
276 2692 407 2738 etiam
433 2691 604 2739 felicem
631 2711 655 2740 a
677 2696 778 2740 Deo
804 2693 968 2741 factum
996 2694 1222 2743 hominem
1249 2711 1464 2757 putaram,
1491 2712 1539 2744 tu
1566 2716 1683 2745 nunc
1710 2699 1918 2745 miserum

117 2758 333 2815 ostendas,
358 2760 479 2820 quod
500 2762 659 2808 sentire
680 2761 813 2822 paulo
835 2777 934 2810 ante
956 2763 1064 2809 mihi
1087 2764 1200 2811 visus
1223 2782 1279 2821 es,
1301 2764 1367 2812 vel
1392 2764 1553 2812 fallor?'

202 2830 510 2875 ‹COSMUS.›
542 2832 666 2876 ‘Non
694 2829 879 2886 falleris,'
910 2831 1064 2892 inquit,
1094 2832 1181 2879 ‘sed
1208 2850 1251 2879 re
1277 2851 1378 2880 vera
1403 2834 1547 2880 miseri
1574 2852 1728 2881 omnes
1753 2853 1914 2882 sumus.

117 2896 335 2953 Quamvis
361 2913 452 2942 non
477 2895 600 2943 facile
621 2898 999 2957 persuadebuntur
1024 2899 1066 2945 hi
1091 2901 1165 2960 qui
1189 2899 1375 2947 florente
1398 2915 1550 2957 aetate,
1572 2901 1854 2949 affluentibus
1878 2918 1919 2950 et

119 2961 362 3009 honoribus
385 2978 425 3010 et
445 2963 620 3020 divitiis,
642 2965 881 3012 valitudine
901 2967 1031 3013 etiam
1054 2967 1159 3013 nihil
1183 2968 1462 3028 impediente,
1482 2969 1591 3015 adeo
1610 2969 1690 3016 sibi
1713 2971 1812 3030 ipsis
1834 2970 1919 3030 pla-

117 3044 216 3076 cent
245 3044 291 3077 ut
323 3031 454 3077 etiam
485 3030 630 3078 felices
658 3050 700 3079 se
730 3034 974 3080 existimare
1005 3034 1203 3082 audeant.
1234 3037 1402 3082 Tamen
1433 3054 1523 3082 non
1555 3038 1635 3083 erit
1665 3037 1916 3094 absurdum,

117 3098 328 3156 quoniam
353 3099 412 3145 ita
431 3099 509 3154 vis,
534 3117 674 3159 neque
697 3099 886 3147 alienum
910 3101 962 3148 ab
987 3101 1071 3148 hoc
1092 3120 1293 3150 sermone
1318 3118 1484 3159 nostro,
1511 3103 1674 3164 aliquid
1695 3104 1748 3151 de
1770 3120 1918 3152 nostra

119 3179 272 3211 natura
288 3164 536 3225 diligentius
555 3166 776 3227 dispicere.
794 3168 920 3214 Nihil
941 3170 1058 3215 enim
1077 3171 1247 3230 reperio
1264 3170 1384 3230 quod
1402 3185 1569 3217 tantam
1585 3173 1675 3217 vim
1697 3171 1851 3219 habeat
1867 3172 1921 3219 ad
