2124 3458
246 203 337 244 404
1855 211 1993 245 PART
2018 211 2049 244 V

246 346 578 402 mercatoribus,
615 346 668 394 de
698 347 855 407 poetis,
890 346 942 394 de
974 346 1235 403 oratoribus,
1271 346 1323 394 de
1352 347 1640 408 philosophis,
1679 366 1869 409 quorum
1904 349 2050 396 minus

245 414 422 462 videtur
448 414 641 474 indigere
668 414 923 475 respublica,
953 429 1000 461 ut
1029 415 1074 460 in
1100 416 1343 475 praesentia
1368 415 1506 462 multa
1532 415 1726 463 dicamus
1753 415 1869 463 haud
1895 431 1957 464 est
1984 434 2055 464 ne·

246 500 373 530 cesse.
396 482 470 529 Ad
491 500 596 542 opes
617 496 767 529 tamen
789 497 830 529 et
852 482 905 529 ad
924 482 1181 542 dignitatem
1202 483 1356 543 populi
1379 483 1568 530 multum
1593 483 1793 531 conferre
1813 485 1909 545 quis
1931 483 2052 532 dubi-

245 551 403 597 taverit
432 552 447 597 ?
474 554 635 610 Neque
663 549 869 597 audiendi
896 550 1006 596 mihi
1031 550 1251 607 videntur,
1279 551 1353 611 qui
1380 565 1670 598 mercaturam
1698 551 2051 600 damnant—non

245 618 347 665 dico
368 636 565 674 omnem,
586 618 662 665 sed
682 636 791 678 quae
812 618 1093 678 exportandis
1114 633 1242 679 atque
1261 619 1551 679 importandis
1573 619 1790 666 mercibus
1810 619 2052 667 commodi-

244 686 408 734 tatibus
431 704 578 733 rerum
601 685 879 747 publicarum
905 685 1035 743 favet,
1057 701 1104 734 ut
1129 687 1174 733 in
1198 701 1347 734 nostra
1371 686 1591 748 republica
1613 705 1738 748 saepe
1761 688 1921 744 evenit,
1946 706 2055 749 quae

245 754 405 802 multas
422 772 686 815 magnasque
705 754 807 801 belli
826 769 867 802 et
881 755 999 815 pacis
1014 755 1287 816 temporibus
1308 755 1407 802 inde
1425 756 1664 816 reportavit
1683 757 2048 817 opportunitates.

243 822 328 870 Sed
358 822 463 869 haec
490 822 603 869 alias.
631 827 792 883 Neque
822 823 939 869 enim
970 840 1088 870 nunc
1118 822 1170 870 de
1196 823 1417 884 republica
1445 823 1686 880 scribimus,
1718 838 1767 871 ut
1794 823 2050 885 philosophi

243 890 402 947 solent,
425 890 501 937 sed
522 890 695 938 obiecta
716 891 762 937 in
785 908 865 938 nos
889 890 1106 938 diluimus.

330 958 456 1018 Quid
479 977 586 1006 vero
610 973 672 1006 est
696 959 742 1005 in
766 958 830 1006 his
855 977 963 1019 quae
987 958 1125 1006 modo
1148 959 1200 1006 de
1221 959 1423 1020 populari
1448 959 1637 1007 diximus
1659 959 2052 1017 administratione,

245 1027 367 1088 quod
391 1041 623 1087 tantopere
649 1026 990 1087 vituperandum
1014 1041 1172 1088 putent
1199 1029 1215 1074 ?
1240 1028 1514 1074 Contionem
1542 1027 1721 1075 fortesse
1747 1027 1859 1075 hanc
1880 1028 2049 1089 populi,

244 1113 377 1156 quam
403 1113 484 1142 nos
507 1099 723 1155 Magnum
749 1095 998 1142 Consilium
1026 1113 1248 1152 vocamus,
1251 1102 1270 1129 Ρ
1296 1095 1474 1156 quidam
1495 1110 1679 1156 propter
1702 1095 2051 1156 magnitudinem

244 1181 337 1210 non
359 1163 566 1224 probant,
591 1177 804 1220 verentes,
829 1162 975 1220 credo,
998 1163 1119 1224 quod
1143 1163 1195 1211 de
1216 1163 1507 1224 Mylesiorum
1533 1163 1702 1225 templo
1726 1163 1885 1211 ferunt:
1890 1171 1909 1198 ‘¹
1931 1163 2052 1226 quod

242 1246 428 1292 propter
449 1231 787 1292 amplitudinem
810 1232 901 1278 sine
924 1246 1043 1279 tecto
1062 1233 1282 1288 remansit,
1306 1250 1359 1279 ne
1379 1231 1518 1279 ullum
1543 1232 1622 1280 hos
1643 1250 1833 1293 quoque,
1857 1233 1932 1293 qui
1950 1247 2052 1280 sunt

244 1299 444 1360 cogendi,
464 1314 632 1347 tectum
651 1314 934 1360 accepturum
951 1301 1018 1347 sit.
1039 1304 1089 1346 In
1108 1318 1197 1361 quo
1216 1300 1394 1361 quidem
1412 1318 1504 1347 non
1521 1300 1665 1348 solum
1685 1300 1937 1348 tarditatem
1951 1318 2053 1348 con-

243 1367 451 1415 veniendi
474 1367 871 1429 difficultatemque
894 1386 1070 1429 arguere
1093 1368 1312 1425 videntur,
1336 1383 1377 1416 et
1401 1368 1686 1429 negligentius
1708 1370 1855 1430 peragi
1875 1368 2052 1430 publica

244 1437 439 1497 negocia,
458 1454 613 1484 verum
633 1437 765 1484 etiam
783 1437 884 1497 quia
901 1436 1068 1497 indigni
1087 1436 1141 1484 ad
1157 1436 1495 1484 consultandum
1514 1436 1932 1498 deliberandumque
1951 1455 2053 1485 con-

242 1506 435 1553 veniant.
466 1509 584 1552 Ante
613 1523 716 1566 ergo
743 1505 796 1552 de
820 1504 1070 1566 perferendi
1098 1505 1371 1562 difficultate,
1398 1505 1577 1553 demum
1606 1505 1659 1553 de
1686 1505 1895 1567 dignitate
1921 1520 2051 1567 atque

244 1573 503 1634 indignitate
527 1573 857 1634 disputabimus.

328 1642 527 1688 Primum
558 1642 689 1702 igitur
715 1642 810 1702 quis
837 1659 929 1688 non
955 1641 1074 1689 videt
1098 1641 1143 1689 id
1168 1659 1255 1689 esse
1279 1643 1563 1703 praecipuum
1591 1641 1803 1689 libertatis
1827 1659 2052 1702 argumen-

242 1724 354 1766 tum,
374 1710 409 1757 si
430 1709 539 1757 fiant
559 1728 706 1757 rerum
728 1709 902 1757 decreta
917 1728 1018 1757 cum
1036 1709 1248 1771 pluribus,
1272 1711 1350 1758 etsi
1367 1710 1464 1771 plus
1486 1709 1530 1758 id
1549 1709 1703 1758 habeat
1722 1709 1994 1758 difficultatis
2012 1724 2054 1758 et

242 1778 424 1826 laboris?
442 1778 571 1824 Nihil
589 1779 707 1825 enim
726 1779 860 1839 magis
878 1778 932 1826 ad
944 1778 1217 1839 peccandum
1233 1778 1408 1826 videtur
1422 1778 1644 1839 impellere
1663 1796 1794 1839 quam
1811 1793 1983 1840 apertae
1998 1778 2053 1826 ad

242 1847 486 1907 nequitiam
517 1846 646 1903 fores,
678 1861 726 1894 ut
756 1861 880 1894 vetus
910 1861 971 1894 est
1002 1848 1243 1908 tritumque
1276 1846 1327 1894 de
1354 1865 1472 1908 penu
1502 1846 1717 1894 servando
1744 1846 2044 1908 proverbium.

242 1915 371 1962 Adde
390 1915 512 1976 quod
534 1915 642 1961 nihil
662 1915 839 1962 videtur
856 1915 910 1962 ad
928 1930 1042 1962 recte
1061 1915 1391 1963 deliberandum
1412 1916 1729 1976 veritatemque
1748 1916 1793 1961 in
1813 1915 1941 1962 rebus
1958 1933 2052 1976 per-

240 1983 511 2044 spiciendam
528 1998 729 2044 tempore
746 1983 1134 2040 accommodatius,
1152 1983 1273 2044 quod
1288 1983 1445 2031 multas
1461 1983 1629 2031 solvere
1642 1983 1776 2044 plicas
1790 1984 1825 2030 si
1838 1983 1973 2044 paulo
1988 1984 2050 2030 in·

241 2052 416 2098 cesseris
430 2052 601 2111 gravius
618 2052 858 2098 consuevit.
877 2052 1031 2097 Animi
1047 2066 1162 2098 certe
1173 2051 1526 2112 perturbationes
1541 2052 1587 2097 in
1603 2050 1885 2098 multitudine
1902 2051 2048 2098 minus

242 2119 405 2166 habent
429 2120 590 2166 virium
618 2137 749 2180 quam
772 2120 806 2166 si
829 2120 1056 2180 pauciores
1082 2119 1337 2176 deliberent,
1358 2120 1614 2180 praesertim
1637 2120 1671 2166 si
1694 2120 1748 2166 sit
1774 2119 1875 2166 inde
1898 2119 1953 2166 ad
1974 2137 2049 2167 eos

241 2187 407 2248 aliquid
420 2205 693 2234 accessurum
710 2205 859 2235 earum
874 2205 1021 2234 rerum
1038 2206 1222 2248 quarum
1238 2187 1452 2235 desiderio
1466 2205 1590 2248 saepe
1605 2202 1835 2248 anguntur.
1854 2186 2047 2248 Populus

241 2256 376 2316 magis
405 2257 662 2303 communia
692 2255 930 2303 commoda
958 2257 1146 2316 respicit,
1176 2257 1221 2302 in
1250 2256 1406 2317 quibus
1436 2256 1708 2316 recognoscit
1735 2273 1822 2303 sua.
1851 2259 1973 2303 Nam
2002 2269 2051 2302 ut

241 2324 477 2384 quicquam
506 2323 560 2370 ad
581 2341 624 2370 se
650 2341 786 2384 usque
811 2338 954 2384 speret
978 2341 1174 2371 seorsum
1200 2325 1425 2384 perveniat
1450 2323 1648 2370 utilitatis
1673 2341 1725 2370 ex
1751 2323 1815 2370 his
1841 2341 1950 2384 quae
1972 2340 2053 2383 per

240 2390 424 2438 affectus
442 2391 753 2447 decernuntur,
774 2392 832 2438 ita
848 2391 976 2451 longe
997 2391 1114 2438 abest
1134 2406 1181 2438 ut
1200 2391 1281 2438 illis
1301 2392 1432 2438 etiam
1451 2392 1525 2452 qui
1544 2409 1676 2438 omne
1696 2390 1741 2438 id
1758 2390 1843 2438 tale
1856 2391 2046 2451 praerip-

240 2473 364 2506 erent
380 2460 583 2520 potentia
599 2459 886 2506 vehementer
903 2459 1109 2515 invideat,
1127 2458 1535 2520 defendendamque
1551 2458 1633 2506 sibi
1652 2458 1874 2506 mordicus
1894 2457 2047 2506 hones-

240 2542 378 2575 tatem
397 2542 536 2588 putet.
560 2527 693 2575 Unde
716 2527 985 2575 deliberandi
1006 2527 1216 2574 iudicium
1240 2527 1382 2574 multo
1405 2542 1467 2574 est
1488 2526 1657 2574 firmius
1681 2526 1910 2587 multoque
1932 2544 2047 2574 seve-

320 2745 337 2768 Ρ
361 2741 438 2780 The
463 2744 573 2780 Great
599 2741 756 2780 Council
780 2756 851 2779 was
877 2741 1016 2780 created
1038 2755 1089 2779 on
1113 2745 1154 2779 23
1180 2741 1380 2780 December
1407 2745 1494 2779 1494
1517 2740 1587 2779 and
1610 2739 1787 2779 consisted
1811 2739 1853 2778 of
1874 2739 1920 2778 all
1941 2739 2046 2778 those

240 2793 409 2842 qualified
428 2793 488 2831 for
506 2793 569 2832 the
589 2793 705 2832 Three
724 2795 843 2842 Major
864 2793 1000 2831 Offices
1019 2793 1229 2832 themselves
1250 2807 1294 2831 or
1311 2792 1472 2841 through
1489 2792 1585 2831 their
1602 2804 1780 2830 ancestors
1799 2791 1932 2830 within
1947 2791 2050 2830 three

239 2847 476 2894 generations,
493 2845 546 2884 ed.
564 2845 766 2890 G.Cadoni‚
782 2848 1001 2884 Provvisz'oni
1016 2849 1238 2883 concernanu'
1248 2845 1515 2883 l’ordinamento
1527 2844 1616 2883 della
1628 2843 1834 2893 Repubblica
1840 2843 2045 2892 florentina,

242 2901 455 2942 1494-1512,
472 2901 496 2942 1,
514 2901 640 2942 Rome,
661 2901 759 2941 1994,
778 2901 901 2935 33-57.
920 2899 985 2935 On
997 2897 1060 2935 the
1075 2897 1257 2946 problems
1274 2896 1315 2935 of
1326 2896 1397 2935 this
1415 2896 1570 2935 Council
1586 2896 1656 2934 and
1669 2895 1731 2934 the
1746 2896 1996 2934 construction
2010 2894 2052 2933 of

239 2965 259 2989 a
277 2965 358 2989 new
375 2951 546 2989 chamber
560 2951 620 2989 for
635 2952 679 2989 its
695 2951 878 2999 meetings,
895 2965 952 2988 see
969 2951 1247 2995 N.Rubinstein,
1267 2953 1294 2987 ‘I
1309 2951 1419 2999 primi
1434 2951 1520 2988 anni
1532 2949 1589 2988 del
1607 2949 1792 2998 Consiglio
1811 2949 1993 2998 Maggiore
2009 2947 2048 2987 di

240 3004 388 3041 Firenze
403 3003 612 3051 (1494-99)‚’
628 3003 795 3041 Archivio
807 3007 929 3041 storico
947 3003 1089 3041 italiano
1108 3006 1171 3039 112
1187 3002 1312 3051 (1954),
1332 3006 1623 3046 151-94,321-47,
1640 3015 1711 3050 esp.
1730 3004 1873 3046 174-78;
1886 2999 2059 3048 J.Wilde,‹

241 3055 331 3092 ‘The
347 3055 431 3092 Hall
447 3054 488 3092 of
498 3055 560 3093 the
577 3057 687 3093 Great
703 3054 859 3092 Council
874 3054 915 3092 of
927 3054 1121 3098 Florence,’
1131 3054 1279 3101 Journal
1290 3054 1334 3103 of
1339 3054 1392 3092 the
1410 3054 1575 3102 Warburg
1587 3053 1661 3091 and
1673 3052 1867 3091 Courtauld
1877 3055 2048 3090 Inscitum

240 3111 261 3143 7
280 3106 407 3155 (1944),
431 3110 553 3150 65-81,
573 3121 644 3155 esp.
666 3110 788 3144 67-69.

320 3170 337 3192 ‘¹
360 3164 596 3209 L.B.Alberti,
618 3167 672 3202 De
695 3178 732 3202 re
752 3164 994 3213 aedificatoria,
1022 3164 1202 3208 Florence,
1230 3167 1314 3201 1485
1341 3163 1570 3212 (fasc.Passau,
1602 3162 1712 3211 1975),
1739 3161 1792 3200 ed.
1818 3160 2046 3206 HKLficke,

240 3217 380 3261 bk.V11,
402 3220 520 3261 113a2,
541 3217 651 3264 citing
668 3216 806 3260 Strabo,
828 3218 1057 3264 Geog.14.l.5.
