2118 3444
213 154 305 196 316
1827 162 1965 196 PART
1990 162 2022 195 v

212 318 314 347 cum
334 314 485 355 noctu,
504 317 606 346 cum
624 298 679 346 ad
691 298 916 346 lucernam
932 299 1077 359 puella
1093 314 1361 359 operaretur,
1378 317 1536 346 canens
1551 300 1740 356 iteraret,
1756 301 1921 348 amanti
1933 318 2027 361 per-

213 366 338 415 dite⁸⁴
373 368 471 414 viro
508 367 655 414 iniecit
689 367 984 427 suspicionem
1024 368 1218 414 extranei
1251 368 1424 414 amoris:
1464 365 1677 415 ‘Silescis⁸⁵
1713 371 1844 428 ergo,’
1882 369 2024 430 inquit

210 435 369 496 puella,
390 439 557 482 ‘noster
570 453 728 496 passer,
748 434 926 495 quando
943 435 1121 495 quidem
1139 436 1198 482 ita
1213 435 1329 483 nuda
1343 436 1475 483 etiam
1490 435 1744 496 simplicitas
1759 437 1901 483 amori
1918 437 2024 484 insa-

212 505 352 551 nienti
373 504 611 564 suspiciosa
635 501 766 550 est.'⁸⁶

1026 644 1091 686 33.
1116 643 1219 700 Spes

212 746 331 789 Cum
351 742 539 789 fecunda
556 757 697 789 mater
712 742 931 802 Opinatio
948 745 1078 802 Spem
1098 760 1274 802 quoque
1290 743 1604 803 progenuisset,
1625 742 1858 790 Desiderio
1876 757 2024 790 natam

210 811 384 871 parenti
416 810 725 857 enutriendam
757 809 890 857 dedit.
920 811 1133 857 Nascenti
1164 825 1310 857 autem
1340 813 1496 858 Parcae
1526 810 1665 871 legem
1697 810 1901 858 dixerunt
1932 829 2025 858 non

212 879 477 926 morituram
498 879 579 925 nisi
599 878 776 925 mortali
795 879 1003 939 nupserit.
1026 882 1075 924 In
1092 879 1237 925 virum
1256 879 1387 939 igitur
1402 893 1603 939 parentes
1619 897 1742 926 curas
1759 897 1914 926 omnes
1929 897 2025 927 suas

212 948 589 1008 cogitationesque
613 946 906 994 intenderant.
927 946 1106 994 Nobilis
1132 961 1222 994 erat
1241 965 1320 1008 per
1341 946 1385 994 id
1406 961 1579 1008 tempus
1603 947 1839 995 industriae
1862 961 1904 995 et
1922 965 2023 1009 pru-

212 1016 386 1063 dentiae
405 1015 522 1063 fama
539 1016 824 1063 Necessitatis
843 1015 972 1072 filius,
995 1015 1271 1063 Remedium.
1293 1020 1346 1063 Et
1366 1015 1487 1077 quod
1507 1030 1596 1063 erat
1615 1016 1805 1063 incertus
1823 1030 1962 1077 pater,
1981 1016 2027 1063 in

212 1085 318 1132 deos
346 1084 593 1132 referebant
620 1085 849 1145 originem.
881 1085 1000 1131 Huic
1027 1102 1134 1131 vero
1160 1084 1295 1131 locari
1320 1088 1451 1145 Spem
1480 1102 1581 1132 cum
1608 1084 1851 1145 placuisset,
1881 1085 2025 1132 insciis

212 1153 380 1200 casibus
403 1153 494 1244 qui8
500 1167 541 1200 et
562 1153 642 1213 ipsi
663 1152 887 1213 petebant,
910 1170 1002 1199 rem
1024 1151 1323 1200 confecerunt.
1346 1153 1439 1212 Qui
1461 1170 1562 1200 cum
1584 1153 1808 1200 rescissent
1828 1152 2023 1210 tandem,

210 1218 494 1283 perpetuum8
497 1218 603 1268 7illi
630 1222 919 1268 matrimonio
947 1220 1198 1269 indixerunt
1225 1221 1402 1269 bellum.
1431 1225 1549 1269 Cum
1575 1239 1726 1278 uxore,
1753 1220 1874 1282 quod
1900 1221 1953 1269 ab
1978 1239 2028 1270 ea

210 1308 253 1338 se
277 1305 448 1351 spretos
470 1290 701 1366 putabant,
725 1290 956 1337 contentio
980 1304 1069 1337 erat
1092 1289 1304 1337 infestior.
1330 1294 1398 1337 Ac
1421 1289 1605 1337 dedisset
1627 1289 1699 1337 illa
1719 1308 1844 1351 saepe
1868 1308 2023 1338 manus

212 1359 294 1405 nisi
316 1359 400 1404 viri
421 1359 607 1405 amantis
626 1372 802 1418 praesto
822 1359 1073 1405 accurrisset
1095 1357 1319 1405 industria.
1343 1361 1540 1405 Demum
1562 1375 1663 1405 cum
1686 1357 1950 1405 addidissent
1971 1357 2027 1405 ad

211 1427 324 1473 vires
350 1426 525 1473 insidias
551 1440 592 1473 et
617 1444 719 1473 cum
746 1425 962 1473 Remedio
987 1427 1305 1473 conseruissent
1331 1427 1557 1487 potentius
1580 1443 1788 1487 pugnam,
1815 1425 2023 1487 exspolia-

211 1510 308 1542 tum
345 1495 476 1542 armis
511 1509 792 1551 necaverunt,
827 1512 929 1541 cum
964 1495 1114 1541 omnia
1146 1495 1266 1555 prius
1302 1495 1484 1542 numina
1520 1491 1887 1555 imploravisset.⁸⁸
1920 1497 2024 1555 Spes

212 1563 370 1610 eodem
398 1564 443 1609 in
469 1562 672 1624 sepulcro
698 1562 840 1610 claudi
865 1562 1019 1610 voluit.
1049 1566 1243 1610 Carmen
1269 1562 1470 1623 sepulcro
1495 1562 1708 1610 Solatium
1739 1563 1787 1622 (is
1813 1577 1903 1610 erat
1928 1577 2025 1610 tum

210 1646 343 1693 poeta
365 1632 557 1692 insignis)
587 1630 840 1678 huiusmodi
866 1630 1104 1692 adscripsit:

413 1733 493 1780 Nil
519 1734 834 1794 intemptatum
858 1732 979 1794 quod
1001 1736 1104 1794 Spes
1127 1751 1227 1780 cum
1251 1733 1435 1793 coniuge
1458 1730 1634 1793 liquit‚⁸⁹

414 1805 592 1849 Durum
617 1816 693 1858 est3
715 1801 791 1849 sed
812 1801 972 1848 durum
995 1802 1055 1848 sic
1077 1801 1278 1849 cecidisse
1301 1802 1457 1848 minus.

959 1943 1023 1985 34.
1049 1939 1282 1985 Posteritas

210 2041 508 2088 Modestiores
523 2041 702 2088 tandem
719 2040 822 2088 facti
834 2041 1041 2101 Apologi,
1061 2059 1162 2088 cum
1180 2042 1224 2087 in
1240 2040 1525 2101 cupiditatem
1540 2040 1742 2088 visendae
1756 2041 2027 2088 Posteritatis

211 2109 479 2165 incidissent,
500 2127 570 2156 me
589 2109 904 2156 consuluerunt
926 2123 989 2165 ut,
1006 2109 1041 2156 si
1060 2110 1120 2155 ita
1134 2109 1276 2155 visum
1297 2109 1365 2165 sit,
1385 2108 1539 2155 litteris
1557 2109 1689 2155 etiam
1708 2126 1782 2155 eos
1801 2125 2024 2155 commen·

211 2177 375 2224 darem.
398 2178 554 2224 Visum
580 2191 655 2224 est.
680 2177 868 2223 Litterae
889 2176 1141 2223 huiusmodi
1168 2175 1357 2223 fuerunt:

297 2278 662 2325 Bartholomaeus
684 2278 804 2325 Scala
823 2279 1073 2325 Posteritati
1092 2277 1297 2325 Salutem.

297 2347 391 2406 Qui
418 2346 616 2393 deferent
643 2346 717 2393 has
742 2346 796 2393 ad
820 2345 872 2393 de
895 2346 1073 2402 litteras,
1100 2345 1293 2406 Apologi
1318 2360 1419 2392 sunt
1446 2346 1544 2392 mei.
1573 2349 1658 2392 Eos
1684 2344 1817 2392 velim
1844 2362 1941 2391 mea

297 2433 423 2462 causa
455 2415 635 2475 recipias
665 2415 710 2460 in
743 2429 869 2461 tuum
901 2432 1088 2474 gregem,
1122 2428 1163 2461 et
1191 2415 1225 2461 si
1258 2432 1343 2474 qua
1372 2414 1417 2460 in
1450 2431 1494 2460 re
1523 2413 1619 2460 usui
1653 2412 1733 2460 tibi
1763 2411 1940 2469 fuerint,

297 2501 453 2530 eorum
473 2501 607 2543 opera
622 2497 757 2530 utare.
777 2482 986 2529 Arbitror
1003 2500 1094 2529 non
1112 2482 1339 2529 iniucundi
1358 2500 1499 2542 neque
1516 2481 1777 2528 infructuosi
1796 2495 1937 2528 erunt.

295 2551 416 2598 Vale.

210 2658 308 2701 Dea
329 2655 388 2701 ita
408 2654 648 2715 respondit:

297 2757 532 2803 Posteritas
554 2755 897 2803 Bartholomaeo
919 2755 1062 2802 Scalae
1083 2754 1287 2802 Salutem.

296 2825 387 2871 Etsi
421 2842 598 2871 morosa
628 2842 726 2871 sum
760 2838 801 2870 et
832 2823 1037 2879 difficilis,
1069 2838 1217 2870 tamen
1248 2821 1346 2870 tui⁹⁰
1378 2823 1514 2883 gratia
1543 2840 1634 2868 non
1666 2821 1935 2868 excluserim.

296 2896 464 2938 Verum
487 2891 743 2938 condiscant
763 2891 918 2938 durare
940 2890 1001 2936 illi
1021 2890 1199 2951 quidem
1221 2905 1262 2937 et
1281 2904 1521 2937 assuescant
1543 2890 1702 2936 nostris
1722 2888 1931 2935 moribus.

296 2962 366 3006 Tu
392 2974 577 3006 moneto
601 2960 767 3006 interea
786 2973 833 3005 ut
855 2963 964 3005 Fato
986 2957 1246 3014 sacrificent3
1267 2957 1532 3018 praegrande
1555 2971 1616 3004 est
1639 2957 1757 3004 enim
1779 2956 1874 3003 Fati
1894 2956 1939 3002 in

299 3042 453 3075 nostro
477 3045 612 3088 regno
636 3045 814 3074 numen.
