2124 3458
97 169 270 202 POEMs
1804 159 1893 200 443

218 308 428 364 Dumque
451 303 602 350 sedent
624 303 708 358 alii,
732 320 890 363 campo
911 304 1122 363 spatiatur
1141 317 1338 363 uterque;

219 372 333 431 Quis
354 371 528 432 plantae
550 370 786 431 adsurgunt
810 385 851 417 et
871 388 1042 417 summa
1066 371 1292 418 cacumina
1313 370 1512 426 flectunt,

217 442 340 486 Dum
366 438 647 499 referuntque
670 437 902 499 feruntque
923 438 1105 498 gradum
1128 438 1313 498 virgulta
1334 437 1513 485 tuendo.
1720 452 1782 484 690

218 506 388 554 Multos
409 521 645 567 praeterea,
667 523 812 553 rerum
836 506 993 566 quibus
1017 506 1142 553 edere
1163 523 1307 553 causas

217 579 270 622 Et
293 575 436 622 varios
457 573 652 621 studium
677 588 854 621 naturae
875 573 1037 621 discere
1059 591 1215 630 mores,

218 642 426 703 Adspexi‚
450 643 629 689 tetricos
649 642 795 689 vultus
818 656 859 689 et
879 642 1019 689 tristia
1039 641 1183 689 corda.

216 715 383 758 Verum
408 710 494 757 illic
514 709 695 771 placidis
717 711 863 757 cuncti
884 710 1159 758 sermonibus
1185 711 1361 766 instant,

218 783 309 825 Aut
332 778 492 825 chartis
514 778 724 825 mandant
746 779 856 825 ruris
877 793 1107 839 praecepta
1127 778 1313 825 colendi.
1720 793 1780 824 695

217 850 346 906 Quos
372 847 486 894 inter
508 846 675 893 medius
697 847 905 906 gravitate
927 847 1103 906 insignis
1127 861 1168 893 et
1190 864 1265 893 ore

217 918 501 975 Censuraque
525 918 659 962 Catog
681 914 818 962 clarus
837 929 1052 975 partoque
1074 914 1315 975 triumpho.

215 987 315 1030 Nec
338 984 486 1030 minor
509 997 570 1030 est
594 983 680 1030 illic
700 977 933 1029 Varronish
953 982 1090 1042 gloria
1112 983 1271 1042 magni,

216 1054 339 1097 Dum
363 1052 498 1098 ternis
519 1050 758 1111 conditque
780 1068 904 1110 agros
926 1065 967 1097 et
987 1068 1145 1111 pascua
1164 1050 1296 1097 libris.

217 1123 394 1179 Iamque
416 1118 565 1179 legunt
589 1133 663 1165 tua
684 1132 726 1165 te
745 1132 971 1178 praesente
992 1118 1232 1174 volumina,
1257 1113 1394 1174 Plini,i
1718 1133 1781 1164 700

215 1191 413 1233 Naturae
436 1186 663 1233 historiam
687 1200 728 1233 et
750 1204 895 1233 rerum
919 1187 1196 1233 monimenta
1217 1204 1446 1233 novarum.

216 1258 342 1301 Parte
363 1254 444 1301 alia
466 1255 581 1301 canit
602 1254 774 1301 assiduo
797 1254 1022 1301 modulata
1042 1254 1190 1301 labore

217 1323 428 1369 Carmina
451 1322 672 1369 Pieridum
696 1323 844 1369 castris
865 1337 1030 1369 assueta
1050 1337 1233 1369 caterva.

217 1390 308 1437 Illic
328 1386 573 1467 Virgilium'
598 1391 814 1437 mirantur
835 1405 877 1437 et
898 1390 1047 1438 inclita
1068 1390 1193 1447 facta,

217 1459 310 1518 Qui
334 1459 491 1505 cecinit
511 1458 643 1505 laetas
661 1473 823 1518 segetes
845 1458 1157 1535 Bacchumque
1172 1458 1406 1519 Palemque
1718 1474 1779 1504 705

216 1530 365 1587 Atque
387 1526 539 1587 apibus
563 1526 713 1573 docuit
736 1541 898 1587 quanta
919 1527 1185 1587 experientia
1201 1527 1356 1603 parcis,

216 1594 550 1655 Aschreumque
572 1612 736 1651 senem,
739 1589 759 1619 ¹³
782 1595 955 1642 monuit
981 1595 1055 1655 qui
1077 1595 1268 1642 carmine
1290 1598 1448 1642 Persen

216 1664 430 1710 Iustitiam
453 1663 615 1710 coleret
635 1663 890 1723 victumque
910 1678 1081 1724 pararet
1102 1678 1258 1710 aratro.

216 1732 299 1778 His
322 1725 582 1778 Columella¹
607 1730 689 1777 fuit
711 1749 859 1778 comes
882 1731 998 1778 haud
1019 1731 1241 1791 inglorius,
1267 1731 1337 1778 ille

216 1803 469 1845 Hortorum
494 1799 569 1859 qui
590 1813 633 1845 te
654 1798 808 1854 cultus,
830 1798 1006 1854 Silvine,
1030 1798 1227 1846 docebat.
1717 1814 1780 1844 710

216 1866 462 1914 Palladiusm
482 1881 731 1927 postremus
755 1881 859 1922 erat,
878 1866 954 1914 sed
974 1881 1174 1927 ternpore
1196 1881 1369 1914 tantum

216 1934 426 1990 Ultimus,
451 1934 649 1994 agricolis
671 1949 820 1981 tamen
841 1934 1150 1982 adnumeratus
1172 1936 1310 1991 avitis,

216 2002 356 2061 Quod
379 2003 572 2049 numeris
597 2002 694 2049 fluit
717 2002 968 2063 imparibus,
995 2020 1086 2050 non
1110 2004 1274 2063 impare
1297 2002 1435 2050 laude.

215 2071 446 2130 Egregium
471 2074 497 2126 †
518 2088 624 2117 vero
646 2074 671 2127 †
693 2070 831 2118 melos
853 2070 1111 2118 adveniente
1132 2071 1326 2118 canebat:

217 2141 339 2185 “Aut
365 2156 480 2185 nova
501 2138 690 2185 discreto
712 2138 908 2198 figuntur
928 2139 1123 2199 germina
1145 2138 1272 2195 libro,
1717 2154 1778 2185 715

300 2210 392 2253 Aut
415 2206 532 2253 aliud
552 2224 728 2253 summo
753 2206 912 2253 robore
936 2206 1023 2254 fixa
1044 2207 1172 2267 capit,

215 2278 307 2320 Aut
329 2274 488 2321 virides
510 2274 661 2321 oculos
686 2275 854 2321 externi
873 2293 1045 2335 gemma
1067 2276 1253 2322 tumoris

300 2343 475 2402 Accipit
498 2357 539 2389 et
560 2342 683 2389 lento
703 2343 930 2403 stringitur
950 2342 1036 2390 uda
1055 2343 1220 2390 sinu.''n

215 2411 389 2457 Accessi
410 2411 591 2471 propius
617 2428 879 2471 carmenque
903 2410 967 2458 his
990 2411 1164 2458 auribus
1189 2410 1321 2458 hausi.

214 2482 268 2524 Et
291 2496 391 2524 cum
416 2478 681 2525 carminibus
703 2496 882 2539 pausam
906 2478 1087 2534 fecisset,
1110 2478 1282 2526 adhaesi
1716 2494 1779 2524 720

174 2712 188 2734 Β
205 2711 347 2745 Marcus
368 2709 513 2745 Porcius
531 2710 636 2751 Cato,
656 2709 887 2752 ‘Censorius‚’
907 2708 1040 2746 author
1056 2708 1097 2746 of
1110 2711 1165 2746 De
1179 2711 1266 2757 Agri
1285 2708 1441 2752 Cultura,
1460 2712 1559 2746 c.160
1578 2718 1638 2746 BC.

175 2759 191 2784 ¹¹
208 2769 350 2804 Marcus
371 2767 557 2804 Terentius
575 2770 701 2810 Varro,
719 2766 852 2805 author
868 2766 909 2805 of
922 2769 1052 2805 Rerum
1071 2771 1272 2805 manicarum
1292 2767 1373 2805 libri
1389 2770 1441 2804 III
1453 2767 1509 2815 (37
1529 2766 1602 2815 BC).

174 2819 181 2843 ¹
200 2823 304 2872 Pliny
320 2823 383 2862 the
401 2823 516 2868 Elder,
537 2823 659 2862 whose
676 2824 851 2862 Naturalis
868 2828 1020 2862 Historia
1041 2824 1205 2863 included
1223 2824 1340 2862 books
1357 2839 1409 2863 on
1426 2824 1574 2873 botany.

174 2877 181 2909 ἶ
200 2882 345 2920 Publius
363 2882 537 2931 Vergilius
556 2886 672 2927 Maro,
692 2883 814 2921 whose
834 2885 989 2931 Georgia
1007 2898 1077 2921 was
1096 2883 1230 2932 quoted
1249 2883 1297 2931 by
1314 2883 1410 2921 Scala
1428 2883 1546 2931 (1‚224,
1566 2895 1653 2921 note
1670 2883 1713 2931 c).

174 2935 191 2959 ¹¹
210 2940 358 2985 Hesiod,
378 2941 510 2979 author
527 2941 568 2979 of
589 2941 706 2979 Works
721 2941 795 2979 and
808 2943 911 2990 Days,
930 2941 1020 2979 with
1036 2943 1080 2979 its
1097 2954 1249 2980 account
1267 2941 1308 2979 of
1323 2955 1341 2979 a
1358 2944 1471 2990 year’s
1487 2941 1579 2979 farm
1599 2941 1714 2979 work.

174 2992 182 3017 ¹
200 3000 328 3037 Lucius
342 3000 469 3046 Junius
488 2999 701 3044 Columella,
721 2999 853 3038 author
869 2999 910 3038 of
924 3002 979 3038 De
995 3014 1031 3038 re
1047 3003 1179 3045 natica,
1199 3014 1228 3038 c.
1246 3010 1301 3037 AD
1323 3003 1376 3038 60.

175 3061 199 3076 ¹¹¹
216 3056 371 3094 Rutilius
388 3059 524 3095 Taurus
543 3056 725 3101 Palladius,
744 3057 876 3095 author
891 3057 932 3095 of
948 3060 1041 3106 Opus
1055 3057 1289 3105 agriculturae,
1308 3057 1372 3095 4th
1388 3069 1539 3105 century
1555 3067 1622 3101 AD,
1639 3071 1695 3095 see
1713 3056 1903 3105 following

95 3121 192 3147 note.

176 3171 192 3186 ¹¹
210 3166 410 3215 Palladagr.
430 3170 524 3211 XIV,
544 3171 667 3205 41-44.
