2124 3464
109 188 339 223 PRIVATE
365 188 593 221 LETTERS
1823 180 1911 220 117

977 329 1053 370 133

595 399 673 438 TO
696 398 1129 438 GUIDANTONIO
1152 399 1435 438 VESPUCCI

816 469 838 506 9
861 466 1083 518 February
1105 469 1210 506 1482

191 562 278 600 Min
312 564 368 608 11,
400 559 467 600 fol.
499 563 601 600 400r.
635 559 837 612 Chancery
866 559 963 599 draft
993 559 1044 612 by
1075 559 1201 600 Scribe
1229 562 1279 607 A,
1312 559 1464 599 headed:
1499 559 1829 600 ‘D.Guidantoni0

190 617 403 669 Vespuccio
423 617 568 656 oratori
586 618 731 656 Romae
753 631 772 656 a
791 616 949 656 nomine
968 616 1131 656 Domini
1150 615 1434 656 Bartholomei.'

107 720 345 781 Magnifice
368 735 520 767 orator
539 719 667 767 salve.
690 724 815 767 Frate
835 720 955 766 Santi
977 734 1228 780 aportatore
1250 719 1272 766 ὲ
1293 734 1408 766 stato
1430 719 1677 775 frettoloso,
1702 738 1794 766 non
1817 719 1874 780 gli
1898 719 1920 767 ὲ

105 803 267 850 paruto
295 803 513 849 aspectare
540 787 780 835 altrimenti
807 787 847 834 13
871 788 1022 848 giunta
1049 802 1195 835 vostra
1222 787 1341 834 costa
1368 802 1409 834 et
1437 787 1477 834 la
1503 802 1650 835 vostra
1676 787 1842 835 lettera.
1871 792 1920 834 In

107 856 256 918 quello
281 856 361 904 che
384 856 441 917 gli
467 855 710 912 occorrera,
734 855 947 903 ricorrera
970 874 994 903 a
1014 856 1089 903 voi
1114 873 1241 903 come
1264 873 1288 903 a
1310 870 1495 916 patrone
1521 870 1562 903 et
1583 870 1851 916 protectore,
1877 871 1919 903 et

107 924 167 972 ἰο1
196 925 299 985 ogni
324 925 495 985 piacere
520 924 600 971 che
627 924 684 984 gli
711 923 860 980 farete,
886 923 1082 985 riputero
1110 923 1228 971 facto
1252 942 1379 971 come
1405 942 1428 971 a
1455 942 1525 971 me
1549 925 1746 985 proprio.
1777 925 1864 971 Die
1892 929 1916 971 9

106 993 330 1040 Februarii
358 997 476 1039 1481.

975 1133 1054 1175 134

329 1203 407 1243 TO
430 1204 735 1243 GIOVANNI
756 1204 1155 1249 GIANDERONI,
1177 1204 1390 1243 BISHOP
1412 1204 1488 1243 OF
1509 1204 1696 1243 MASSA

814 1274 835 1311 9
858 1271 1080 1323 February
1103 1274 1207 1312 1482

188 1366 275 1405 Min
305 1368 361 1413 11,
388 1365 455 1405 fol.
482 1368 585 1405 400r.
612 1365 815 1417 Chancery
839 1364 936 1405 draft
962 1365 1014 1418 by
1039 1365 1166 1406 Scribe
1190 1368 1239 1413 A,
1267 1365 1408 1406 headed
1436 1365 1621 1413 ‘Iohanni‚
1650 1366 1828 1418 episcopo

188 1425 379 1470 Massano,
400 1422 559 1462 nomine
578 1422 742 1462 Domini
761 1421 1020 1462 Bar-tholomei
1039 1421 1187 1462 Scalae.’

106 1526 362 1574 Reverende
386 1527 431 1572 in
457 1525 640 1573 Christo
663 1541 789 1586 pater
810 1540 852 1573 et
877 1525 1057 1573 domine
1083 1527 1157 1573 mi.
1185 1530 1233 1573 Io
1255 1525 1424 1587 piglero
1447 1526 1608 1573 sicurta
1632 1526 1746 1573 nella
1768 1541 1917 1573 vostra

104 1595 303 1655 Signoria
328 1612 409 1655 per
432 1594 474 1641 13
501 1593 618 1641 fama
644 1594 756 1641 della
780 1609 927 1641 vostra
955 1594 1183 1642 humanita
1210 1609 1252 1642 et
1276 1612 1357 1655 per
1383 1594 1531 1655 quello
1559 1594 1639 1642 che
1667 1595 1728 1641 mi
1758 1594 1812 1642 ha
1840 1595 1916 1656 qui

105 1662 326 1724 qualcuno
351 1677 528 1710 narrato
551 1662 668 1710 dello
691 1663 841 1710 animo
864 1677 1016 1710 vostro
1040 1663 1214 1710 inverso
1238 1662 1282 1710 di
1305 1681 1390 1719 me,
1415 1662 1459 1710 di
1482 1663 1562 1710 che
1584 1678 1711 1710 tanto
1732 1664 1776 1710 vi
1799 1678 1917 1711 resto

103 1731 180 1792 piu
199 1731 431 1791 oblighato
456 1731 635 1792 quando
656 1749 786 1778 sanza
808 1731 966 1778 alcuno
989 1732 1081 1778 mio
1106 1732 1266 1778 merito
1288 1731 1473 1778 intendo
1495 1750 1631 1779 essere
1656 1731 1913 1779 nell'animo

105 1799 217 1846 della
233 1800 431 1859 Signoria
449 1803 622 1846 Vostra.
644 1799 783 1846 Viene
804 1817 890 1846 con
910 1814 1061 1860 questa
1078 1803 1203 1846 Frate
1222 1800 1356 1855 Santi,
1375 1799 1414 1846 le
1434 1800 1604 1860 cagioni
1626 1799 1738 1847 della
1754 1814 1917 1846 venuta

103 1885 179 1915 sua
202 1867 475 1914 intenderete
497 1867 551 1914 da
570 1867 645 1924 lui,
669 1882 710 1914 et
732 1868 776 1914 io
800 1885 892 1914 non
906 1868 958 1914 ·vi
978 1867 1076 1915 saro
1100 1867 1340 1915 altrimenti
1361 1867 1533 1915 tedioso
1558 1867 1675 1915 nello
1697 1867 1912 1915 scriverle.

103 1935 354 1983 Solamente
379 1936 423 1982 vi
446 1935 632 1996 priegho
659 1935 738 1983 che
765 1935 878 1983 dove
903 1935 960 1996 gli
985 1950 1136 1996 potete
1163 1936 1263 1983 dare
1289 1935 1452 1992 favore,
1479 1936 1559 1983 che
1584 1954 1633 1983 so
1660 1936 1740 1983 che
1764 1951 1917 1997 potete

105 2003 248 2051 molto
269 2018 310 2051 et
331 2003 353 2050 ὲ
372 2003 657 2064 grandissima
675 2003 716 2050 la
734 2019 882 2051 vostra
900 2004 1128 2060 auctorita,
1149 2005 1455 2051 meritamente
1473 2022 1553 2065 per
1569 2004 1610 2052 la
1628 2019 1777 2052 vostra
1795 2004 1913 2051 virtu

104 2072 184 2120 che
202 2072 248 2119 lo
268 2071 494 2129 favoriate‚
515 2073 675 2120 aiutate
694 2087 735 2120 et
754 2072 991 2120 difendiate
1010 2072 1204 2120 secondo
1224 2072 1252 2119 il
1271 2073 1457 2134 bisogno
1481 2088 1523 2120 et
1542 2091 1565 2120 a
1583 2073 1806 2121 domanda
1824 2091 1912 2121 sua:

104 2142 148 2188 io
176 2159 229 2188 ne
258 2140 423 2188 restero
449 2140 538 2188 cosi
566 2140 823 2201 obblighato
851 2141 932 2188 alla
957 2145 1117 2188 Vostra
1141 2142 1339 2202 Signoria
1362 2160 1413 2189 ac
1435 2145 1525 2199 si[c]
1547 2145 1594 2189 in
1618 2160 1687 2189 me
1711 2141 1915 2202 conferres

103 2208 367 2269 beneficium.
401 2213 442 2255 A
471 2210 546 2256 voi
577 2210 638 2255 mi
668 2209 976 2266 raccomando,
1007 2224 1048 2257 et
1074 2210 1258 2270 priegho
1287 2210 1367 2257 che
1396 2228 1439 2257 se
1469 2211 1514 2256 in
1544 2210 1698 2257 alcuna
1725 2228 1825 2257 cosa
1852 2209 1911 2256 vi¹

100 2295 234 2337 posso
256 2278 432 2333 servire,
455 2278 516 2323 mi
539 2277 878 2324 commandiate.
901 2278 986 2324 Die
1010 2296 1132 2325 nono
1155 2278 1378 2325 Februarii
1406 2283 1523 2325 1481.

971 2419 1048 2461 135

569 2489 646 2528 To
668 2490 752 2528 AN
771 2489 1201 2528 UNIDENT1F1ED
1222 2490 1451 2529 PERSON

870 2559 892 2596 9
913 2559 1015 2607 May
1038 2559 1142 2596 1482

530 2651 614 2696 Mo,
635 2647 702 2688 fol.
725 2651 801 2689 12r.
821 2648 933 2689 Draft
953 2648 1004 2701 by
1022 2649 1149 2690 Scribe
1166 2651 1215 2689 A.
1235 2649 1479 2702 Incomplete.

219 2750 296 2798 Di¹
324 2770 394 2799 me
420 2753 465 2798 in
490 2752 750 2813 particulare
775 2753 818 2799 vi
841 2767 992 2813 potete
1015 2768 1285 2814 promettere
1310 2768 1430 2800 tutto
1455 2753 1603 2814 quello
1628 2753 1747 2800 ch'io
1771 2753 1915 2814 vaglio

102 2838 230 2867 come
259 2819 303 2867 di
332 2835 451 2868 tutto
479 2820 640 2881 meglio
669 2839 693 2868 a
719 2820 856 2868 bocca
884 2821 1155 2869 intenderete
1180 2821 1249 2869 dal
1277 2821 1538 2883 sopradecto
1566 2826 1691 2869 Frate
1718 2823 1853 2878 Santi,
1883 2821 1910 2868 il

102 2888 228 2949 quale
258 2889 301 2934 vi
334 2889 629 2936 raccomando
659 2890 838 2936 insieme
871 2908 957 2937 con
990 2908 1130 2947 meco3
1160 2890 1320 2951 perche
1352 2890 1374 2937 ὲ
1403 2891 1638 2938 sviscerato
1667 2891 1913 2951 partigiano

103 2956 215 3004 della
230 2961 390 3004 Vostra
407 2958 617 3017 Signoria.
638 2957 928 3005 Christofano
947 2973 1099 3005 vostro
1115 2959 1149 3005 si
1166 2973 1296 3019 porta
1313 2960 1388 3019 qui
1404 2977 1489 3005 con
1507 2977 1679 3006 somma
1698 2959 1914 3006 modestia

103 3039 144 3071 et
172 3024 421 3085 prudentia,
452 3026 497 3071 in
528 3025 667 3072 modo
696 3025 718 3073 ὲ
749 3041 896 3073 amato
924 3026 978 3073 da
1005 3027 1222 3082 ciascun03
1253 3041 1294 3074 et
1323 3026 1545 3074 l’autorita
1573 3026 1685 3074 della
1711 3028 1910 3087 Signoria

101 3097 275 3149 Vostra,
302 3093 482 3140 insieme
506 3097 573 3140 co'
595 3111 671 3140 sua
691 3095 976 3154 portamenti,
1000 3093 1136 3142 fanno
1159 3094 1238 3142 che
1261 3094 1493 3142 volentieri
1514 3094 1571 3155 gli
1593 3095 1772 3142 sarebbe
1795 3094 1913 3142 facto

105 3160 275 3207 honore
296 3175 338 3208 et
356 3162 526 3221 piacere
545 3162 590 3207 in
610 3161 758 3222 quello
779 3161 858 3209 che
878 3162 1113 3218 accadesse,
1132 3177 1174 3209 et
1193 3162 1371 3223 quando
1389 3163 1423 3210 si
1443 3177 1628 3223 potesse.
1651 3167 1699 3210 Io
1719 3163 1763 3209 in
1783 3163 1913 3223 parti-
