2118 3444
134 164 323 198 Pussmc
351 162 579 196 LETTERS
1849 151 1936 192 199

573 327 575 330 .
1028 303 1052 344 6

596 374 926 414 EXCUSATIO
950 372 1480 412 FLORENTINORUM²

852 444 898 480 11
922 443 1096 493 August
1120 444 1224 480 1478

215 539 306 577 ASF
334 537 445 576 Misc.
473 539 567 588 Rep.
595 540 629 583 4,
636 538 700 575 123
733 535 777 586 (-ι
809 534 906 586 MS),
932 535 1083 574 written
1112 549 1165 574 on
1191 533 1330 574 vellum
1360 533 1411 586 by
1437 533 1502 573 the
1527 533 1715 585 chancery
1739 533 1860 573 scribe

215 592 371 633 Andrea
387 591 425 632 di
442 591 624 638 Romolo,
644 590 764 631 scaled
782 590 855 631 and
870 589 1116 631 subscribed
1106 605 1145 629 ιιι
1161 589 1274 630 Scala'
1276 605 1293 630 s
1311 589 1530 652 autograph3
1534 584 1550 609 ¹³
1569 589 1627 629 ed.
1648 592 1737 629 1478
1758 587 1857 640 (Sc¹);

215 648 390 689 Adimari
411 647 512 699 (Ad),
536 650 688 694 171-96,
705 646 871 686 Fabroni
889 645 957 698 (F),
975 647 1011 694 ιι,
1035 649 1186 694 167-81,
1203 648 1350 686 Roscoe
1371 645 1502 697 (Ros),
1491 661 1515 693 1,
1533 644 1711 697 Append.
1730 645 1858 692 xxviii,

217 707 373 745 99—109.
395 703 458 743 Cf.
476 702 589 750 Scala,
612 706 658 743 84
676 705 765 751 [72]‚
786 716 876 742 note
898 706 956 750 65,
979 705 1117 742 158-59
1138 705 1348 750 [103-104].

131 808 318 868 Singulis
338 822 468 867 atque
485 807 698 854 universis
718 807 763 852 in
784 824 894 866 quos
914 806 1018 852 haec
1034 807 1194 866 scripta
1212 805 1444 852 inciderint
1464 806 1635 851 Priores
1654 804 1886 851 Libertatis
1905 819 1947 851 et

131 875 361 923 Vexillifer
386 875 577 922 Iustitiae
601 889 643 921 et
667 873 859 934 Populus
886 873 1166 921 Florentinus
1191 873 1388 920 salutem.
1417 877 1528 919 Rem
1551 890 1701 919 sumus
1728 873 1945 919 narraturi

132 943 259 992 adeo¹
285 943 527 991 inauditam
551 957 593 990 et
615 960 792 998 novam,
818 942 927 989 adeo
950 942 1135 989 alienam
1159 941 1211 988 ab
1236 942 1360 988 omni
1386 941 1577 988 humana
1601 955 1756 988 natura
1778 955 1820 988 et
1843 958 1944 987 con-

131 1012 363 1060 suetudine
382 1011 574 1067 vivendi,
591 1026 639 1058 ut
658 1010 766 1057 nihil
785 1010 1036 1057 dubitemus
1055 1028 1209 1057 omnes
1228 1010 1302 1070 qui
1318 1009 1534 1056 audierint
1552 1009 1840 1056 vehementer
1853 1023 1944 1056 tan-

132 1096 223 1128 tam
239 1081 518 1128 atrocitatem
534 1094 663 1140 atque
678 1080 1000 1126 immanitatem
1017 1079 1078 1125 rei
1094 1078 1396 1125 admiraturos.
1415 1082 1572 1125 Movet
1588 1092 1735 1125 autem
1751 1095 1832 1125 nos
1850 1095 1942 1124 non

132 1167 259 1197 causa
282 1148 420 1196 modo
444 1163 593 1195 nostra
616 1162 664 1195 ut
690 1147 794 1195 haec
814 1147 1102 1195 scriberemus
1126 1162 1167 1194 et
1191 1162 1296 1194 nota
1317 1146 1571 1203 faceremus,
1593 1145 1669 1193 sed
1692 1146 1944 1194 Christiana

132 1219 265 1265 etiam
287 1232 330 1264 et
350 1217 540 1278 publica,
566 1234 675 1277 quae
697 1215 902 1277 profecto
926 1215 990 1263 his
1012 1215 1390 1276 gubernatoribus,
1419 1215 1484 1262 his
1507 1215 1704 1262 moribus
1731 1214 1949 1262 dilabatur

131 1286 255 1333 brevi
274 1301 316 1333 et
334 1285 532 1332 funditus
552 1282 784 1345 dispereat²
804 1302 974 1331 necesse
994 1299 1069 1331 est.
1088 1287 1212 1331 Dum
1233 1285 1351 1331 enim
1372 1283 1592 1344 religionis
1613 1298 1786 1330 nostrae
1807 1283 1944 1330 hostis

130 1369 231 1416 post
251 1369 319 1401 tot
337 1368 566 1414 tantasque
583 1352 636 1400 de
654 1350 797 1400 nobis³
820 1352 953 1400 claras
969 1353 1187 1408 victorias,
1208 1353 1252 1398 in
1271 1351 1422 1399 limine
1442 1351 1619 1399 insultat
1638 1351 1783 1399 Italiae
1799 1369 1944 1412 super-

131 1423 334 1470 bissimus
358 1436 488 1482 atque
507 1421 946 1477 formidabilissimus‚
972 1421 1078 1468 dum
1100 1421 1302 1467 imminet
1324 1420 1564 1467 cervicibus
1586 1421 1746 1467 nostris
1766 1435 1808 1467 et
1827 1438 1944 1466 com-

133 1491 329 1537 minatur
349 1494 518 1536 Romae
539 1504 581 1536 et
600 1489 772 1536 nomini
796 1489 1052 1535 Christiano
1075 1488 1308 1544 excidium,
1330 1489 1473 1535 Sixtus
1494 1492 1722 1535 Romanus
1742 1487 1947 1548 pontifex

132 1573 174 1606 et
194 1558 254 1604 illi
274 1559 340 1605 sui
358 1557 568 1618 praeclari
588 1575 734 1604 rerum
755 1557 1130 1604 administratores
1147 1556 1474 1617 proditionibus
1496 1556 1601 1603 dant
1620 1574 1800 1617 operam
1818 1555 1946 1603 scele-

133 1627 370 1683 ratissimis;
406 1625 668 1673 insidiantur
697 1627 811 1673 vitae
842 1640 883 1673 et
912 1625 1103 1673 libertati
1130 1625 1415 1686 populorum;
1454 1626 1672 1672 incessunt
1705 1624 1947 1672 maledictis

132 1711 316 1743 cunctos
341 1695 498 1751 bonos3
529 1694 797 1742 interdicunt
820 1695 949 1742 sacris
973 1694 1215 1741 admodum
1241 1693 1554 1750 execrabiliter,
1578 1712 1626 1741 ac
1647 1693 1812 1740 bellum
1841 1692 1946 1740 infe·

133 1762 235 1811 runt
263 1763 540 1820 Christianis3
570 1778 612 1810 et
638 1762 960 1824 direptionibus
989 1777 1030 1810 et
1054 1762 1238 1824 praedae
1265 1777 1394 1823 atque
1421 1762 1646 1818 incendiis,
1676 1780 1942 1823 quocunque

132 1851 253 1880 arma
279 1847 561 1888 convertunt,
586 1850 671 1893 pro
696 1831 861 1879 viribus
891 1831 1124 1879 involvunt
1153 1831 1261 1878 nihil
1288 1832 1412 1892 pensi
1439 1846 1511 1878 aut
1537 1830 1693 1878 sancti⁴
1721 1830 1944 1887 habentes,

130 1901 207 1948 sed
222 1900 451 1948 foedantes
464 1901 616 1948 omnia
633 1900 781 1948 divina
795 1915 924 1961 atque
941 1900 1145 1956 humana,
1162 1900 1349 1948 barbaro
1364 1900 1513 1961 potius
1530 1899 1724 1961 quodam
1742 1914 1784 1947 et
1799 1898 1944 1947 ferino

132 1988 264 2031 quam
282 1969 430 2030 aliquo
449 1969 646 2016 humano
665 1987 802 2016 more.
821 1972 960 2016 Certo
975 1970 1134 2016 scimus
1154 1987 1245 2016 non
1262 1968 1387 2016 facile
1401 1968 1529 2016 fuisse
1548 1986 1628 2016 nos
1645 1969 1940 2016 assensionem

131 2038 368 2098 adepturos
391 2037 449 2084 ob
474 2052 565 2084 tam
588 2037 742 2084 nefarii
765 2037 969 2084 facinoris
993 2037 1356 2097 magnitudinem;
1379 2037 1455 2084 sed
1477 2036 1592 2084 fama
1614 2038 1674 2084 rei
1695 2052 1837 2113 gestae
1859 2037 1945 2083 iam

129 2124 210 2166 per
232 2106 487 2153 universum
515 2105 604 2152 fere
628 2105 783 2152 orbem
808 2105 980 2166 vulgata
1003 2106 1306 2182 patrocinatur
1326 2123 1433 2152 vero
1457 2120 1499 2152 et
1522 2104 1658 2152 fidem
1681 2106 1853 2165 scriptis
1879 2104 1943 2151 his

130 2174 426 2235 pulcherrime
432 2188 663 2249 procurat.
682 2173 822 2233 Quod
836 2175 871 2220 si
888 2192 939 2220 ex
954 2174 1107 2234 primis
1125 2192 1300 2234 quoque
1316 2173 1529 2220 scelerum
1546 2174 1755 2220 ministris
1773 2173 1948 2220 audien·

131 2257 205 2289 tur
226 2260 275 2288 ea
295 2260 405 2302 quae
430 2242 523 2302 ipsi,
550 2260 651 2288 cum
677 2243 722 2287 in
746 2256 914 2288 nostras
939 2241 1212 2288 devenissent
1236 2259 1404 2297 manus,
1430 2242 1634 2288 morituri
1659 2241 1757 2288 fassi
1778 2256 1880 2288 sunt
1906 2256 1947 2288 et

131 2309 427 2370 chirographo
453 2327 534 2356 suo
558 2309 833 2356 tradiderunt
857 2310 998 2365 nobis,
1024 2310 1105 2356 erit
1125 2309 1330 2370 profecto
1354 2309 1470 2370 apud
1491 2327 1570 2356 vos
1596 2310 1720 2356 omni
1746 2327 1799 2356 ex
1819 2324 1944 2369 parte

211 2544 224 2558 ²
240 2540 400 2577 Written
414 2553 449 2577 as
468 2553 488 2577 a
503 2538 610 2577 letter
624 2551 759 2588 patent,
776 2538 960 2577 addressed
978 2539 1165 2588 primarily
1182 2551 1221 2577 to
1238 2539 1300 2577 the
1318 2553 1485 2588 emperor
1502 2538 1692 2577 Frederick
1709 2542 1756 2576 ΠΙ
1772 2538 1843 2576 and
1860 2538 1947 2587 king

131 2593 240 2629 Louis
259 2595 310 2628 XI
328 2591 369 2629 of
387 2595 519 2629 France
538 2591 643 2640 (both
662 2591 817 2629 referred
834 2604 874 2629 to
893 2593 931 2628 in
950 2591 1012 2630 the
1029 2591 1157 2640 letter),
1176 2604 1216 2630 to
1236 2592 1280 2630 be
1296 2591 1442 2641 printed
1459 2591 1530 2630 and
1548 2591 1740 2629 circulated
1756 2591 1892 2629 abroad
1910 2605 1946 2629 as

129 2643 359 2692 propaganda
378 2656 412 2682 at
429 2643 492 2681 the
511 2656 630 2682 outset
647 2643 689 2681 of
702 2643 765 2681 the
784 2645 887 2682 Pazzi
904 2647 991 2682 War
1006 2656 1045 2682 to
1066 2656 1218 2682 counter
1233 2644 1296 2682 the
1309 2658 1408 2693 pope
1412 2646 1438 2682 's
1458 2643 1741 2693 ‘justificationiss
1759 2643 1947 2692 especially

131 2697 186 2735 his
204 2697 350 2746 printed
367 2698 724 2735 excommunication
741 2697 783 2735 of
799 2700 962 2735 Lorenzo
983 2697 1024 2735 of
1043 2701 1057 2734 1
1075 2701 1178 2745 June,
1199 2697 1346 2746 ‘quale
1332 2711 1351 2735 e
1367 2709 1456 2735 stata
1474 2709 1577 2746 posta
1595 2698 1635 2734 in
1651 2709 1790 2746 stampa
1809 2711 1829 2735 a
1845 2709 1943 2735 tutto

131 2749 156 2786 il
171 2749 325 2787 mondo'
344 2749 461 2797 (Scala,
482 2753 545 2787 159
562 2752 667 2795 [111],
685 2762 772 2787 note
788 2749 855 2798 68).
875 2753 905 2787 It
919 2751 1083 2787 contains
1098 2764 1117 2788 a
1131 2751 1323 2798 transcript
1336 2749 1378 2787 of
1389 2749 1451 2787 the
1467 2749 1673 2787 confession
1688 2748 1729 2787 of
1743 2763 1815 2787 one
1830 2748 1871 2787 of
1882 2748 1946 2787 the

131 2802 385 2850 conspirator-s,
410 2802 700 2839 Giovanbattista
720 2801 765 2839 da
788 2805 1019 2839 Montesecco
1045 2801 1211 2849 (omitted
1235 2801 1319 2839 here
1342 2802 1407 2839 but
1430 2801 1655 2839 contained'
1645 2815 1685 2838 m
1706 2801 1769 2839 the
1792 2801 1947 2839 editions

131 2853 287 2891 referred
303 2866 343 2891 to
362 2853 501 2902 above).
520 2855 583 2891 See
600 2853 705 2897 Scala,
727 2857 985 2898 84—87,158-59
1005 2857 1259 2900 [55,103-104],
1281 2857 1457 2897 Lorenzo,
1474 2856 1614 2897 Latere,
1634 2856 1691 2897 HJ,
1713 2857 1834 2891 11-13.

211 2906 227 2931 *²
251 2913 481 2961 Misc.Rep.4,
508 2913 618 2950 insert
647 2916 722 2956 12³,
748 2913 775 2950 is
801 2927 820 2950 a
844 2924 1124 2961 contemporary
1148 2912 1324 2961 chancery
1349 2913 1540 2961 transcript
1563 2912 1605 2950 of
1626 2911 1697 2950 this
1724 2913 1869 2960 writing
1892 2926 1944 2949 on

132 2963 266 3001 vellum
286 2964 460 3012 prepared
477 2964 538 3001 for
555 2964 725 3013 despatch
746 2979 781 3002 as
802 2979 822 3002 a
838 2964 1090 3013 letter-patent,
1109 2964 1232 3012 signed
1253 2965 1302 3013 by
1322 2964 1418 3002 Scala
1436 2964 1507 3002 and
1524 2964 1640 3002 sealed
1660 2963 1752 3001 with
1769 2963 1862 3001 both
1882 2963 1945 3001 the

130 3016 225 3065 large
246 3017 455 3054 communal
478 3017 553 3054 Sea]
575 3017 617 3054 of
637 3017 809 3055 Hercules
832 3017 902 3055 and
922 3017 985 3055 the
1006 3019 1196 3066 Signoria’s
1216 3017 1318 3055 small
1339 3017 1409 3055 seal
1433 3017 1523 3054 with
1542 3017 1605 3055 the
1626 3017 1702 3065 lily.
1726 3020 1756 3054 It
1776 3016 1838 3054 has
1860 3031 1947 3054 now

130 3068 361 3117 disappeared
378 3068 476 3106 from
495 3068 558 3106 the
575 3068 658 3106 filza
676 3068 747 3107 and
764 3072 778 3105 I
796 3069 886 3107 have
902 3069 1083 3107 therefore
1102 3070 1193 3107 been
1210 3068 1287 3107 able
1305 3081 1345 3106 to
1364 3068 1491 3106 collate
1509 3070 1537 3106 it
1556 3068 1646 3117 only
1663 3068 1760 3106 from
1780 3082 1800 3106 a
1816 3068 1947 3117 photo-

132 3134 228 3169 copy
245 3119 287 3158 of
301 3120 364 3158 the
382 3128 484 3169 pag'es
502 3120 693 3169 following
710 3120 772 3158 the
789 3120 994 3159 confession
1013 3121 1113 3169 (MS).
