<?xml version="1.0" encoding="UTF-8"?>
<!DOCTYPE html PUBLIC "-//W3C//DTD XHTML 1.0 Transitional//EN"
    "http://www.w3.org/TR/xhtml1/DTD/xhtml1-transitional.dtd">
<html xmlns="http://www.w3.org/1999/xhtml" xml:lang="en" lang="en">
 <head>
  <title>
</title>
<meta http-equiv="Content-Type" content="text/html;charset=utf-8" />
  <meta name='ocr-system' content='tesseract 3.04.00' />
  <meta name='ocr-capabilities' content='ocr_page ocr_carea ocr_par ocr_line ocrx_word'/>
</head>
<body>
  <div class='ocr_page' id='page_1' title='image "bartolomeoscalah00scaluoft_0147.png"; bbox 0 0 2124 3464; ppageno 0'>
   <div class='ocr_carea' id='block_1_1' title="bbox 131 170 1931 215">
    <p class='ocr_par' dir='ltr' id='par_1_1' title="bbox 131 170 1931 215">
     <span class='ocr_line' id='line_1_1' title="bbox 131 170 1931 215; baseline -0.003 0"><span class='ocrx_word' id='word_1_1' title='bbox 131 180 361 215; x_wconf 85' lang='lat' dir='ltr'>PRIVATE</span> <span class='ocrx_word' id='word_1_2' title='bbox 387 179 614 213; x_wconf 85' lang='lat' dir='ltr'>LETTERS</span> <span class='ocrx_word' id='word_1_3' title='bbox 1843 170 1931 210; x_wconf 89' lang='lat'>107</span> 
     </span>
    </p>
   </div>
   <div class='ocr_carea' id='block_1_2' title="bbox 234 321 1832 499">
    <p class='ocr_par' dir='ltr' id='par_1_2' title="bbox 234 321 1832 499">
     <span class='ocr_line' id='line_1_2' title="bbox 999 321 1076 362; baseline 0.013 -1"><span class='ocrx_word' id='word_1_4' title='bbox 999 321 1076 362; x_wconf 87' lang='lat'>118</span> 
     </span>
     <span class='ocr_line' id='line_1_3' title="bbox 234 391 1832 442; baseline -0.003 -9"><span class='ocrx_word' id='word_1_5' title='bbox 234 394 312 433; x_wconf 89' lang='lat' dir='ltr'>TO</span> <span class='ocrx_word' id='word_1_6' title='bbox 336 394 638 442; x_wconf 86' lang='lat' dir='ltr'><strong>[GABRIELE</strong></span> <span class='ocrx_word' id='word_1_7' title='bbox 657 392 1006 437; x_wconf 83' lang='lat' dir='ltr'>MALASPINA,</span> <span class='ocrx_word' id='word_1_8' title='bbox 1027 391 1340 430; x_wconf 84' lang='lat' dir='ltr'>MARCHESE</span> <span class='ocrx_word' id='word_1_9' title='bbox 1360 391 1423 429; x_wconf 94' lang='lat' dir='ltr'>DI</span> <span class='ocrx_word' id='word_1_10' title='bbox 1444 391 1832 438; x_wconf 76' lang='lat' dir='ltr'>FOSDINovor</span> 
     </span>
     <span class='ocr_line' id='line_1_4' title="bbox 838 458 1232 499; baseline -0.003 0"><span class='ocrx_word' id='word_1_11' title='bbox 838 462 886 498; x_wconf 86' lang='lat'>12</span> <span class='ocrx_word' id='word_1_12' title='bbox 910 458 1107 499; x_wconf 88' lang='lat' dir='ltr'>October</span> <span class='ocrx_word' id='word_1_13' title='bbox 1131 461 1232 499; x_wconf 84' lang='grc'><strong>1481</strong></span> 
     </span>
    </p>
   </div>
   <div class='ocr_carea' id='block_1_3' title="bbox 680 551 1385 604">
    <p class='ocr_par' dir='ltr' id='par_1_3' title="bbox 680 551 1385 604">
     <span class='ocr_line' id='line_1_5' title="bbox 680 551 1385 604; baseline 0 -12"><span class='ocrx_word' id='word_1_14' title='bbox 680 554 766 592; x_wconf 84' lang='lat' dir='ltr'>Min</span> <span class='ocrx_word' id='word_1_15' title='bbox 789 556 844 600; x_wconf 93' lang='lat'>12,</span> <span class='ocrx_word' id='word_1_16' title='bbox 865 552 931 593; x_wconf 85' lang='lat' dir='ltr'>fol.</span> <span class='ocrx_word' id='word_1_17' title='bbox 955 555 1035 592; x_wconf 91' lang='lat' dir='ltr'>l7v.</span> <span class='ocrx_word' id='word_1_18' title='bbox 1057 551 1258 604; x_wconf 89' lang='lat' dir='ltr'>Chancery</span> <span class='ocrx_word' id='word_1_19' title='bbox 1276 551 1385 592; x_wconf 80' lang='lat' dir='ltr'>draft.</span> 
     </span>
    </p>
   </div>
   <div class='ocr_carea' id='block_1_4' title="bbox 129 649 1942 1657">
    <p class='ocr_par' dir='ltr' id='par_1_4' title="bbox 129 649 1942 1657">
     <span class='ocr_line' id='line_1_6' title="bbox 130 649 1940 718; baseline -0.002 -13"><span class='ocrx_word' id='word_1_20' title='bbox 130 657 368 718; x_wconf 84' lang='lat' dir='ltr'>Magnifice</span> <span class='ocrx_word' id='word_1_21' title='bbox 394 657 574 704; x_wconf 93' lang='lat' dir='ltr'>domine</span> <span class='ocrx_word' id='word_1_22' title='bbox 600 657 661 702; x_wconf 89' lang='lat' dir='ltr'>mi</span> <span class='ocrx_word' id='word_1_23' title='bbox 684 656 1031 716; x_wconf 90' lang='lat' dir='ltr'>singularissime.</span> <span class='ocrx_word' id='word_1_24' title='bbox 1060 655 1109 702; x_wconf 89' lang='lat' dir='ltr'>El</span> <span class='ocrx_word' id='word_1_25' title='bbox 1133 670 1255 716; x_wconf 89' lang='lat' dir='ltr'>prete</span> <span class='ocrx_word' id='word_1_26' title='bbox 1278 649 1448 702; x_wconf 83' lang='lat' dir='ltr'>vostrob</span> <span class='ocrx_word' id='word_1_27' title='bbox 1475 654 1684 702; x_wconf 89' lang='lat' dir='ltr'>mandato</span> <span class='ocrx_word' id='word_1_28' title='bbox 1707 669 1837 701; x_wconf 89' lang='lat' dir='ltr'>torna</span> <span class='ocrx_word' id='word_1_29' title='bbox 1859 654 1940 702; x_wconf 92' lang='lat' dir='ltr'>alla</span> 
     </span>
     <span class='ocr_line' id='line_1_7' title="bbox 130 722 1939 787; baseline -0.002 -14"><span class='ocrx_word' id='word_1_30' title='bbox 130 726 328 787; x_wconf 90' lang='lat' dir='ltr'>Signoria</span> <span class='ocrx_word' id='word_1_31' title='bbox 349 729 523 781; x_wconf 92' lang='lat' dir='ltr'>Vostra;</span> <span class='ocrx_word' id='word_1_32' title='bbox 546 724 567 772; x_wconf 85' lang='grc' dir='ltr'>ὲ</span> <span class='ocrx_word' id='word_1_33' title='bbox 587 739 833 786; x_wconf 90' lang='lat' dir='ltr'>soprastato</span> <span class='ocrx_word' id='word_1_34' title='bbox 854 723 1013 785; x_wconf 77' lang='lat' dir='ltr'>perche</span> <span class='ocrx_word' id='word_1_35' title='bbox 1034 723 1218 771; x_wconf 88' lang='lat' dir='ltr'>l’Uficio</span> <span class='ocrx_word' id='word_1_36' title='bbox 1240 723 1341 771; x_wconf 90' lang='lat' dir='ltr'>delli</span> <span class='ocrx_word' id='word_1_37' title='bbox 1362 727 1479 771; x_wconf 92' lang='lat' dir='ltr'>Otto</span> <span class='ocrx_word' id='word_1_38' title='bbox 1500 741 1591 770; x_wconf 92' lang='lat' dir='ltr'>non</span> <span class='ocrx_word' id='word_1_39' title='bbox 1612 723 1647 770; x_wconf 89' lang='lat' dir='ltr'>si</span> <span class='ocrx_word' id='word_1_40' title='bbox 1670 722 1691 770; x_wconf 83' lang='grc' dir='ltr'>ὲ</span> <span class='ocrx_word' id='word_1_41' title='bbox 1713 723 1799 770; x_wconf 90' lang='lat' dir='ltr'>mai</span> <span class='ocrx_word' id='word_1_42' title='bbox 1820 741 1939 783; x_wconf 92' lang='lat' dir='ltr'>ragu-</span> 
     </span>
     <span class='ocr_line' id='line_1_8' title="bbox 132 790 1938 854; baseline -0.002 -13"><span class='ocrx_word' id='word_1_43' title='bbox 132 809 251 850; x_wconf 91' lang='lat' dir='ltr'>nato‚</span> <span class='ocrx_word' id='word_1_44' title='bbox 275 793 328 841; x_wconf 74' lang='lat' dir='ltr'>ne</span> <span class='ocrx_word' id='word_1_45' title='bbox 352 793 545 841; x_wconf 85' lang='lat' dir='ltr'>anchora</span> <span class='ocrx_word' id='word_1_46' title='bbox 565 794 599 840; x_wconf 92' lang='lat' dir='ltr'>si</span> <span class='ocrx_word' id='word_1_47' title='bbox 622 793 644 840; x_wconf 85' lang='grc' dir='ltr'>ὲ</span> <span class='ocrx_word' id='word_1_48' title='bbox 664 807 828 854; x_wconf 90' lang='lat' dir='ltr'>potuto</span> <span class='ocrx_word' id='word_1_49' title='bbox 851 792 1007 839; x_wconf 88' lang='lat' dir='ltr'>havere</span> <span class='ocrx_word' id='word_1_50' title='bbox 1028 793 1172 839; x_wconf 90' lang='lat' dir='ltr'>intero</span> <span class='ocrx_word' id='word_1_51' title='bbox 1192 810 1271 853; x_wconf 92' lang='lat' dir='ltr'>per</span> <span class='ocrx_word' id='word_1_52' title='bbox 1291 791 1429 839; x_wconf 88' lang='lat' dir='ltr'>modo</span> <span class='ocrx_word' id='word_1_53' title='bbox 1451 792 1486 839; x_wconf 93' lang='lat' dir='ltr'>si</span> <span class='ocrx_word' id='word_1_54' title='bbox 1507 792 1569 838; x_wconf 91' lang='lat' dir='ltr'>sia</span> <span class='ocrx_word' id='word_1_55' title='bbox 1587 806 1750 852; x_wconf 91' lang='lat' dir='ltr'>potuto</span> <span class='ocrx_word' id='word_1_56' title='bbox 1773 790 1862 838; x_wconf 83' lang='lat' dir='ltr'>fare</span> <span class='ocrx_word' id='word_1_57' title='bbox 1883 791 1938 838; x_wconf 91' lang='lat' dir='ltr'>al-</span> 
     </span>
     <span class='ocr_line' id='line_1_9' title="bbox 131 859 1939 920; baseline -0.002 -11"><span class='ocrx_word' id='word_1_58' title='bbox 131 880 244 909; x_wconf 90' lang='lat' dir='ltr'>cuna</span> <span class='ocrx_word' id='word_1_59' title='bbox 265 861 593 909; x_wconf 88' lang='lat' dir='ltr'>deliberatione.</span> <span class='ocrx_word' id='word_1_60' title='bbox 614 865 693 908; x_wconf 91' lang='lat' dir='ltr'>Ma</span> <span class='ocrx_word' id='word_1_61' title='bbox 713 861 773 907; x_wconf 90' lang='lat' dir='ltr'>mi</span> <span class='ocrx_word' id='word_1_62' title='bbox 795 878 908 907; x_wconf 92' lang='lat' dir='ltr'>sono</span> <span class='ocrx_word' id='word_1_63' title='bbox 931 861 1164 920; x_wconf 89' lang='lat' dir='ltr'>ingegnato</span> <span class='ocrx_word' id='word_1_64' title='bbox 1187 878 1272 906; x_wconf 94' lang='lat' dir='ltr'>con</span> <span class='ocrx_word' id='word_1_65' title='bbox 1295 859 1438 920; x_wconf 91' lang='lat' dir='ltr'>quella</span> <span class='ocrx_word' id='word_1_66' title='bbox 1456 874 1579 920; x_wconf 91' lang='lat' dir='ltr'>parte</span> <span class='ocrx_word' id='word_1_67' title='bbox 1599 860 1634 906; x_wconf 91' lang='lat' dir='ltr'>si</span> <span class='ocrx_word' id='word_1_68' title='bbox 1655 877 1768 906; x_wconf 88' lang='lat' dir='ltr'>sono</span> <span class='ocrx_word' id='word_1_69' title='bbox 1790 860 1939 919; x_wconf 89' lang='lat' dir='ltr'>potuti</span> 
     </span>
     <span class='ocr_line' id='line_1_10' title="bbox 132 926 1939 989; baseline -0.002 -13"><span class='ocrx_word' id='word_1_70' title='bbox 132 930 289 977; x_wconf 88' lang='lat' dir='ltr'>havere</span> <span class='ocrx_word' id='word_1_71' title='bbox 315 946 523 989; x_wconf 89' lang='lat' dir='ltr'>ragunare</span> <span class='ocrx_word' id='word_1_72' title='bbox 551 928 744 976; x_wconf 91' lang='lat' dir='ltr'>anchora</span> <span class='ocrx_word' id='word_1_73' title='bbox 768 927 951 989; x_wconf 88' lang='lat' dir='ltr'>qualche</span> <span class='ocrx_word' id='word_1_74' title='bbox 976 945 1068 975; x_wconf 93' lang='lat' dir='ltr'>uno</span> <span class='ocrx_word' id='word_1_75' title='bbox 1095 927 1196 975; x_wconf 90' lang='lat' dir='ltr'>delli</span> <span class='ocrx_word' id='word_1_76' title='bbox 1221 927 1319 974; x_wconf 91' lang='lat' dir='ltr'>altri</span> <span class='ocrx_word' id='word_1_77' title='bbox 1344 926 1544 974; x_wconf 89' lang='lat' dir='ltr'>cittadini</span> <span class='ocrx_word' id='word_1_78' title='bbox 1570 926 1682 974; x_wconf 92' lang='lat' dir='ltr'>della</span> <span class='ocrx_word' id='word_1_79' title='bbox 1704 927 1874 974; x_wconf 86' lang='lat' dir='ltr'>Pratica</span> <span class='ocrx_word' id='word_1_80' title='bbox 1897 941 1939 974; x_wconf 90' lang='lat' dir='ltr'>et</span> 
     </span>
     <span class='ocr_line' id='line_1_11' title="bbox 131 994 1936 1058; baseline -0.002 -13"><span class='ocrx_word' id='word_1_81' title='bbox 131 998 210 1045; x_wconf 74' lang='lat' dir='ltr'>essi</span> <span class='ocrx_word' id='word_1_82' title='bbox 236 997 350 1045; x_wconf 85' lang='lat' dir='ltr'>facta</span> <span class='ocrx_word' id='word_1_83' title='bbox 372 997 412 1044; x_wconf 93' lang='grc'>13</span> <span class='ocrx_word' id='word_1_84' title='bbox 436 997 710 1058; x_wconf 84' lang='lat' dir='ltr'>infrascripta</span> <span class='ocrx_word' id='word_1_85' title='bbox 735 996 1048 1044; x_wconf 91' lang='lat' dir='ltr'>deliberatione</span> <span class='ocrx_word' id='word_1_86' title='bbox 1073 996 1118 1042; x_wconf 92' lang='lat' dir='ltr'>in</span> <span class='ocrx_word' id='word_1_87' title='bbox 1144 1010 1299 1057; x_wconf 88' lang='lat' dir='ltr'>questo</span> <span class='ocrx_word' id='word_1_88' title='bbox 1323 1013 1422 1042; x_wconf 87' lang='lat' dir='ltr'>caso</span> <span class='ocrx_word' id='word_1_89' title='bbox 1447 995 1491 1042; x_wconf 93' lang='lat' dir='ltr'>di</span> <span class='ocrx_word' id='word_1_90' title='bbox 1515 994 1782 1042; x_wconf 89' lang='lat' dir='ltr'>Falcinello.¹</span> <span class='ocrx_word' id='word_1_91' title='bbox 1810 994 1936 1051; x_wconf 74' lang='lat' dir='ltr'>Cioe,</span> 
     </span>
     <span class='ocr_line' id='line_1_12' title="bbox 131 1063 1938 1126; baseline -0.002 -13"><span class='ocrx_word' id='word_1_92' title='bbox 131 1066 211 1114; x_wconf 92' lang='lat' dir='ltr'>che</span> <span class='ocrx_word' id='word_1_93' title='bbox 228 1066 269 1113; x_wconf 93' lang='grc'>13</span> <span class='ocrx_word' id='word_1_94' title='bbox 285 1066 483 1126; x_wconf 88' lang='lat' dir='ltr'>Signoria</span> <span class='ocrx_word' id='word_1_95' title='bbox 500 1069 660 1113; x_wconf 90' lang='lat' dir='ltr'>Vostra</span> <span class='ocrx_word' id='word_1_96' title='bbox 678 1083 769 1112; x_wconf 93' lang='lat' dir='ltr'>non</span> <span class='ocrx_word' id='word_1_97' title='bbox 787 1065 848 1112; x_wconf 89' lang='lat' dir='ltr'>sia</span> <span class='ocrx_word' id='word_1_98' title='bbox 863 1064 939 1125; x_wconf 79' lang='lat' dir='ltr'>piu</span> <span class='ocrx_word' id='word_1_99' title='bbox 957 1079 1131 1125; x_wconf 90' lang='lat' dir='ltr'>gravata</span> <span class='ocrx_word' id='word_1_100' title='bbox 1147 1064 1191 1111; x_wconf 93' lang='lat' dir='ltr'>di</span> <span class='ocrx_word' id='word_1_101' title='bbox 1207 1063 1437 1124; x_wconf 90' lang='lat' dir='ltr'>guardarlo</span> <span class='ocrx_word' id='word_1_102' title='bbox 1455 1078 1497 1111; x_wconf 89' lang='lat' dir='ltr'>et</span> <span class='ocrx_word' id='word_1_103' title='bbox 1513 1063 1745 1111; x_wconf 89' lang='lat' dir='ltr'>lascierassi</span> <span class='ocrx_word' id='word_1_104' title='bbox 1761 1063 1802 1110; x_wconf 92' lang='lat' dir='ltr'>la</span> <span class='ocrx_word' id='word_1_105' title='bbox 1818 1081 1938 1124; x_wconf 90' lang='lat' dir='ltr'>guar—</span> 
     </span>
     <span class='ocr_line' id='line_1_13' title="bbox 131 1131 1941 1190; baseline -0.002 -9"><span class='ocrx_word' id='word_1_106' title='bbox 131 1134 201 1182; x_wconf 90' lang='lat' dir='ltr'>dia</span> <span class='ocrx_word' id='word_1_107' title='bbox 225 1134 362 1181; x_wconf 88' lang='lat' dir='ltr'>libera</span> <span class='ocrx_word' id='word_1_108' title='bbox 387 1133 458 1181; x_wconf 91' lang='lat' dir='ltr'>alli</span> <span class='ocrx_word' id='word_1_109' title='bbox 483 1133 700 1190; x_wconf 88' lang='lat' dir='ltr'>huomini,</span> <span class='ocrx_word' id='word_1_110' title='bbox 729 1132 987 1180; x_wconf 87' lang='lat' dir='ltr'>stimandosi</span> <span class='ocrx_word' id='word_1_111' title='bbox 1015 1132 1095 1180; x_wconf 91' lang='lat' dir='ltr'>che</span> <span class='ocrx_word' id='word_1_112' title='bbox 1122 1132 1149 1179; x_wconf 91' lang='lat' dir='ltr'>il</span> <span class='ocrx_word' id='word_1_113' title='bbox 1176 1147 1387 1180; x_wconf 88' lang='lat' dir='ltr'>mostrare</span> <span class='ocrx_word' id='word_1_114' title='bbox 1412 1131 1509 1179; x_wconf 85' lang='lat' dir='ltr'>fede</span> <span class='ocrx_word' id='word_1_115' title='bbox 1535 1132 1580 1178; x_wconf 92' lang='lat' dir='ltr'>in</span> <span class='ocrx_word' id='word_1_116' title='bbox 1606 1131 1705 1179; x_wconf 89' lang='lat' dir='ltr'>loro</span> <span class='ocrx_word' id='word_1_117' title='bbox 1732 1131 1891 1179; x_wconf 86' lang='lat' dir='ltr'>habbia</span> <span class='ocrx_word' id='word_1_118' title='bbox 1917 1149 1941 1179; x_wconf 90' lang='lat' dir='ltr'>a</span> 
     </span>
     <span class='ocr_line' id='line_1_14' title="bbox 129 1195 1941 1263; baseline -0.002 -13"><span class='ocrx_word' id='word_1_119' title='bbox 129 1204 337 1263; x_wconf 86' lang='lat' dir='ltr'>giovare.c</span> <span class='ocrx_word' id='word_1_120' title='bbox 358 1202 414 1249; x_wconf 82' lang='lat' dir='ltr'>Al</span> <span class='ocrx_word' id='word_1_121' title='bbox 438 1203 659 1263; x_wconf 90' lang='lat' dir='ltr'>Capitano</span> <span class='ocrx_word' id='word_1_122' title='bbox 681 1201 718 1249; x_wconf 88' lang='lat' dir='ltr'>al</span> <span class='ocrx_word' id='word_1_123' title='bbox 740 1195 1007 1249; x_wconf 82' lang='lat' dir='ltr'>Serzanellod</span> <span class='ocrx_word' id='word_1_124' title='bbox 1026 1201 1331 1248; x_wconf 73' lang='lat' dir='ltr'>scriverro—et</span> <span class='ocrx_word' id='word_1_125' title='bbox 1352 1219 1533 1248; x_wconf 92' lang='lat' dir='ltr'>saranne</span> <span class='ocrx_word' id='word_1_126' title='bbox 1554 1215 1806 1261; x_wconf 88' lang='lat' dir='ltr'>aportatore</span> <span class='ocrx_word' id='word_1_127' title='bbox 1828 1200 1941 1247; x_wconf 92' lang='lat' dir='ltr'>della</span> 
     </span>
     <span class='ocr_line' id='line_1_15' title="bbox 129 1268 1936 1331; baseline -0.002 -13"><span class='ocrx_word' id='word_1_128' title='bbox 129 1270 285 1318; x_wconf 89' lang='lat' dir='ltr'>lettera</span> <span class='ocrx_word' id='word_1_129' title='bbox 303 1270 330 1316; x_wconf 91' lang='lat' dir='ltr'>il</span> <span class='ocrx_word' id='word_1_130' title='bbox 352 1285 475 1331; x_wconf 93' lang='lat' dir='ltr'>prete</span> <span class='ocrx_word' id='word_1_131' title='bbox 495 1269 777 1317; x_wconf 89' lang='lat' dir='ltr'>vostro—che</span> <span class='ocrx_word' id='word_1_132' title='bbox 800 1270 834 1316; x_wconf 94' lang='lat' dir='ltr'>si</span> <span class='ocrx_word' id='word_1_133' title='bbox 857 1269 1130 1316; x_wconf 84' lang='lat' dir='ltr'>transferisca</span> <span class='ocrx_word' id='word_1_134' title='bbox 1149 1287 1172 1316; x_wconf 90' lang='lat' dir='ltr'>a</span> <span class='ocrx_word' id='word_1_135' title='bbox 1191 1268 1428 1316; x_wconf 89' lang='lat' dir='ltr'>Falcinello</span> <span class='ocrx_word' id='word_1_136' title='bbox 1450 1283 1491 1316; x_wconf 92' lang='lat' dir='ltr'>et</span> <span class='ocrx_word' id='word_1_137' title='bbox 1512 1268 1677 1315; x_wconf 90' lang='lat' dir='ltr'>licentii</span> <span class='ocrx_word' id='word_1_138' title='bbox 1699 1268 1738 1315; x_wconf 91' lang='lat' dir='ltr'>le</span> <span class='ocrx_word' id='word_1_139' title='bbox 1759 1268 1936 1328; x_wconf 88' lang='lat' dir='ltr'>guardie</span> 
     </span>
     <span class='ocr_line' id='line_1_16' title="bbox 130 1336 1937 1398; baseline -0.001 -13"><span class='ocrx_word' id='word_1_140' title='bbox 130 1353 276 1386; x_wconf 85' lang='lat' dir='ltr'>vostre</span> <span class='ocrx_word' id='word_1_141' title='bbox 299 1353 340 1385; x_wconf 91' lang='lat' dir='ltr'>et</span> <span class='ocrx_word' id='word_1_142' title='bbox 362 1338 463 1385; x_wconf 89' lang='lat' dir='ltr'>lasci</span> <span class='ocrx_word' id='word_1_143' title='bbox 483 1338 524 1385; x_wconf 92' lang='lat' dir='ltr'>la</span> <span class='ocrx_word' id='word_1_144' title='bbox 544 1337 721 1398; x_wconf 89' lang='lat' dir='ltr'>guardia</span> <span class='ocrx_word' id='word_1_145' title='bbox 742 1355 765 1384; x_wconf 92' lang='lat' dir='ltr'>a</span> <span class='ocrx_word' id='word_1_146' title='bbox 786 1337 884 1384; x_wconf 91' lang='lat' dir='ltr'>loro</span> <span class='ocrx_word' id='word_1_147' title='bbox 906 1337 1204 1384; x_wconf 89' lang='lat' dir='ltr'>liberamente.</span> <span class='ocrx_word' id='word_1_148' title='bbox 1228 1341 1454 1384; x_wconf 90' lang='lat' dir='ltr'>Haveteve</span> <span class='ocrx_word' id='word_1_149' title='bbox 1475 1336 1640 1384; x_wconf 89' lang='lat' dir='ltr'>havuto</span> <span class='ocrx_word' id='word_1_150' title='bbox 1662 1354 1754 1383; x_wconf 94' lang='lat' dir='ltr'>uno</span> <span class='ocrx_word' id='word_1_151' title='bbox 1776 1336 1937 1396; x_wconf 91' lang='lat' dir='ltr'>grande</span> 
     </span>
     <span class='ocr_line' id='line_1_17' title="bbox 131 1404 1939 1466; baseline -0.002 -13"><span class='ocrx_word' id='word_1_152' title='bbox 131 1407 346 1453; x_wconf 90' lang='lat' dir='ltr'>isconscio</span> <span class='ocrx_word' id='word_1_153' title='bbox 372 1421 413 1452; x_wconf 93' lang='lat' dir='ltr'>et</span> <span class='ocrx_word' id='word_1_154' title='bbox 436 1405 598 1466; x_wconf 88' lang='lat' dir='ltr'>grande</span> <span class='ocrx_word' id='word_1_155' title='bbox 621 1423 756 1465; x_wconf 92' lang='lat' dir='ltr'>spesa,</span> <span class='ocrx_word' id='word_1_156' title='bbox 783 1423 854 1452; x_wconf 91' lang='lat' dir='ltr'>ma</span> <span class='ocrx_word' id='word_1_157' title='bbox 876 1423 926 1451; x_wconf 95' lang='lat' dir='ltr'>so</span> <span class='ocrx_word' id='word_1_158' title='bbox 950 1405 1029 1451; x_wconf 95' lang='lat' dir='ltr'>che</span> <span class='ocrx_word' id='word_1_159' title='bbox 1055 1404 1140 1451; x_wconf 86' lang='lat' dir='ltr'>fate</span> <span class='ocrx_word' id='word_1_160' title='bbox 1163 1405 1395 1451; x_wconf 91' lang='lat' dir='ltr'>volentieri</span> <span class='ocrx_word' id='word_1_161' title='bbox 1417 1422 1497 1465; x_wconf 92' lang='lat' dir='ltr'>per</span> <span class='ocrx_word' id='word_1_162' title='bbox 1517 1404 1558 1451; x_wconf 92' lang='lat' dir='ltr'>la</span> <span class='ocrx_word' id='word_1_163' title='bbox 1581 1404 1869 1451; x_wconf 76' lang='lat' dir='ltr'>communita.</span> <span class='ocrx_word' id='word_1_164' title='bbox 1898 1408 1939 1450; x_wconf 92' lang='lat' dir='ltr'><strong>A</strong></span> 
     </span>
     <span class='ocr_line' id='line_1_18' title="bbox 129 1472 1729 1521; baseline -0.001 -1"><span class='ocrx_word' id='word_1_165' title='bbox 129 1475 204 1521; x_wconf 92' lang='lat' dir='ltr'>voi</span> <span class='ocrx_word' id='word_1_166' title='bbox 228 1475 290 1520; x_wconf 90' lang='lat' dir='ltr'>mi</span> <span class='ocrx_word' id='word_1_167' title='bbox 313 1473 620 1520; x_wconf 86' lang='lat' dir='ltr'>raccomando.</span> <span class='ocrx_word' id='word_1_168' title='bbox 645 1477 709 1519; x_wconf 87' lang='lat' dir='ltr'>Ex</span> <span class='ocrx_word' id='word_1_169' title='bbox 731 1472 898 1520; x_wconf 86' lang='lat' dir='ltr'>Palatio</span> <span class='ocrx_word' id='word_1_170' title='bbox 918 1472 1177 1519; x_wconf 91' lang='lat' dir='ltr'>Florentino</span> <span class='ocrx_word' id='word_1_171' title='bbox 1200 1472 1268 1519; x_wconf 88' lang='lat' dir='ltr'>die</span> <span class='ocrx_word' id='word_1_172' title='bbox 1290 1473 1350 1518; x_wconf 91' lang='lat' dir='ltr'>xii</span> <span class='ocrx_word' id='word_1_173' title='bbox 1371 1472 1584 1519; x_wconf 90' lang='lat' dir='ltr'>Octobris</span> <span class='ocrx_word' id='word_1_174' title='bbox 1611 1477 1729 1519; x_wconf 90' lang='lat'>1481.</span> 
     </span>
     <span class='ocr_line' id='line_1_19' title="bbox 129 1539 1942 1601; baseline -0.001 -13"><span class='ocrx_word' id='word_1_175' title='bbox 129 1541 390 1589; x_wconf 86' lang='lat' dir='ltr'>Manderete</span> <span class='ocrx_word' id='word_1_176' title='bbox 406 1541 446 1588; x_wconf 90' lang='lat' dir='ltr'>la</span> <span class='ocrx_word' id='word_1_177' title='bbox 464 1541 619 1588; x_wconf 91' lang='lat' dir='ltr'>lettera</span> <span class='ocrx_word' id='word_1_178' title='bbox 632 1559 709 1588; x_wconf 89' lang='lat' dir='ltr'>sua</span> <span class='ocrx_word' id='word_1_179' title='bbox 727 1540 765 1588; x_wconf 90' lang='lat' dir='ltr'>al</span> <span class='ocrx_word' id='word_1_180' title='bbox 785 1542 1006 1601; x_wconf 90' lang='lat' dir='ltr'>Capitano</span> <span class='ocrx_word' id='word_1_181' title='bbox 1026 1540 1107 1588; x_wconf 91' lang='lat' dir='ltr'>alla</span> <span class='ocrx_word' id='word_1_182' title='bbox 1128 1540 1287 1588; x_wconf 87' lang='lat' dir='ltr'>havuta</span> <span class='ocrx_word' id='word_1_183' title='bbox 1306 1558 1432 1587; x_wconf 91' lang='lat' dir='ltr'>come</span> <span class='ocrx_word' id='word_1_184' title='bbox 1449 1539 1577 1601; x_wconf 74' lang='lat' dir='ltr'>parra</span> <span class='ocrx_word' id='word_1_185' title='bbox 1595 1558 1619 1587; x_wconf 90' lang='lat' dir='ltr'>a</span> <span class='ocrx_word' id='word_1_186' title='bbox 1635 1541 1722 1587; x_wconf 90' lang='lat' dir='ltr'>voi.</span> <span class='ocrx_word' id='word_1_187' title='bbox 1745 1541 1942 1587; x_wconf 89' lang='lat' dir='ltr'>Servitor</span> 
     </span>
     <span class='ocr_line' id='line_1_20' title="bbox 131 1608 1240 1657; baseline -0.002 -1"><span class='ocrx_word' id='word_1_188' title='bbox 131 1609 469 1657; x_wconf 90' lang='lat' dir='ltr'>Bartholomeus</span> <span class='ocrx_word' id='word_1_189' title='bbox 491 1609 612 1656; x_wconf 87' lang='lat' dir='ltr'>Scala</span> <span class='ocrx_word' id='word_1_190' title='bbox 631 1608 927 1656; x_wconf 91' lang='lat' dir='ltr'>Cancellarius</span> <span class='ocrx_word' id='word_1_191' title='bbox 949 1608 1240 1655; x_wconf 89' lang='lat' dir='ltr'>Florentinus.</span> 
     </span>
    </p>
   </div>
   <div class='ocr_carea' id='block_1_5' title="bbox 387 1750 1683 1929">
    <p class='ocr_par' dir='ltr' id='par_1_5' title="bbox 387 1750 1683 1929">
     <span class='ocr_line' id='line_1_21' title="bbox 998 1750 1076 1791; baseline 0.013 -1"><span class='ocrx_word' id='word_1_192' title='bbox 998 1750 1076 1791; x_wconf 91' lang='lat'>119</span> 
     </span>
     <span class='ocr_line' id='line_1_22' title="bbox 387 1820 1683 1883; baseline -0.002 -22"><span class='ocrx_word' id='word_1_193' title='bbox 387 1821 465 1861; x_wconf 94' lang='lat' dir='ltr'>TO</span> <span class='ocrx_word' id='word_1_194' title='bbox 489 1822 811 1869; x_wconf 90' lang='lat' dir='ltr'>[GIOVANNI</span> <span class='ocrx_word' id='word_1_195' title='bbox 831 1821 1290 1860; x_wconf 87' lang='lat' dir='ltr'>ALDOBRANDINI</span> <span class='ocrx_word' id='word_1_196' title='bbox 1311 1822 1377 1860; x_wconf 94' lang='lat' dir='ltr'>IN</span> <span class='ocrx_word' id='word_1_197' title='bbox 1398 1820 1683 1883; x_wconf 64' lang='lat' dir='ltr'>SARZANA]</span> 
     </span>
     <span class='ocr_line' id='line_1_23' title="bbox 838 1888 1232 1929; baseline 0 -2"><span class='ocrx_word' id='word_1_198' title='bbox 838 1891 886 1928; x_wconf 86' lang='lat'>12</span> <span class='ocrx_word' id='word_1_199' title='bbox 910 1888 1106 1929; x_wconf 91' lang='lat' dir='ltr'>October</span> <span class='ocrx_word' id='word_1_200' title='bbox 1130 1891 1232 1928; x_wconf 87' lang='grc'><strong>1481</strong></span> 
     </span>
    </p>
   </div>
   <div class='ocr_carea' id='block_1_6' title="bbox 658 1982 1407 2035">
    <p class='ocr_par' dir='ltr' id='par_1_6' title="bbox 658 1982 1407 2035">
     <span class='ocr_line' id='line_1_24' title="bbox 658 1982 1407 2035; baseline 0.001 -13"><span class='ocrx_word' id='word_1_201' title='bbox 658 1983 744 2023; x_wconf 88' lang='lat' dir='ltr'>Min</span> <span class='ocrx_word' id='word_1_202' title='bbox 768 1986 823 2031; x_wconf 87' lang='grc'><strong>12,</strong></span> <span class='ocrx_word' id='word_1_203' title='bbox 844 1982 910 2023; x_wconf 87' lang='lat' dir='ltr'>fol.</span> <span class='ocrx_word' id='word_1_204' title='bbox 934 1986 1058 2023; x_wconf 83' lang='lat' dir='ltr'>16r-v.</span> <span class='ocrx_word' id='word_1_205' title='bbox 1078 1982 1280 2035; x_wconf 86' lang='lat' dir='ltr'>Chancery</span> <span class='ocrx_word' id='word_1_206' title='bbox 1297 1982 1407 2023; x_wconf 83' lang='lat' dir='ltr'>draft.</span> 
     </span>
    </p>
   </div>
   <div class='ocr_carea' id='block_1_7' title="bbox 129 2086 1939 2693">
    <p class='ocr_par' dir='ltr' id='par_1_7' title="bbox 129 2086 1939 2693">
     <span class='ocr_line' id='line_1_25' title="bbox 129 2086 1937 2148; baseline -0.001 -14"><span class='ocrx_word' id='word_1_207' title='bbox 129 2087 384 2148; x_wconf 85' lang='lat' dir='ltr'>Spectabilis</span> <span class='ocrx_word' id='word_1_208' title='bbox 405 2088 547 2134; x_wconf 91' lang='lat' dir='ltr'>maior</span> <span class='ocrx_word' id='word_1_209' title='bbox 566 2087 824 2134; x_wconf 91' lang='lat' dir='ltr'>honorande</span> <span class='ocrx_word' id='word_1_210' title='bbox 846 2102 933 2142; x_wconf 34' lang='lat' dir='ltr'>etc..</span> <span class='ocrx_word' id='word_1_211' title='bbox 946 2088 1058 2134; x_wconf 91' lang='lat' dir='ltr'>Hier</span> <span class='ocrx_word' id='word_1_212' title='bbox 1076 2088 1260 2134; x_wconf 91' lang='lat' dir='ltr'>mattina</span> <span class='ocrx_word' id='word_1_213' title='bbox 1279 2087 1475 2148; x_wconf 90' lang='lat' dir='ltr'>ispacciai</span> <span class='ocrx_word' id='word_1_214' title='bbox 1496 2086 1523 2133; x_wconf 94' lang='lat' dir='ltr'>il</span> <span class='ocrx_word' id='word_1_215' title='bbox 1543 2086 1661 2133; x_wconf 85' lang='lat' dir='ltr'>fante</span> <span class='ocrx_word' id='word_1_216' title='bbox 1679 2101 1845 2142; x_wconf 90' lang='lat' dir='ltr'>vostro,</span> <span class='ocrx_word' id='word_1_217' title='bbox 1866 2104 1937 2147; x_wconf 91' lang='lat' dir='ltr'>pa-</span> 
     </span>
     <span class='ocr_line' id='line_1_26' title="bbox 132 2154 1938 2216; baseline -0.001 -14"><span class='ocrx_word' id='word_1_218' title='bbox 132 2155 334 2202; x_wconf 90' lang='lat' dir='ltr'>rendomi</span> <span class='ocrx_word' id='word_1_219' title='bbox 351 2156 603 2216; x_wconf 85' lang='lat' dir='ltr'>soprastessi</span> <span class='ocrx_word' id='word_1_220' title='bbox 621 2170 798 2216; x_wconf 86' lang='lat' dir='ltr'>troppo.</span> <span class='ocrx_word' id='word_1_221' title='bbox 819 2156 1012 2202; x_wconf 90' lang='lat' dir='ltr'>Stamani</span> <span class='ocrx_word' id='word_1_222' title='bbox 1027 2156 1062 2202; x_wconf 91' lang='lat' dir='ltr'>si</span> <span class='ocrx_word' id='word_1_223' title='bbox 1078 2173 1190 2202; x_wconf 92' lang='lat' dir='ltr'>sono</span> <span class='ocrx_word' id='word_1_224' title='bbox 1207 2156 1284 2216; x_wconf 91' lang='lat' dir='ltr'>poi</span> <span class='ocrx_word' id='word_1_225' title='bbox 1302 2156 1498 2215; x_wconf 89' lang='lat' dir='ltr'>ragunati</span> <span class='ocrx_word' id='word_1_226' title='bbox 1516 2155 1672 2215; x_wconf 92' lang='lat' dir='ltr'>cinque</span> <span class='ocrx_word' id='word_1_227' title='bbox 1690 2154 1806 2201; x_wconf 92' lang='lat' dir='ltr'>dello</span> <span class='ocrx_word' id='word_1_228' title='bbox 1823 2154 1938 2201; x_wconf 88' lang='lat' dir='ltr'>Offi-</span> 
     </span>
     <span class='ocr_line' id='line_1_27' title="bbox 131 2222 1915 2284; baseline -0.001 -14"><span class='ocrx_word' id='word_1_229' title='bbox 131 2224 201 2270; x_wconf 92' lang='lat' dir='ltr'>cio</span> <span class='ocrx_word' id='word_1_230' title='bbox 223 2238 264 2270; x_wconf 95' lang='lat' dir='ltr'>et</span> <span class='ocrx_word' id='word_1_231' title='bbox 285 2224 402 2271; x_wconf 88' lang='lat' dir='ltr'>sonsi</span> <span class='ocrx_word' id='word_1_232' title='bbox 427 2223 536 2270; x_wconf 91' lang='lat' dir='ltr'>lecte</span> <span class='ocrx_word' id='word_1_233' title='bbox 557 2223 595 2270; x_wconf 93' lang='lat' dir='ltr'>le</span> <span class='ocrx_word' id='word_1_234' title='bbox 618 2223 769 2271; x_wconf 90' lang='lat' dir='ltr'>lettere</span> <span class='ocrx_word' id='word_1_235' title='bbox 788 2238 934 2270; x_wconf 88' lang='lat' dir='ltr'>vostre</span> <span class='ocrx_word' id='word_1_236' title='bbox 957 2238 998 2270; x_wconf 90' lang='lat' dir='ltr'>et</span> <span class='ocrx_word' id='word_1_237' title='bbox 1019 2223 1137 2270; x_wconf 87' lang='lat' dir='ltr'>facto</span> <span class='ocrx_word' id='word_1_238' title='bbox 1157 2223 1438 2270; x_wconf 90' lang='lat' dir='ltr'>conclusione</span> <span class='ocrx_word' id='word_1_239' title='bbox 1463 2223 1542 2270; x_wconf 92' lang='lat' dir='ltr'>che</span> <span class='ocrx_word' id='word_1_240' title='bbox 1565 2224 1609 2270; x_wconf 89' lang='lat' dir='ltr'>io</span> <span class='ocrx_word' id='word_1_241' title='bbox 1631 2223 1674 2269; x_wconf 92' lang='lat' dir='ltr'>vi</span> <span class='ocrx_word' id='word_1_242' title='bbox 1696 2222 1915 2284; x_wconf 88' lang='lat' dir='ltr'>risponda.</span> 
     </span>
     <span class='ocr_line' id='line_1_28' title="bbox 216 2291 1937 2352; baseline -0.001 -13"><span class='ocrx_word' id='word_1_243' title='bbox 216 2296 276 2339; x_wconf 91' lang='lat' dir='ltr'>La</span> <span class='ocrx_word' id='word_1_244' title='bbox 307 2306 430 2352; x_wconf 90' lang='lat' dir='ltr'>parte</span> <span class='ocrx_word' id='word_1_245' title='bbox 465 2291 582 2339; x_wconf 92' lang='lat' dir='ltr'>dello</span> <span class='ocrx_word' id='word_1_246' title='bbox 617 2291 805 2339; x_wconf 89' lang='lat' dir='ltr'>accordo</span> <span class='ocrx_word' id='word_1_247' title='bbox 840 2310 925 2338; x_wconf 93' lang='lat' dir='ltr'>con</span> <span class='ocrx_word' id='word_1_248' title='bbox 961 2296 1128 2339; x_wconf 89' lang='lat' dir='ltr'>Messer</span> <span class='ocrx_word' id='word_1_249' title='bbox 1162 2291 1388 2338; x_wconf 91' lang='lat' dir='ltr'>Lodovico</span> <span class='ocrx_word' id='word_1_250' title='bbox 1424 2306 1466 2339; x_wconf 90' lang='lat' dir='ltr'>et</span> <span class='ocrx_word' id='word_1_251' title='bbox 1499 2295 1667 2338; x_wconf 90' lang='lat' dir='ltr'>Messer</span> <span class='ocrx_word' id='word_1_252' title='bbox 1700 2292 1937 2351; x_wconf 81' lang='lat' dir='ltr'>Agostino²</span> 
     </span>
     <span class='ocr_line' id='line_1_29' title="bbox 129 2358 1938 2420; baseline -0.001 -14"><span class='ocrx_word' id='word_1_253' title='bbox 129 2359 290 2420; x_wconf 73' lang='lat' dir='ltr'>perche</span> <span class='ocrx_word' id='word_1_254' title='bbox 308 2361 343 2406; x_wconf 90' lang='lat' dir='ltr'>si</span> <span class='ocrx_word' id='word_1_255' title='bbox 363 2361 590 2420; x_wconf 90' lang='lat' dir='ltr'>potessino</span> <span class='ocrx_word' id='word_1_256' title='bbox 611 2359 806 2406; x_wconf 92' lang='lat' dir='ltr'>lavorare</span> <span class='ocrx_word' id='word_1_257' title='bbox 827 2359 864 2406; x_wconf 93' lang='lat' dir='ltr'>le</span> <span class='ocrx_word' id='word_1_258' title='bbox 885 2374 1013 2415; x_wconf 92' lang='lat' dir='ltr'>terre,</span> <span class='ocrx_word' id='word_1_259' title='bbox 1032 2374 1128 2415; x_wconf 88' lang='lat' dir='ltr'>etc.,</span> <span class='ocrx_word' id='word_1_260' title='bbox 1150 2377 1241 2406; x_wconf 89' lang='lat' dir='ltr'>non</span> <span class='ocrx_word' id='word_1_261' title='bbox 1259 2377 1362 2420; x_wconf 92' lang='lat' dir='ltr'>pare</span> <span class='ocrx_word' id='word_1_262' title='bbox 1383 2359 1426 2406; x_wconf 92' lang='lat' dir='ltr'>di</span> <span class='ocrx_word' id='word_1_263' title='bbox 1447 2358 1688 2419; x_wconf 90' lang='lat' dir='ltr'>acceptarla</span> <span class='ocrx_word' id='word_1_264' title='bbox 1701 2377 1781 2419; x_wconf 91' lang='lat' dir='ltr'>per</span> <span class='ocrx_word' id='word_1_265' title='bbox 1799 2359 1837 2406; x_wconf 93' lang='lat' dir='ltr'>le</span> <span class='ocrx_word' id='word_1_266' title='bbox 1859 2358 1938 2405; x_wconf 87' lang='lat' dir='ltr'>dis-</span> 
     </span>
     <span class='ocr_line' id='line_1_30' title="bbox 131 2426 1938 2488; baseline -0.001 -14"><span class='ocrx_word' id='word_1_267' title='bbox 131 2442 282 2474; x_wconf 90' lang='lat' dir='ltr'>oneste</span> <span class='ocrx_word' id='word_1_268' title='bbox 304 2427 524 2474; x_wconf 90' lang='lat' dir='ltr'>domande</span> <span class='ocrx_word' id='word_1_269' title='bbox 546 2427 658 2483; x_wconf 91' lang='lat' dir='ltr'>loro,</span> <span class='ocrx_word' id='word_1_270' title='bbox 682 2442 724 2474; x_wconf 90' lang='lat' dir='ltr'>et</span> <span class='ocrx_word' id='word_1_271' title='bbox 745 2427 815 2474; x_wconf 92' lang='lat' dir='ltr'>alli</span> <span class='ocrx_word' id='word_1_272' title='bbox 838 2427 1039 2474; x_wconf 90' lang='lat' dir='ltr'>huomini</span> <span class='ocrx_word' id='word_1_273' title='bbox 1065 2427 1108 2474; x_wconf 95' lang='lat' dir='ltr'>di</span> <span class='ocrx_word' id='word_1_274' title='bbox 1128 2427 1364 2474; x_wconf 88' lang='lat' dir='ltr'>Falcinello</span> <span class='ocrx_word' id='word_1_275' title='bbox 1384 2428 1419 2474; x_wconf 89' lang='lat' dir='ltr'>si</span> <span class='ocrx_word' id='word_1_276' title='bbox 1440 2426 1531 2474; x_wconf 73' lang='lat' dir='ltr'>fara</span> <span class='ocrx_word' id='word_1_277' title='bbox 1550 2426 1732 2488; x_wconf 89' lang='lat' dir='ltr'>qualche</span> <span class='ocrx_word' id='word_1_278' title='bbox 1754 2427 1875 2474; x_wconf 91' lang='lat' dir='ltr'>aiuto</span> <span class='ocrx_word' id='word_1_279' title='bbox 1897 2441 1938 2474; x_wconf 90' lang='lat' dir='ltr'>et</span> 
     </span>
     <span class='ocr_line' id='line_1_31' title="bbox 129 2494 1938 2556; baseline 0 -14"><span class='ocrx_word' id='word_1_280' title='bbox 129 2495 422 2542; x_wconf 90' lang='lat' dir='ltr'>subventione</span> <span class='ocrx_word' id='word_1_281' title='bbox 446 2495 490 2542; x_wconf 90' lang='lat' dir='ltr'>di</span> <span class='ocrx_word' id='word_1_282' title='bbox 509 2513 646 2556; x_wconf 90' lang='lat' dir='ltr'>grano</span> <span class='ocrx_word' id='word_1_283' title='bbox 664 2513 708 2542; x_wconf 91' lang='lat' dir='ltr'>se</span> <span class='ocrx_word' id='word_1_284' title='bbox 728 2495 773 2542; x_wconf 96' lang='lat' dir='ltr'>lo</span> <span class='ocrx_word' id='word_1_285' title='bbox 795 2495 1170 2543; x_wconf 90' lang='lat' dir='ltr'>domanderanno.</span> <span class='ocrx_word' id='word_1_286' title='bbox 1193 2500 1246 2542; x_wconf 90' lang='lat' dir='ltr'>Et</span> <span class='ocrx_word' id='word_1_287' title='bbox 1264 2495 1424 2556; x_wconf 73' lang='lat' dir='ltr'>perche</span> <span class='ocrx_word' id='word_1_288' title='bbox 1446 2495 1473 2541; x_wconf 92' lang='lat' dir='ltr'>il</span> <span class='ocrx_word' id='word_1_289' title='bbox 1494 2495 1722 2542; x_wconf 88' lang='lat' dir='ltr'>Marchese</span> <span class='ocrx_word' id='word_1_290' title='bbox 1742 2494 1938 2542; x_wconf 90' lang='lat' dir='ltr'>Gabriel-</span> 
     </span>
     <span class='ocr_line' id='line_1_32' title="bbox 130 2563 1938 2624; baseline -0.001 -13"><span class='ocrx_word' id='word_1_291' title='bbox 130 2563 189 2620; x_wconf 87' lang='lat' dir='ltr'>lo,</span> <span class='ocrx_word' id='word_1_292' title='bbox 212 2582 338 2611; x_wconf 91' lang='lat' dir='ltr'>come</span> <span class='ocrx_word' id='word_1_293' title='bbox 361 2564 554 2611; x_wconf 89' lang='lat' dir='ltr'>anchora</span> <span class='ocrx_word' id='word_1_294' title='bbox 574 2582 627 2611; x_wconf 95' lang='lat' dir='ltr'>ne</span> <span class='ocrx_word' id='word_1_295' title='bbox 650 2564 803 2611; x_wconf 91' lang='lat' dir='ltr'>havete</span> <span class='ocrx_word' id='word_1_296' title='bbox 823 2564 1018 2611; x_wconf 90' lang='lat' dir='ltr'>advisato</span> <span class='ocrx_word' id='word_1_297' title='bbox 1038 2565 1126 2620; x_wconf 89' lang='lat' dir='ltr'>voi,</span> <span class='ocrx_word' id='word_1_298' title='bbox 1149 2582 1296 2611; x_wconf 90' lang='lat' dir='ltr'>recusa</span> <span class='ocrx_word' id='word_1_299' title='bbox 1314 2581 1393 2624; x_wconf 91' lang='lat' dir='ltr'>per</span> <span class='ocrx_word' id='word_1_300' title='bbox 1411 2563 1456 2611; x_wconf 93' lang='lat' dir='ltr'>lo</span> <span class='ocrx_word' id='word_1_301' title='bbox 1479 2563 1683 2611; x_wconf 89' lang='lat' dir='ltr'>advenire</span> <span class='ocrx_word' id='word_1_302' title='bbox 1701 2563 1742 2611; x_wconf 89' lang='lat' dir='ltr'>la</span> <span class='ocrx_word' id='word_1_303' title='bbox 1760 2563 1938 2623; x_wconf 90' lang='lat' dir='ltr'>guardia</span> 
     </span>
     <span class='ocr_line' id='line_1_33' title="bbox 131 2631 1939 2693; baseline -0.001 -14"><span class='ocrx_word' id='word_1_304' title='bbox 131 2631 174 2679; x_wconf 88' lang='lat' dir='ltr'>di</span> <span class='ocrx_word' id='word_1_305' title='bbox 198 2631 346 2693; x_wconf 89' lang='lat' dir='ltr'>quello</span> <span class='ocrx_word' id='word_1_306' title='bbox 370 2631 517 2693; x_wconf 92' lang='lat' dir='ltr'>luogo,</span> <span class='ocrx_word' id='word_1_307' title='bbox 544 2631 565 2679; x_wconf 84' lang='grc' dir='ltr'>ὲ</span> <span class='ocrx_word' id='word_1_308' title='bbox 588 2650 718 2693; x_wconf 91' lang='lat' dir='ltr'>parso</span> <span class='ocrx_word' id='word_1_309' title='bbox 743 2650 834 2679; x_wconf 93' lang='lat' dir='ltr'>non</span> <span class='ocrx_word' id='word_1_310' title='bbox 859 2650 912 2679; x_wconf 91' lang='lat' dir='ltr'>ne</span> <span class='ocrx_word' id='word_1_311' title='bbox 935 2632 980 2679; x_wconf 94' lang='lat' dir='ltr'>lo</span> <span class='ocrx_word' id='word_1_312' title='bbox 1003 2650 1193 2693; x_wconf 87' lang='lat' dir='ltr'>gravare,</span> <span class='ocrx_word' id='word_1_313' title='bbox 1218 2650 1344 2679; x_wconf 91' lang='lat' dir='ltr'>corne</span> <span class='ocrx_word' id='word_1_314' title='bbox 1367 2631 1560 2679; x_wconf 90' lang='lat' dir='ltr'>anchora</span> <span class='ocrx_word' id='word_1_315' title='bbox 1582 2650 1606 2679; x_wconf 91' lang='lat' dir='ltr'>a</span> <span class='ocrx_word' id='word_1_316' title='bbox 1626 2631 1687 2678; x_wconf 91' lang='lat' dir='ltr'>lui</span> <span class='ocrx_word' id='word_1_317' title='bbox 1710 2632 1854 2679; x_wconf 89' lang='lat' dir='ltr'>scrivo</span> <span class='ocrx_word' id='word_1_318' title='bbox 1879 2632 1939 2677; x_wconf 91' lang='lat' dir='ltr'>in-</span> 
     </span>
    </p>
   </div>
   <div class='ocr_carea' id='block_1_8' title="bbox 210 2901 1310 3008">
    <p class='ocr_par' dir='ltr' id='par_1_8' title="bbox 210 2901 1310 3008">
     <span class='ocr_line' id='line_1_34' title="bbox 211 2901 816 2949; baseline 0.002 -11"><span class='ocrx_word' id='word_1_319' title='bbox 211 2906 222 2920; x_wconf 85' lang='lat'><em>²</em></span> <span class='ocrx_word' id='word_1_320' title='bbox 240 2904 302 2939; x_wconf 91' lang='lat' dir='ltr'>See</span> <span class='ocrx_word' id='word_1_321' title='bbox 319 2901 424 2939; x_wconf 88' lang='lat' dir='ltr'>letter</span> <span class='ocrx_word' id='word_1_322' title='bbox 443 2905 517 2945; x_wconf 89' lang='lat'>117,</span> <span class='ocrx_word' id='word_1_323' title='bbox 537 2913 623 2939; x_wconf 90' lang='lat' dir='ltr'>note</span> <span class='ocrx_word' id='word_1_324' title='bbox 641 2901 672 2949; x_wconf 90' lang='lat' dir='ltr'>a)</span> <span class='ocrx_word' id='word_1_325' title='bbox 692 2902 816 2939; x_wconf 88' lang='lat' dir='ltr'>above.</span> 
     </span>
     <span class='ocr_line' id='line_1_35' title="bbox 210 2954 1310 3008; baseline 0 -11"><span class='ocrx_word' id='word_1_326' title='bbox 210 2954 226 2978; x_wconf 76' lang='lat'>¹³</span> <span class='ocrx_word' id='word_1_327' title='bbox 242 2959 329 2997; x_wconf 75' lang='lat' dir='ltr'>lbid:</span> <span class='ocrx_word' id='word_1_328' title='bbox 349 2962 464 2997; x_wconf 90' lang='lat' dir='ltr'>‘Prete</span> <span class='ocrx_word' id='word_1_329' title='bbox 482 2961 678 3004; x_wconf 87' lang='lat' dir='ltr'>Giovanm&#39;,</span> <span class='ocrx_word' id='word_1_330' title='bbox 696 2972 819 2998; x_wconf 89' lang='lat' dir='ltr'>vostro</span> <span class='ocrx_word' id='word_1_331' title='bbox 839 2959 1062 2998; x_wconf 88' lang='lat' dir='ltr'>honorevole</span> <span class='ocrx_word' id='word_1_332' title='bbox 1078 2959 1310 3008; x_wconf 84' lang='lat' dir='ltr'>cappellano.&#39;</span> 
     </span>
    </p>
   </div>
   <div class='ocr_carea' id='block_1_9' title="bbox 128 3017 1938 3117">
    <p class='ocr_par' dir='ltr' id='par_1_9' title="bbox 128 3017 1938 3117">
     <span class='ocr_line' id='line_1_36' title="bbox 211 3017 1938 3065; baseline 0 -11"><span class='ocrx_word' id='word_1_333' title='bbox 211 3021 224 3036; x_wconf 76' lang='lat'><strong><em>⁶</em></strong></span> <span class='ocrx_word' id='word_1_334' title='bbox 242 3017 358 3055; x_wconf 91' lang='lat' dir='ltr'>There</span> <span class='ocrx_word' id='word_1_335' title='bbox 375 3019 402 3055; x_wconf 82' lang='lat' dir='ltr'>is</span> <span class='ocrx_word' id='word_1_336' title='bbox 418 3032 438 3055; x_wconf 89' lang='lat' dir='ltr'>a</span> <span class='ocrx_word' id='word_1_337' title='bbox 454 3018 512 3055; x_wconf 85' lang='lat' dir='ltr'>list</span> <span class='ocrx_word' id='word_1_338' title='bbox 528 3017 570 3055; x_wconf 88' lang='lat' dir='ltr'>of</span> <span class='ocrx_word' id='word_1_339' title='bbox 584 3017 647 3055; x_wconf 91' lang='lat' dir='ltr'>the</span> <span class='ocrx_word' id='word_1_340' title='bbox 662 3032 748 3055; x_wconf 90' lang='lat' dir='ltr'>men</span> <span class='ocrx_word' id='word_1_341' title='bbox 764 3018 835 3055; x_wconf 89' lang='lat' dir='ltr'>and</span> <span class='ocrx_word' id='word_1_342' title='bbox 849 3019 1045 3056; x_wconf 54' lang='lat' dir='ltr'>territori&amp;</span> <span class='ocrx_word' id='word_1_343' title='bbox 1061 3018 1176 3056; x_wconf 89' lang='lat' dir='ltr'>under</span> <span class='ocrx_word' id='word_1_344' title='bbox 1189 3018 1252 3055; x_wconf 89' lang='lat' dir='ltr'>the</span> <span class='ocrx_word' id='word_1_345' title='bbox 1269 3017 1482 3055; x_wconf 55' lang='lat' dir='ltr'>Marchese&#39;s</span> <span class='ocrx_word' id='word_1_346' title='bbox 1498 3017 1724 3065; x_wconf 82' lang='lat' dir='ltr'>jurisdiction</span> <span class='ocrx_word' id='word_1_347' title='bbox 1741 3017 1826 3054; x_wconf 92' lang='lat' dir='ltr'>who</span> <span class='ocrx_word' id='word_1_348' title='bbox 1844 3031 1938 3054; x_wconf 91' lang='lat' dir='ltr'>were</span> 
     </span>
     <span class='ocr_line' id='line_1_37' title="bbox 128 3068 1922 3117; baseline 0 -11"><span class='ocrx_word' id='word_1_349' title='bbox 128 3069 265 3117; x_wconf 85' lang='lat' dir='ltr'>subject</span> <span class='ocrx_word' id='word_1_350' title='bbox 282 3081 322 3106; x_wconf 88' lang='lat' dir='ltr'>to</span> <span class='ocrx_word' id='word_1_351' title='bbox 340 3069 547 3107; x_wconf 88' lang='lat' dir='ltr'>Florentine</span> <span class='ocrx_word' id='word_1_352' title='bbox 562 3069 639 3107; x_wconf 91' lang='lat' dir='ltr'>rule</span> <span class='ocrx_word' id='word_1_353' title='bbox 655 3071 695 3106; x_wconf 90' lang='lat' dir='ltr'>in</span> <span class='ocrx_word' id='word_1_354' title='bbox 709 3070 814 3107; x_wconf 88' lang='lat' dir='ltr'>Dieci</span> <span class='ocrx_word' id='word_1_355' title='bbox 827 3069 866 3107; x_wconf 87' lang='lat' dir='ltr'>di</span> <span class='ocrx_word' id='word_1_356' title='bbox 882 3069 986 3113; x_wconf 75' lang='lat' dir='ltr'>Balla,</span> <span class='ocrx_word' id='word_1_357' title='bbox 1003 3069 1144 3107; x_wconf 84' lang='lat' dir='ltr'>Delib.e</span> <span class='ocrx_word' id='word_1_358' title='bbox 1161 3069 1347 3107; x_wconf 84' lang='lat' dir='ltr'>Condotte</span> <span class='ocrx_word' id='word_1_359' title='bbox 1363 3073 1418 3113; x_wconf 86' lang='lat'>24,</span> <span class='ocrx_word' id='word_1_360' title='bbox 1434 3069 1514 3106; x_wconf 85' lang='lat' dir='ltr'>fols.</span> <span class='ocrx_word' id='word_1_361' title='bbox 1533 3073 1644 3106; x_wconf 88' lang='lat' dir='ltr'>2v-4r</span> <span class='ocrx_word' id='word_1_362' title='bbox 1660 3069 1693 3116; x_wconf 79' lang='lat'>(6</span> <span class='ocrx_word' id='word_1_363' title='bbox 1711 3068 1922 3117; x_wconf 85' lang='lat' dir='ltr'>Sept.l482).</span> 
     </span>
    </p>
   </div>
   <div class='ocr_carea' id='block_1_10' title="bbox 210 3120 1149 3232">
    <p class='ocr_par' dir='ltr' id='par_1_10' title="bbox 210 3120 1149 3232">
     <span class='ocr_line' id='line_1_38' title="bbox 210 3120 1149 3171; baseline 0.001 -7"><span class='ocrx_word' id='word_1_364' title='bbox 210 3120 226 3144; x_wconf 79' lang='lat'>‘¹</span> <span class='ocrx_word' id='word_1_365' title='bbox 245 3128 432 3164; x_wconf 87' lang='lat' dir='ltr'>Giovanni</span> <span class='ocrx_word' id='word_1_366' title='bbox 447 3127 724 3171; x_wconf 74' lang='lat' dir='ltr'>Aldobrandini,</span> <span class='ocrx_word' id='word_1_367' title='bbox 741 3141 798 3165; x_wconf 91' lang='lat' dir='ltr'>see</span> <span class='ocrx_word' id='word_1_368' title='bbox 816 3127 921 3165; x_wconf 88' lang='lat' dir='ltr'>letter</span> <span class='ocrx_word' id='word_1_369' title='bbox 939 3131 1001 3165; x_wconf 89' lang='lat'>119</span> <span class='ocrx_word' id='word_1_370' title='bbox 1021 3127 1149 3165; x_wconf 87' lang='lat' dir='ltr'>below.</span> 
     </span>
     <span class='ocr_line' id='line_1_39' title="bbox 211 3183 1042 3232; baseline 0 -10"><span class='ocrx_word' id='word_1_371' title='bbox 211 3188 224 3202; x_wconf 80' lang='lat'>²</span> <span class='ocrx_word' id='word_1_372' title='bbox 240 3183 285 3222; x_wconf 85' lang='lat' dir='ltr'>da</span> <span class='ocrx_word' id='word_1_373' title='bbox 305 3183 600 3232; x_wconf 81' lang='lat' dir='ltr'>Campofregoso,</span> <span class='ocrx_word' id='word_1_374' title='bbox 620 3198 677 3222; x_wconf 92' lang='lat' dir='ltr'>see</span> <span class='ocrx_word' id='word_1_375' title='bbox 694 3184 799 3222; x_wconf 87' lang='lat' dir='ltr'>letter</span> <span class='ocrx_word' id='word_1_376' title='bbox 815 3187 869 3228; x_wconf 85' lang='lat'>84,</span> <span class='ocrx_word' id='word_1_377' title='bbox 889 3196 975 3222; x_wconf 89' lang='lat' dir='ltr'>note</span> <span class='ocrx_word' id='word_1_378' title='bbox 992 3184 1042 3232; x_wconf 90' lang='lat' dir='ltr'>h).</span> 
     </span>
    </p>
   </div>
  </div>
 </body>
</html>
