2124 3458
140 164 322 198 ESSAYs
1848 159 1939 201 345

139 319 206 349 ars
231 302 312 349 ista
335 300 421 349 fori
449 315 703 348 nostrorum
730 316 983 362 temporum
1010 301 1203 349 studiosa
1228 317 1304 359 est,
1329 303 1638 364 percipiantur.
1666 307 1825 365 Neque
1851 303 1946 351 infi-

139 367 262 417 tior⁴2
285 384 434 417 tamen
455 369 593 417 multa
611 383 653 416 et
674 387 829 430 magna
849 370 1020 430 ingenia
1042 369 1121 417 hac
1133 369 1257 431 legali
1277 371 1322 417 in
1337 370 1564 432 disciplina
1575 389 1656 432 per
1668 372 1819 419 omnia
1838 386 1945 419 tem-

137 455 248 499 pora
267 438 471 493 extitisse3
491 452 534 484 et
552 438 785 484 Accursios
807 438 911 485 istos
929 452 1110 494 vestros,
1131 438 1301 495 Baldos,
1323 439 1535 495 Bartolos,
1556 440 1732 496 Cinos,p
1750 439 1943 501 aliosque

139 505 480 552 innumerabiles
501 506 684 552 minime
703 505 1054 553 contemnendos
1073 506 1286 554 duxerim.
1307 511 1381 554 Est
1402 508 1520 554 enim
1540 525 1709 564 eorum,
1731 522 1779 555 ut
1799 508 1944 565 audio,

138 591 191 620 ex
215 573 342 620 vobis
371 573 416 619 in
444 572 767 634 distinguendo,
798 574 843 620 in
870 573 1155 635 disceptando
1180 589 1309 636 atque
1333 574 1548 622 solvendo
1576 575 1788 623 industria
1814 576 1948 623 admi-

139 641 298 697 rabilis3
324 641 400 688 sed
425 659 474 688 ea
499 642 585 688 iam
611 641 666 688 ad
690 641 734 689 id
759 641 934 689 devenit
959 642 1271 703 magnitudinis
1300 658 1429 704 atque
1454 645 1720 704 argutiarum
1747 659 1795 691 ut
1821 659 1944 692 certo

138 710 230 756 iure
253 708 361 755 nihil
383 709 520 769 possit
547 723 759 756 constare.
781 713 941 770 Neque
963 711 1081 757 enim
1106 725 1168 757 est
1190 711 1425 771 quicquam
1449 711 1560 758 adeo
1581 726 1782 772 apertum
1803 727 1877 759 aut
1901 713 1946 759 in

135 791 364 838 promptu,
386 776 524 824 modo
543 776 685 824 adsint
703 776 895 834 clientes,
914 777 1036 838 quod
1054 795 1146 825 non
1163 779 1309 826 veniat
1326 778 1474 826 subito
1494 780 1539 825 in
1559 779 1883 827 dubitationem
1903 795 1945 828 et

137 844 402 892 iudiciorum
435 844 587 892 subeat
618 844 865 893 discrimen.
898 850 1008 893 Non
1041 860 1187 894 autem
1219 861 1465 908 repetamus
1498 847 1583 895 hoc
1614 847 1716 895 loco
1746 848 1947 909 exempla

136 912 321 973 longius;
345 912 597 960 domesticis
617 913 889 961 abundamus
909 928 951 961 et
968 915 1140 962 nostris.
1162 915 1300 962 Nulla
1319 916 1438 962 enim
1456 915 1545 963 fere
1564 934 1690 964 causa
1707 931 1769 964 est
1790 917 1944 977 (modo

138 980 293 1028 habeat
312 980 477 1041 aliquid
497 981 543 1027 in
563 999 607 1028 se
625 981 848 1042 ponderis)
873 983 919 1028 in
941 1000 1027 1043 qua
1046 981 1182 1030 hinc⁴³
1206 997 1335 1044 atque
1356 983 1456 1031 inde
1477 983 1678 1031 advocati
1698 984 1867 1032 nobiles
1891 985 1944 1032 de

135 1049 321 1096 victoria
347 1067 440 1096 non
467 1048 821 1097 contradicant.⁴⁴
846 1054 1006 1111 Neque
1033 1065 1180 1098 autem
1207 1051 1403 1099 adducor
1425 1066 1473 1099 ut
1501 1052 1676 1100 credam
1702 1067 1871 1100 tantam
1896 1054 1942 1100 in

134 1134 224 1164 sese
246 1118 338 1163 vim
363 1116 521 1164 habere
542 1135 669 1178 posse
693 1116 838 1165 lucri⁴⁵
860 1117 1050 1179 aliquam
1073 1119 1373 1180 cupiditatem,
1395 1121 1474 1167 etsi
1497 1135 1539 1167 et
1561 1121 1704 1181 ipsum
1733 1122 1795 1181 (ut
1818 1121 1943 1169 Plato

135 1185 181 1231 in
199 1184 444 1246 Hipparcho
465 1186 563 1246 ait)q
581 1200 643 1232 est
664 1185 910 1247 expetibile,
930 1201 978 1234 ut
999 1185 1151 1234 bona⁴⁶
1175 1202 1429 1235 nostrorum
1452 1189 1625 1249 ingenia
1646 1189 1940 1237 iurisconsult-

135 1271 265 1300 orum
290 1268 446 1300 contra
465 1254 696 1301 veritatem
717 1272 866 1302 causae
888 1256 1109 1315 cognitam
1133 1257 1304 1316 capiant
1327 1257 1485 1304 iniusta
1507 1271 1549 1304 et
1571 1256 1759 1305 nefanda
1778 1276 1910 1305 arma.

218 1324 400 1382 Semper
416 1321 654 1369 abundavit
672 1337 822 1369 nostra
841 1323 991 1370 civitas
1009 1322 1074 1370 his
1091 1324 1194 1371 viris
1214 1325 1289 1385 qui
1306 1324 1645 1385 iurisprudentia
1663 1325 1854 1373 multum
1876 1344 1944 1373 ex-

134 1389 354 1437 cellerent.
374 1389 458 1437 Sed
479 1389 584 1437 haec
602 1405 752 1438 nostra
772 1406 886 1438 aetas
907 1391 1043 1452 (quod
1063 1393 1116 1439 sit
1137 1392 1254 1440 bona
1274 1392 1442 1440 dictum
1461 1394 1590 1441 venia
1609 1408 1801 1441 aetatum
1819 1412 1941 1455 supe·

134 1458 318 1517 riorum)
347 1472 396 1504 ut
421 1457 623 1505 doctrina
646 1473 762 1506 certe
785 1474 915 1519 atque
939 1460 1186 1520 integritate
1209 1461 1344 1508 animi
1370 1461 1479 1508 nulli
1504 1461 1633 1518 cedit,
1657 1463 1717 1509 ita
1736 1462 1942 1523 profecto

134 1524 306 1572 adiectu
324 1540 568 1572 ceterarum
584 1544 760 1587 quoque
781 1526 1123 1588 disciplinarum,
1145 1546 1254 1589 quae
1273 1530 1434 1576 merito
1451 1547 1607 1577 ornare
1626 1531 1763 1577 vitam
1781 1530 1939 1587 solent,

134 1607 176 1640 et
202 1592 377 1641 dicendi
403 1593 592 1641 artificio
618 1593 747 1655 longe
774 1595 861 1642 iam
886 1596 1087 1656 superior
1115 1595 1312 1653 habetur3
1340 1615 1618 1659 quorumque
1648 1616 1740 1645 non
1769 1599 1814 1645 in
1841 1598 1942 1646 foro

131 1661 277 1709 solum
299 1662 521 1723 causisque
542 1661 801 1720 forensibus,
823 1663 899 1711 sed
917 1664 962 1710 in
981 1665 1182 1712 maximis
1200 1664 1503 1726 legationibus,
1523 1666 1600 1713 sed
1618 1667 1663 1713 in
1682 1682 1849 1723 senatu,
1867 1667 1944 1715 sed

134 1730 179 1776 in
206 1730 527 1790 magistratibus
553 1732 720 1791 experti
744 1749 893 1779 sumus
921 1733 1255 1794 experimurque
1283 1733 1480 1794 quotidie
1504 1735 1730 1791 virtutem,
1755 1750 1803 1782 ut
1830 1735 1939 1782 nulli

133 1798 321 1845 omnino
342 1816 434 1845 non
453 1799 616 1846 mirum
637 1817 724 1847 esse
743 1799 896 1847 debeat
912 1801 947 1848 si
964 1800 1110 1862 plures
1129 1801 1381 1849 huiusmodi
1402 1803 1518 1850 inter
1531 1821 1575 1850 se
1591 1804 1769 1864 patroni
1788 1803 1941 1851 eadem

133 1867 179 1912 in
205 1884 331 1913 causa
354 1868 544 1914 sentiant
569 1885 662 1914 non
689 1867 819 1915 idem.
847 1868 986 1928 Quod
1011 1883 1161 1916 tamen
1185 1871 1395 1931 quoniam
1423 1870 1519 1918 fieri
1545 1871 1752 1919 omnibus
1781 1871 1870 1919 fere
1894 1873 1940 1919 in

132 1935 269 1981 causis
291 1934 505 1991 videmus,
531 1936 704 1982 evenire
727 1935 772 1983 id
794 1936 1058 1984 obscuritate
1084 1955 1230 1995 rerum
1253 1953 1301 1985 ut
1326 1938 1640 1987 concludamus
1665 1954 1727 1987 est
1753 1958 1937 1988 necesse.

131 2006 239 2049 Eam
259 2017 406 2050 autem
424 2021 517 2050 non
534 2021 558 2051 a
574 2018 730 2051 natura
746 2022 848 2061 esse,
868 2023 976 2066 quae
994 2005 1145 2053 lumen
1162 2024 1289 2054 suum
1309 2007 1506 2055 accendit
1523 2008 1568 2054 in
1587 2008 1715 2055 nobis
1735 2023 1777 2056 et
1792 2010 1940 2069 posuit

132 2088 314 2118 omnem
336 2086 452 2119 recte
471 2071 650 2120 vivendi
668 2073 885 2120 rationem
905 2074 951 2120 in
968 2074 1219 2135 propatulo,
1242 2090 1290 2123 ut
1310 2090 1372 2123 est
1391 2094 1415 2123 a
1434 2094 1504 2123 me
1522 2076 1655 2137 paulo
1675 2092 1775 2124 ante
1793 2095 1938 2138 supra-

132 2139 315 2196 dictum,
353 2140 635 2188 manifestum
671 2156 746 2188 est.
781 2141 865 2189 Sed
898 2144 1141 2190 coacervati
1173 2143 1272 2191 libri
1308 2162 1494 2202 rursum,
1532 2160 1574 2192 et
1606 2160 1674 2192 tot
1708 2160 1942 2207 tantaeque

131 2205 320 2254 eadem⁴⁷
340 2226 465 2268 saepe
486 2208 539 2255 de
558 2227 602 2255 re
623 2227 672 2256 ac
690 2224 780 2256 tam
800 2210 991 2257 diversae
1011 2211 1327 2272 disputationes
1346 2227 1388 2259 et
1408 2227 1602 2260 conatus.
1626 2213 1752 2273 Quid
1771 2215 1934 2261 mirum

129 2275 164 2321 si
186 2276 384 2322 animum
407 2276 514 2336 quid
534 2276 853 2324 haesitantem⁴⁸
875 2279 920 2324 in
938 2279 1165 2339 principiis
1185 2279 1365 2327 trahunt
1386 2281 1431 2326 in
1452 2280 1640 2328 diversa?
1659 2286 1781 2329 Nam
1802 2282 1937 2343 quod,

130 2341 318 2390 ducente
337 2359 698 2405 monstranteque
719 2360 874 2393 natura
892 2345 1051 2394 facile⁴⁹
1069 2348 1164 2408 quis
1182 2362 1338 2409 suopte
1359 2347 1489 2396 fuerit
1509 2350 1686 2410 ingenio
1705 2365 1935 2407 assecutus,

130 2412 346 2471 congestis
362 2412 422 2459 ita
433 2413 885 2472 argumentationibus
902 2414 1039 2462 modo
1057 2415 1181 2472 hanc,
1196 2416 1334 2464 modo
1350 2416 1467 2464 illam
1482 2432 1654 2478 partem
1668 2418 1933 2466 confirman-

130 2478 246 2526 tibus
268 2494 342 2526 aut
364 2479 705 2537 infirmantibus,
732 2482 838 2542 quid
858 2483 950 2530 veri
970 2483 1149 2531 tandem
1172 2485 1217 2530 in
1240 2502 1284 2532 re
1304 2486 1359 2532 sit
1382 2501 1605 2546 nequeunt
1627 2486 1866 2534 dinoscere.

213 2550 321 2594 Duo
349 2547 566 2595 librorum
598 2549 718 2596 milia
746 2549 874 2597 fuisse
904 2551 1129 2611 quondam
1158 2552 1302 2612 legalis
1330 2553 1581 2614 disciplinae
1611 2559 1934 2611 Romanorum,

130 2629 365 2675 antequam
383 2633 478 2663 eam
496 2618 757 2664 Iustinianus
775 2618 1042 2675 emendaret,
1057 2621 1295 2667 memoriae
1313 2621 1600 2669 tradiderunt.
1617 2623 1743 2681 Quid
1759 2624 1794 2670 si
1810 2623 1937 2683 plura

130 2682 262 2729 etiam
279 2683 417 2730 modo
435 2685 728 2744 reperiantur?
745 2685 870 2744 Quid
884 2687 919 2733 si
937 2686 1080 2734 multo
1098 2688 1432 2736 inconcinniora
1449 2704 1492 2736 et
1505 2689 1802 2750 perplexiora?
1820 2692 1934 2750 Quis

129 2750 248 2796 enim
275 2765 336 2797 est
363 2766 436 2798 aut
462 2750 543 2798 fuit
567 2750 735 2812 paulo⁵⁰
763 2753 938 2800 doctior
961 2755 1290 2803 iurisconsultus
1319 2757 1393 2817 qui
1418 2756 1582 2817 aliquid
1605 2775 1629 2804 a
1651 2776 1695 2805 se
1719 2759 1932 2819 scriptum

208 3009 225 3031 Ρ
249 3004 435 3054 Referring
458 3018 498 3043 to
525 3008 715 3045 Accumius
740 3007 782 3045 of
804 3009 948 3056 Reggio,
975 3009 1037 3047 the
1060 3009 1200 3048 famous
1227 3010 1591 3060 thirteenth-century
1613 3012 1786 3060 glossator
1810 3012 1851 3050 of
1874 3013 1936 3051 the

131 3057 262 3104 Corpus
277 3059 364 3094 Iuris
381 3057 503 3095 Civilis
520 3058 588 3106 (see
606 3058 751 3096 Fiorelli
765 3060 805 3096 in
818 3061 907 3103 DBI,
921 3060 1005 3109 5.v.),
1025 3060 1096 3099 and
1112 3062 1208 3099 Cino
1223 3061 1423 3110 Sighibuldi
1437 3062 1479 3100 of
1493 3064 1634 3108 Pistoia;
1651 3078 1703 3102 on
1720 3064 1846 3102 Baldus
1864 3064 1934 3102 and

130 3108 304 3153 Bartolus,
320 3124 378 3148 see
397 3123 484 3148 note
502 3110 539 3159 h)
557 3111 682 3149 above.

208 3170 225 3193 ‘¹
242 3166 355 3211 Plato,
372 3167 594 3216 Hipparchus,
615 3172 683 3206 232
700 3172 739 3213 B,
757 3169 801 3207 cf.
820 3173 886 3207 227
904 3172 1001 3208 A-E.
