2106 3464
156 184 215 225 24
1794 188 1933 222 PART
1958 189 1972 223 1

884 353 889 359 ·
1042 333 1092 375 31

527 405 605 444 TO
627 405 1010 444 ALESSANDRO
1033 405 1314 444 BRACCESI
1336 406 1401 443 IN
1423 405 1606 443 ROME²

687 472 913 519 Florence,
938 475 984 512 13
1008 471 1262 512 November
1285 466 1447 521 [1470]¹’

242 565 351 615 Bod³,
374 566 441 607 fol.
466 570 571 607 125v.
593 568 724 619 Paper.
746 568 874 619 Copy.
896 565 1022 618 Partly
1042 565 1100 606 ed.
1122 565 1326 614 Kristeller,
1350 567 1426 605 ‘An
1446 564 1649 606 unknown
1670 580 1893 618 correspon-

242 624 371 664 dence’
396 623 471 676 (K),
491 626 648 671 353-54‚
667 622 818 671 studies,
839 625 882 671 II,
904 626 1074 671 376-773c
1092 621 1205 670 Scala,
1230 625 1367 663 170—73
1390 625 1576 671 [117-19].

158 728 498 776 Bartholomeus
520 727 641 775 Scala
659 727 915 774 Alexandro
935 726 1119 774 salutem
1142 726 1260 774 dicit.
1283 731 1394 773 Non
1415 726 1550 782 soleo,
1574 741 1622 773 ut
1642 727 1736 782 scis,
1759 744 1847 774 esse
1868 727 1977 774 curi-

157 798 278 844 osior
301 814 442 857 neque
462 795 705 856 loquacior,
730 796 773 841 in
794 794 1028 842 scribendo
1048 795 1319 855 praesertim,
1342 794 1452 842 adeo
1472 809 1519 841 ut
1541 792 1687 841 etiam¹
1711 794 1975 855 respondere

155 865 321 912 soleam
349 864 506 911 litteris
532 865 614 911 nisi
643 882 695 911 ex
722 881 847 911 causa
872 878 919 910 ut
947 863 1209 910 brevitatem
1233 863 1387 910 saltem
1414 864 1545 910 etiam
1572 862 1642 910 ille
1670 863 1979 924 tergiversator

157 933 350 981 adimere
368 933 529 980 nostris
548 932 743 993 epistolis
763 950 855 979 non
875 946 1018 993 queat.
1039 936 1188 992 Itaque
1205 931 1348 979 alteris
1365 931 1521 979 litteris
1538 932 1623 978 tuis
1641 949 1733 978 non
1752 931 1973 992 respondi,

156 1002 315 1063 quibus
340 1002 553 1062 accepisse
575 1000 755 1048 tandem
778 1015 946 1048 nostras
967 1015 1009 1047 te
1029 1000 1194 1048 litteras
1213 999 1544 1061 significaveras.
1568 999 1713 1047 Modo
1734 1000 1867 1047 etiam
1887 1018 1979 1047 ver-

155 1070 288 1118 bosus
313 1088 401 1118 esse
423 1084 571 1117 tecum
593 1069 711 1117 volo.
736 1069 981 1117 Prudenter
1000 1070 1136 1130 egisti,
1160 1068 1281 1130 quod
1303 1068 1539 1116 doctorum
1564 1068 1616 1116 de
1635 1068 1791 1116 litteris
1812 1069 1973 1117 nostris

155 1140 356 1187 virorum
379 1138 591 1186 iudicium
612 1138 852 1199 intelligere
870 1138 1060 1185 voluisti.
1084 1142 1218 1185 Recte
1233 1139 1351 1185 enim
1371 1139 1552 1199 quisque
1573 1137 1734 1185 iudicat
1753 1156 1862 1199 quae
1881 1156 1977 1198 cog-

157 1208 314 1264 noscit,
345 1222 392 1255 ut
422 1208 479 1255 ait
507 1201 802 1254 Aristoteles.d
832 1208 996 1263 Ceteri,
1024 1207 1103 1254 etsi
1132 1221 1334 1267 arrogant
1361 1206 1443 1254 sibi
1472 1224 1619 1254 rerum
1648 1207 1973 1267 incognitarum

157 1276 384 1332 iudicium,
409 1275 670 1337 aspernandi
691 1290 807 1331 sunt,
831 1275 958 1322 nobis
980 1275 1251 1336 praesertim,
1274 1276 1349 1336 qui
1371 1292 1463 1322 non
1485 1274 1539 1322 ad
1555 1274 1711 1335 populi
1734 1275 1976 1322 vanitatem

157 1346 248 1392 nati
283 1363 371 1392 esse
407 1344 631 1401 debemus,
668 1343 744 1391 sed
778 1343 831 1391 ad
865 1341 1128 1391 litterarum²
1163 1344 1435 1404 gravitatem,
1470 1342 1524 1391 ad
1557 1340 1885 1399 constantiam,³
1921 1342 1976 1391 ad

154 1413 501 1475 philosophiam,
531 1412 586 1460 ad
606 1412 784 1460 vivendi
807 1413 1099 1469 severitatem3
1121 1430 1326 1473 quorum,
1353 1413 1432 1459 etsi
1453 1412 1712 1473 perexiguus
1738 1426 1800 1459 est
1824 1429 1975 1459 nume-

157 1501 242 1539 rus,
266 1500 346 1529 nos
369 1496 520 1529 tamen
541 1481 682 1528 nihilo
706 1481 763 1528 ob
789 1481 874 1528 hoc
897 1482 1041 1528 minus
1066 1479 1223 1528 anniti⁴
1243 1481 1480 1541 conarique
1503 1480 1712 1528 debemus
1733 1494 1796 1537 ut,
1817 1480 1973 1541 spretis

156 1565 373 1612 quantum
393 1568 472 1611 per
489 1551 824 1611 corruptionem
848 1549 936 1597 fere
954 1550 1157 1597 omnium
1179 1549 1279 1597 licet
1296 1548 1479 1610 vulgatis
1500 1548 1734 1605 erroribus,
1754 1549 1975 1596 veriorem

155 1621 270 1667 vitae
288 1620 404 1666 viam
425 1618 723 1680 ingrediamur
741 1616 801 1666 et5
820 1618 1035 1675 homines,
1058 1633 1272 1679 quantum
1293 1619 1338 1664 in
1358 1618 1484 1665 nobis
1503 1618 1572 1674 sit,
1594 1617 1648 1665 ad
1664 1616 1976 1665 rectitudinem

155 1688 335 1736 vivendi
356 1687 628 1735 reducamus.
651 1692 714 1734 Ex
735 1687 942 1734 omnibus
967 1702 1113 1735 autem
1134 1687 1261 1734 rebus
1284 1686 1485 1734 humanis
1508 1686 1760 1747 eloquentia
1778 1685 1889 1733 mihi
1909 1704 1976 1734 ex-

155 1757 464 1804 cellentissima
488 1756 702 1817 quaedam
726 1774 791 1803 res
812 1755 951 1803 videri
972 1755 1095 1803 solet.
1122 1760 1270 1817 Itaque
1291 1755 1596 1803 vehementius
1618 1756 1663 1801 in
1686 1755 1776 1802 eius
1799 1773 1976 1816 corrup-

155 1841 274 1873 tores
300 1825 648 1886 laceratoresque
676 1843 998 1886 nonnunquam
1031 1843 1334 1881 commoveor,
1366 1824 1505 1872 homo
1535 1825 1718 1871 minime
1747 1823 1972 1885 eloquens,

155 1893 216 1942 at⁶
243 1894 520 1955 eloquentiae
548 1908 664 1941 certe
690 1912 839 1941 amore
866 1894 1066 1955 inprimis
1094 1911 1309 1941 accensus.
1339 1897 1466 1953 Quae
1492 1911 1617 1940 causa
1642 1892 1724 1940 fuit
1749 1893 1971 1954 principio

156 1963 284 2011 huius
310 1963 451 2010 nostri
476 1963 670 2010 muneris
697 1977 745 2010 ut
769 1963 856 2010 tiro
878 1962 975 2023 plus
1001 1962 1207 2010 auderem
1232 1980 1364 2023 quam
1388 1976 1487 2010 ante
1511 1961 1674 2009 multos
1700 1979 1838 2009 annos
1864 1960 1973 2009 mul-

154 2047 334 2092 tamque
356 2046 544 2078 aetatem
564 2049 617 2078 ne
638 2032 834 2078 veterani
854 2030 1033 2091 quidem
1055 2030 1182 2078 multi
1206 2031 1351 2091 magni
1373 2045 1414 2077 et
1435 2030 1538 2077 clari
1558 2031 1640 2077 viri
1661 2030 1750 2077 ausi
1771 2044 1886 2077 sunt.
1907 2033 1972 2076 Ex

155 2118 260 2161 quo,
281 2115 328 2147 ut
350 2101 480 2156 nosti,
502 2099 736 2147 incidimus
756 2100 918 2160 partim
939 2099 991 2147 ab
1012 2099 1189 2156 invidia,
1208 2100 1371 2160 partim
1390 2098 1443 2146 ab
1462 2099 1737 2159 ignoratione
1759 2097 1969 2159 domique

155 2183 196 2216 et
218 2168 324 2216 foris
345 2183 387 2216 et
406 2169 544 2216 varias
564 2169 898 2229 reprensiones.e
919 2172 972 2215 Et
993 2167 1062 2215 ille
1084 2167 1352 2228 obiurgator,
1376 2185 1476 2215 cum
1498 2185 1578 2214 nos
1598 2167 1751 2214 Latine
1768 2166 1972 2214 scribere-

156 2255 253 2284 mus
271 2236 325 2284 ad
338 2255 478 2284 unum
499 2254 687 2283 numero
705 2236 925 2297 singulari,
942 2236 1073 2283 scribi
1091 2236 1145 2283 ad
1158 2239 1390 2283 Summum
1410 2234 1675 2282 Pontificem
1692 2249 1903 2295 tanquam
1919 2233 1974 2282 ad

153 2305 448 2366 presbiterum
474 2304 696 2366 quendam
720 2305 988 2352 rusticanum
1012 2304 1167 2352 litteris
1188 2304 1240 2351 ab
1264 2309 1408 2351 Roma
1430 2318 1695 2365 conquestus
1718 2318 1794 2360 est,
1819 2303 1974 2350 excita-

235 2567 247 2581 ²
267 2562 434 2606 Braccesi,
454 2561 540 2599 who
560 2576 630 2599 was
649 2561 774 2599 Scala’s
794 2562 954 2599 assistant
973 2562 1013 2598 in
1029 2560 1091 2599 the
1109 2560 1297 2609 chancery,
1315 2560 1386 2598 had
1403 2560 1495 2598 been
1510 2558 1725 2609 despatched
1741 2571 1781 2597 to
1801 2562 1918 2597 Rome
1936 2559 1977 2596 in

155 2615 321 2653 October
343 2619 430 2653 1470
450 2629 484 2653 as
503 2627 680 2664 secretary
699 2627 738 2653 to
756 2614 819 2652 the
838 2627 913 2652 two
935 2614 1142 2652 Florentine
1160 2613 1400 2652 ambassadors
1422 2613 1523 2652 there
1540 2626 1580 2651 to
1600 2612 1774 2651 conclude
1794 2627 1813 2651 a
1831 2611 1971 2661 general

152 2667 274 2716 league
295 2669 428 2716 against
446 2667 508 2705 the
528 2667 686 2705 Turkish
702 2667 831 2705 threat.
849 2670 911 2705 See
930 2671 1106 2711 Lorenzo,
1123 2670 1253 2705 Lettere
1272 2670 1296 2711 I,
1315 2670 1461 2711 230-33‚
1483 2668 1658 2710 L.Pastor,
1676 2668 1787 2703 Storia
1804 2664 1861 2703 dei
1874 2667 1970 2714 Papi,

154 2720 207 2758 ed.
224 2721 436 2764 AMercati,
453 2723 580 2764 Rome,
600 2723 698 2764 1961,
716 2723 757 2764 Π,
773 2723 920 2764 410-15,
938 2719 1009 2757 and
1021 2733 1073 2757 on
1088 2720 1254 2763 Braccesi,
1271 2721 1448 2756 A.Perosa
1463 2719 1502 2755 in
1514 2720 1602 2761 DBI,
1616 2732 1687 2762 s.v.,
1706 2717 1777 2756 and
1790 2716 1975 2755 Kristeller

154 2773 193 2809 in
211 2784 299 2810 note
317 2772 348 2820 c)
369 2771 499 2810 below.

235 2825 250 2850 ¹³
270 2833 335 2868 On
351 2830 414 2868 the
431 2830 522 2875 date,
541 2845 598 2869 see
618 2843 705 2868 note
723 2830 754 2879 a)
774 2830 899 2868 above.

236 2895 249 2909 ⁰
263 2891 330 2927 His
346 2889 655 2938 correspondence
669 2889 760 2927 with
774 2889 870 2927 Scala
884 2888 944 2927 has
959 2889 1050 2926 been
1063 2888 1180 2926 edited
1196 2888 1324 2926 almost
1340 2889 1379 2925 in
1392 2889 1435 2925 its
1450 2888 1605 2936 entirety
1618 2887 1667 2936 by
1682 2885 1968 2930 P.O.Kristeller,

155 2944 230 2978 ‘An
244 2941 439 2979 unknown
454 2941 801 2990 Correspondence,’
819 2945 965 2985 352-58‚
984 2940 1122 2984 Studies,
1140 2943 1181 2984 11,
1197 2943 1330 2978 341-83
1350 2939 1418 2988 (K).
1437 2943 1503 2988 My
1519 2939 1714 2977 references
1727 2950 1767 2976 to
1784 2938 1971 2976 Braccesi's

154 2993 275 3031 letters
292 3007 349 3031 are
365 3006 405 3031 to
423 2993 636 3031 Kristeller's
653 2993 802 3031 edition.
821 2992 907 3030 This
923 2992 1028 3030 letter
1043 2993 1070 3030 is
1086 2993 1233 3030 written
1247 2993 1286 3028 in
1302 2991 1403 3040 reply
1418 3003 1459 3028 to
1476 3005 1547 3028 one
1562 2990 1668 3028 dated
1687 2994 1729 3028 10
1744 2989 1968 3033 November,

235 3099 251 3123 ‘¹
270 3104 327 3142 Cf.
347 3104 559 3142 Nich.Ethz'cs
578 3105 806 3148 vi,10,1143a.

236 3169 248 3182 ‘
265 3165 329 3201 On
344 3163 470 3201 Scala's
488 3162 746 3201 controversia]
761 3162 912 3200 reforms
930 3163 969 3199 in
983 3163 1127 3210 writing
1142 3161 1261 3199 letters
1276 3160 1347 3199 and
1360 3160 1552 3204 mandates,
1568 3174 1625 3198 see
1642 3159 1747 3197 letter
1759 3162 1814 3203 24,
1831 3170 1918 3196 note
1931 3157 1968 3207 d)

154 3216 280 3253 above.
