2072 3450
165 169 254 208 538
831 166 889 206 V:
919 167 943 206 Ζ
1517 172 1769 207 TEXTUAL
1793 173 1969 208 NOTES

248 309 277 331 ⁴⁹
291 311 398 348 credo
408 322 484 359 post
498 313 627 348 Iratam
640 310 716 347 add.
734 308 789 347 Μ1

249 361 278 383 ⁵0
291 363 390 412 quod
399 374 476 411 post
490 363 626 399 bonam
639 362 702 399 del.
720 360 760 399 L²

249 414 275 436 ⁵¹
291 431 382 465 opus
398 446 405 453 .
422 446 428 453 .
446 446 452 453 .
467 415 634 453 arbitror:
648 427 698 452 est
713 430 804 464 opus
819 413 875 452 Ml

249 466 277 488 ⁵²
291 483 407 517 neque
422 469 616 505 immerito:
633 482 749 517 neque
763 467 799 505 id
813 468 995 505 immerito
1011 470 1048 504 in
1064 467 1248 516 margadd.
1266 465 1320 504 Μ1

249 520 275 542 ⁵³
292 523 328 559 in
342 552 350 559 .
367 552 374 559 .
390 552 397 559 .
413 522 565 559 bonum:
581 536 764 559 summum
781 521 922 558 bonum
938 522 974 558 in
989 521 1154 558 suavibus
1169 522 1331 570 corporis
1344 521 1611 559 titillationibus
1624 519 1677 558 Μ1

248 572 276 594 ⁵⁴
291 587 325 612 et
339 605 346 612 .
363 605 369 611 .
387 605 394 611 .
409 573 662 611 effeminatior:
677 586 717 611 ut
731 573 821 611 mihi
836 573 981 622 quidem
995 573 1137 611 videtur
1151 586 1254 622 atque
1270 573 1510 611 effeminatior
1524 571 1579 610 Μ1

248 626 275 648 ⁵⁵
290 629 399 677 magis
415 643 453 665 ex
466 629 586 665 minus
602 643 711 665 manu
724 630 871 665 auctoris
885 630 922 664 in
937 642 1128 676 margcorr.
1146 624 1198 672 L²;
1213 628 1332 665 minus
1347 625 1401 664 Μ1

248 679 276 701 56
290 683 341 718 At
355 711 362 718 .
378 711 385 718 .
403 711 410 718 .
424 680 596 730 effugisse:
614 683 750 718 Verum
766 695 842 717 non
856 681 989 729 poteris
1004 680 1130 718 eodem
1146 680 1257 718 modo
1273 679 1427 729 effugere
1442 678 1497 717 Μ1

248 733 276 755 ⁵⁷
290 747 324 772 et
338 735 488 772 doctum
504 765 511 772 .
527 765 534 772 .
551 765 558 772 .
573 749 727 783 quoque:
744 734 893 771 doctum
908 746 942 771 et
957 734 1055 783 quod
1069 735 1176 771 etiam
1191 734 1283 771 illius
1297 732 1353 771 M¹

247 785 274 807 ⁵⁸
289 787 559 836 Theophrastus
575 788 684 831 enim,
699 788 726 824 si
741 786 848 824 fueris
862 786 970 824 latine
984 788 1234 836 interpretatus
1247 786 1412 824 divinum
1425 801 1629 824 sermonem
1644 786 1858 835 significabit
1867 798 1944 836 post

288 841 485 889 elegantem
499 840 576 878 add.
594 838 648 877 Μ1

247 891 275 913 ⁵⁹
290 894 408 941 igitur:
424 905 543 930 autem
559 890 612 929 Μ1

247 944 276 966 ⁶⁰
289 947 440 995 sapienti
455 976 462 983 .
478 976 485 983 .
502 977 509 983 .
523 960 686 983 uxorem:
703 960 854 983 uxorem
869 946 1018 994 sapienti
1032 945 1231 983 ducendam
1246 960 1432 995 nunquam
1447 960 1517 983 esse
1532 958 1634 994 putat
1649 943 1702 983 M¹

246 996 273 1018 ⁶¹
289 999 350 1048 qui
365 1029 372 1036 .
390 1029 397 1036 .
422 999 477 1036 sit:
493 999 566 1047 ipse
582 996 636 1035 Μ1

247 1050 275 1072 ⁶²
289 1053 429 1101 optima
444 1067 482 1089 ac
496 1052 819 1089 confirmatissima:
838 1053 972 1100 egregia
987 1049 1040 1089 M¹

246 1102 274 1124 ⁶³
290 1104 376 1153 quid
390 1106 418 1141 si
428 1116 504 1153 post
518 1119 705 1153 nunquam
719 1104 830 1141 delevi

247 1156 275 1178 ⁶⁴
289 1170 461 1207 quattuor
475 1188 482 1195 .
499 1188 506 1195 .
522 1188 529 1195 .
543 1157 660 1195 simul:
678 1157 737 1194 illa
750 1170 921 1206 quattuor
935 1155 989 1194 Μ1

246 1208 274 1230 ⁶⁵
289 1222 409 1247 tamen
419 1221 496 1259 post
510 1224 598 1259 quae
612 1209 689 1247 add.
707 1208 761 1246 M¹

246 1262 275 1283 66
289 1276 409 1301 tamen
423 1263 485 1301 del.
503 1262 557 1300 M¹

246 1314 275 1336 ⁶⁷
289 1317 352 1353 etsi
368 1346 375 1353 .
392 1346 399 1353 .
415 1346 422 1353 .
436 1330 599 1353 uxorem:
617 1317 765 1364 quanvis
779 1315 967 1364 pulchram
981 1315 1121 1353 duxerit
1135 1330 1286 1353 uxorem
1301 1314 1356 1353 Μ1

246 1367 274 1389 ⁶⁸
289 1370 432 1407 merito:
447 1384 529 1407 vere
543 1367 598 1406 Μ1

246 1419 274 1442 ⁶⁹
288 1423 445 1460 Asinum
461 1452 468 1459 .
484 1452 491 1460 .
507 1452 514 1459 .
530 1434 654 1460 cetera:
670 1422 825 1459 Asinum
841 1452 848 1459 .
864 1452 871 1459 .
886 1421 1048 1466 domum,
1067 1437 1200 1471 agrum,
1217 1434 1400 1471 ceteraque
1415 1437 1453 1459 ex
1466 1422 1609 1466 Asinus,
1626 1421 1702 1466 bos,
1719 1436 1862 1471 equum,

287 1476 427 1520 domus,
446 1491 525 1525 ager
539 1488 723 1524 ceteraque
739 1474 793 1513 Μ1

261 1526 275 1548 ⁰
290 1529 418 1577 inquit:
434 1529 481 1565 ait
496 1526 549 1565 Μ1

247 1580 273 1601 ⁷¹
288 1584 387 1619 Nam
403 1581 489 1630 quid
499 1593 575 1630 post
589 1581 660 1618 Illis
674 1582 772 1618 enim
785 1581 846 1618 del.
864 1579 917 1618 Μ1

247 1631 274 1653 ⁷²
290 1634 571 1671 instituentibus:
586 1633 866 1682 precipientibus
880 1631 934 1670 Μ1

246 1685 274 1706 ⁷³
289 1699 416 1724 natura
429 1701 468 1724 ex
480 1689 579 1724 Nam
595 1701 705 1724 manu
717 1690 864 1724 auctoris
878 1689 914 1724 in
930 1701 1121 1735 margcorr.
1139 1684 1180 1724 L²

247 1737 275 1759 ⁷⁴
289 1739 380 1776 nihil
395 1769 402 1776 .
418 1769 425 1776 .
442 1770 449 1776 .
464 1739 579 1777 rebus:
596 1754 638 1776 ex
653 1739 823 1776 omnibus
839 1739 942 1776 rebus
958 1738 1049 1776 nihil
1063 1740 1217 1776 inveniri
1228 1751 1346 1788 potest
1360 1737 1414 1776 M¹

247 1791 273 1813 ⁷⁵
290 1792 357 1830 illis
369 1804 452 1830 ante
464 1792 580 1830 desint
593 1792 670 1830 add.
688 1790 754 1836 M¹;
768 1792 830 1830 del.
848 1790 889 1829 L²

247 1843 274 1865 ⁷⁶
289 1845 399 1882 latina
411 1875 418 1882 .
435 1875 442 1882 .
458 1875 465 1882 .
481 1844 611 1893 lingua:
626 1857 706 1882 tum
722 1844 840 1888 latina,
855 1857 934 1882 turn
950 1857 1110 1882 materna
1123 1844 1242 1893 lingua
1256 1860 1362 1893 quam
1378 1857 1551 1882 etruscam
1566 1857 1697 1882 vocant
1711 1842 1775 1888 M¹;
1791 1859 1898 1893 quam

287 1901 472 1935 Etruscam
487 1910 619 1935 vocant
628 1909 705 1947 post
719 1898 838 1946 lingua
850 1898 912 1935 del.
930 1896 970 1935 L²

246 1948 275 1970 ⁷⁷
288 1963 340 1988 ut:
355 1963 389 1988 et
404 1948 458 1987 Μ1

246 2002 273 2024 ⁷⁸
288 2005 315 2041 si
331 2004 367 2041 id
381 2005 479 2041 norit
488 2015 564 2053 post
578 2019 677 2041 curas
691 2004 768 2041 add.
786 2002 839 2041 M¹

246 2054 274 2076 ⁷⁹
288 2069 339 2094 ut:
355 2057 454 2106 quod
468 2055 523 2094 M¹

247 2108 275 2130 ⁸⁰
288 2111 461 2148 coniunx:
474 2125 568 2148 uxor
582 2108 636 2147 M¹

246 2161 272 2182 ⁸¹
287 2162 454 2200 Athenis:
470 2175 503 2200 et
518 2177 620 2200 more
636 2175 722 2200 esset
738 2175 954 2200 cunctorum
968 2160 1021 2200 Μ1

246 2214 274 2236 ⁸²
288 2218 395 2254 etiam
405 2228 481 2266 post
495 2231 568 2266 quo
582 2216 660 2254 add.
677 2214 732 2254 Μ1

246 2267 273 2289 ⁸³
287 2284 410 2318 paene:
426 2269 498 2306 fere
513 2267 567 2306 Μ1

246 2320 274 2342 ⁸⁴
288 2322 397 2371 quod:
414 2324 496 2371 quia
510 2320 564 2359 Μ1

246 2372 272 2394 ⁸⁵
288 2390 337 2412 ac:
353 2387 458 2423 atque
474 2372 527 2411 Μ1

247 1526 260 1548 7

246 2425 274 2447 ⁸⁶
287 2427 343 2464 vel
358 2427 476 2465 multo
491 2429 599 2476 magis
610 2438 686 2476 post
699 2440 778 2465 tum
792 2427 869 2464 add.
887 2426 941 2464 Μι

246 2477 274 2499 ⁸⁷
288 2479 485 2517 admodum
496 2491 573 2528 post
587 2494 663 2517 non
675 2479 752 2517 add.
770 2477 824 2516 M¹

247 2531 273 2553 ⁸⁸
289 2534 362 2582 ipsa
377 2548 441 2582 per
454 2548 500 2570 se:
516 2547 580 2582 per
593 2548 628 2570 se
644 2534 750 2570 etiam
765 2531 817 2570 M¹

246 2583 274 2605 ⁸⁹
289 2586 528 2634 reperiuntur:
543 2586 766 2634 reperiantur
778 2583 832 2622 Μ1

245 2636 275 2658 ⁹⁰
289 2651 404 2687 atque:
421 2651 455 2676 et
469 2636 523 2675 Μ1

245 2688 272 2710 ⁹¹
288 2690 397 2740 quod:
414 2691 441 2728 si
456 2688 511 2727 M¹

245 2741 274 2764 ⁹²
289 2759 359 2782 esse
374 2744 471 2781 velit:
486 2745 530 2781 sit
545 2742 599 2781 M¹

245 2793 273 2816 ⁹³
288 2796 365 2834 Sed:
381 2798 432 2834 At
446 2794 499 2833 M¹

245 2847 274 2870 ⁹⁴
288 2849 431 2887 liberos:
446 2849 542 2887 filios
556 2847 611 2887 Μ1

245 2899 273 2922 ⁹⁵
290 2901 448 2951 refugiat:
465 2901 632 2950 refugerit
646 2899 701 2939 Μι

246 2953 274 2975 ⁹⁶
288 2955 355 2993 sibi
364 2966 441 3004 post
455 2970 524 3004 qua
537 2955 614 2993 add.
632 2953 686 2992 M¹

246 3005 275 3027 ⁹⁷
288 3008 322 3045 Si
337 3008 446 3045 enim:
461 3010 630 3056 Namque
645 3008 672 3044 si
687 3004 743 3044 M¹

246 3058 274 3080 ⁹⁸
289 3061 366 3109 Qui
381 3058 448 3104 M¹;
463 3060 578 3108 Quod
593 3058 635 3097 L²

246 3110 275 3132 ⁹⁹
289 3113 511 3149 amittentur:
527 3113 738 3149 amittantur
752 3114 798 3149 L1

250 3163 291 3185 ¹⁰⁰
305 3166 424 3214 ipsius:
440 3166 549 3214 patris
563 3163 618 3202 Μ1
