2106 3464
187 173 244 212 22
1823 177 1962 210 PART
1987 177 2001 210 I

190 317 391 363 motione
413 316 618 362 citissime
640 314 913 361 dissolvatur.
938 314 1128 360 Proinde
1148 313 1370 374 aperiendi
1391 313 1507 360 oculi
1528 328 1569 360 et
1590 314 1635 359 in
1655 313 1798 360 lucem
1821 314 2004 374 dirigen-

189 384 268 431 dae
286 385 396 431 acies
413 401 467 430 ne
485 383 641 430 incerti
658 397 699 429 et
716 383 1006 429 caecutientes
1023 382 1340 442 opprimamur.
1361 381 1499 428 Nulla
1515 381 1817 428 benefaciendi
1833 382 2005 429 occasio

186 451 582 514 praetermittenda
597 466 672 498 est.
690 450 817 497 Nihil
839 465 900 498 est
920 451 1037 497 enim
1057 465 1148 497 tam
1166 449 1416 506 molestum,
1438 468 1539 497 cum
1559 448 1659 497 finis
1679 449 1796 497 adest
1812 449 2004 507 vivendi,

189 539 322 582 quam
338 521 563 568 bonorum
584 538 635 567 ex
650 519 911 580 negligentia
924 519 1333 580 praetermissorum
1351 536 1536 579 operum
1555 518 1815 565 recordatio.
1831 519 2006 566 Vanita-

188 605 280 637 tem
301 604 448 637 autem
467 606 664 644 omnem,
688 587 885 635 mortalis
905 602 946 635 et
965 588 1104 635 inanis
1124 587 1285 648 gloriae
1302 587 1477 648 penitus
1497 586 1684 643 abiicias,
1706 605 1814 648 quae
1831 586 2005 648 plerun—

189 677 273 720 que
306 658 545 705 humanam
579 657 748 704 irretire
778 671 974 704 mentem
1006 657 1065 703 ita
1091 656 1201 703 solet
1233 671 1280 703 ut
1312 655 1420 702 nihil
1453 673 1622 712 eorum,
1656 655 1710 703 ad
1738 674 1847 716 quae
1878 670 2005 703 natus

190 727 329 774 homo
352 741 428 783 est,
450 726 670 773 reminisci
693 739 835 786 queat.
856 729 1091 772 Mortuum
1113 725 1244 785 igitur
1264 742 1333 771 me
1354 724 1472 772 nulla
1492 723 1666 771 funebri
1684 742 1864 785 pompa,
1887 723 2007 772 nulla

188 796 400 843 inanitate
428 793 681 842 huiusmodi
709 811 987 855 prosequere.
1016 793 1100 840 Sed
1127 811 1267 854 neque
1295 792 1438 840 dolori
1465 792 1740 854 lacrimisque
1769 792 2004 853 indulgeas.

188 864 394 911 Precibus
413 878 588 910 tantum
606 863 688 923 piis
708 880 756 909 ac
771 862 1164 923 supplicationibus
1186 862 1387 922 vitaeque
1403 862 1631 908 sanctitate
1648 876 1689 908 et
1707 862 1752 907 in
1770 862 1924 922 primis
1944 862 2005 907 in-

188 931 474 979 violatissima
494 932 682 978 iustitiae
703 930 980 978 observantia
998 945 1038 977 et
1058 931 1103 976 in
1123 944 1245 977 tuam
1262 930 1403 991 patria
1419 931 1595 990 pietate,
1614 929 1737 977 humi
1759 948 1852 976 non
1871 929 2007 977 excel-

158 1055 160 1057 ,
187 1019 237 1048 so
259 1000 408 1061 aliquo
431 1000 714 1047 monimento
736 999 957 1060 sepultum
982 998 1220 1055 decorabis;
1242 998 1449 1059 dabisque
1471 1007 1650 1059 operam
1672 1012 1720 1045 ut
1742 999 1802 1045 ita
1818 999 1938 1046 vivas
1956 1013 2005 1045 ut

188 1069 300 1116 bene
322 1068 502 1115 vivendi
524 1068 576 1115 de
596 1082 638 1114 te
661 1067 913 1127 exemplum
937 1085 1089 1127 capere
1108 1067 1243 1127 possit
1269 1067 1383 1113 cives
1404 1067 1481 1113 tui.
1504 1069 1606 1113 Deo
1628 1081 1789 1122 autem,
1812 1067 1882 1113 cui
1901 1081 2002 1113 sunt

189 1155 316 1184 curae
332 1135 538 1197 profecto
555 1136 752 1183 civitates
767 1153 1004 1196 earumque
1022 1149 1213 1182 rectores
1229 1149 1270 1182 et
1285 1135 1517 1195 principes,
1538 1135 1612 1195 qui
1628 1135 1778 1181 vicarii
1792 1149 2008 1195 putantur

189 1206 234 1251 in
252 1205 378 1252 terris
395 1204 596 1261 deorum,
618 1205 677 1251 ita
690 1203 859 1265 placeas
874 1218 922 1251 ut
940 1221 1040 1251 cum
1060 1218 1102 1250 te
1116 1203 1250 1264 paulo
1266 1218 1380 1264 post,
1400 1202 1777 1264 quemadmodum
1799 1221 1917 1250 nunc
1935 1221 2005 1250 me

189 1288 381 1330 revocat,
397 1273 537 1320 redire
553 1274 599 1319 in
615 1273 835 1320 veriorem
851 1272 1262 1333 diuturnioremque
1279 1273 1481 1333 patriam,
1497 1286 1539 1319 et
1554 1271 1608 1319 ad
1621 1272 1742 1319 cuius
1757 1271 2002 1319 similitudi-

189 1360 291 1390 nem
320 1343 349 1388 ii
377 1356 601 1389 terrestres
627 1341 920 1402 mortalesque
948 1355 1192 1388 conventus
1221 1340 1513 1388 conciliantur
1540 1340 1789 1397 hominum,
1822 1340 2003 1397 iubebit,

188 1411 470 1459 confidenter
492 1410 773 1471 hilariterque
797 1410 1103 1471 obtemperes.’

274 1483 402 1539 Quae
431 1498 533 1527 cum
563 1479 753 1535 dixisset,
781 1494 828 1526 ut
856 1497 935 1526 vos
962 1479 1092 1535 scitis,
1123 1479 1328 1526 Laurenti
1356 1493 1397 1526 et
1425 1478 1587 1526 Iuliane
1614 1477 1823 1534 Medices,
1849 1496 1898 1525 ac
1923 1496 2005 1525 nos

188 1566 380 1610 quoque,
404 1549 479 1609 qui
500 1547 722 1604 affuimus,
746 1548 837 1594 veri
858 1562 987 1594 testes
1005 1565 1168 1603 sumus,
1193 1561 1340 1594 totum
1361 1565 1404 1594 se
1425 1546 1478 1594 ad
1497 1546 1668 1594 futurae
1689 1547 2005 1607 cogitationem

186 1618 302 1664 vitae
331 1617 566 1672 convertit3
595 1616 765 1676 fuitque
795 1616 1026 1663 nobiscum
1060 1615 1217 1662 deinde
1245 1615 1411 1676 aliquot
1441 1616 1500 1662 ita
1525 1614 1615 1662 dies
1643 1629 1690 1662 ut
1717 1614 2001 1662 simulacrum

187 1700 363 1732 tantum
379 1686 536 1732 Cosmi
553 1684 803 1732 videremus
819 1699 948 1745 atque
963 1683 1300 1745 alloqueremur,
1318 1687 1536 1731 Cosmum
1556 1698 1703 1730 autem
1719 1684 1876 1744 ipsum,
1895 1682 2005 1730 idest

189 1768 386 1801 mentem
411 1754 698 1814 animumque
724 1754 869 1813 ipsius,
895 1753 999 1799 vivo
1024 1752 1167 1799 adhuc
1188 1767 1229 1799 et
1251 1752 1393 1799 calido
1415 1770 1600 1812 corpore
1626 1770 1678 1799 ex
1699 1752 1826 1812 gestis
1848 1751 2008 1799 verbis-

188 1840 272 1882 que
309 1822 400 1868 eius
435 1836 621 1868 tractare
654 1822 740 1868 iam
777 1820 945 1867 caelum
981 1820 1329 1867 manifestissime
1368 1819 1796 1880 deprehenderemus
1828 1834 1876 1866 ut
1911 1837 2005 1866 non

189 1890 416 1936 immerito
449 1907 558 1949 quae
593 1888 647 1935 ad
677 1888 819 1935 filium
853 1906 983 1949 supra
1015 1888 1169 1935 dixisse
1205 1888 1515 1948 explicavimus
1548 1887 1825 1934 divinitatem
1856 1905 2005 1947 sapere

189 1957 411 2018 quandam
427 1972 582 2018 putare
600 1956 847 2004 debeamus.
867 1956 1030 2003 Eadem
1047 1974 1154 2003 vero
1168 1974 1247 2003 vos
1265 1956 1419 2003 dixisse
1437 1955 1563 2003 vobis
1580 1970 1809 2016 parentem
1826 1958 2006 2002 Petrum

189 2027 448 2082 existimate,
472 2044 520 2072 ac
541 2040 740 2086 reputate
760 2025 990 2072 vobiscum
1016 2025 1148 2072 etiam
1172 2039 1301 2086 atque
1323 2025 1454 2072 etiam
1477 2042 1566 2085 quo
1590 2024 1661 2071 illa
1683 2023 1867 2071 tendant
1885 2041 2006 2085 prae-

188 2109 326 2155 cepta.
349 2098 477 2153 Quae
500 2093 693 2155 quidem,
717 2112 814 2141 mea
831 2094 1061 2150 sententia,
1083 2094 1158 2154 qui
1177 2094 1426 2150 servaverit,
1448 2111 1539 2140 non
1560 2092 1704 2140 solum
1728 2111 1820 2139 non
1842 2092 2003 2153 indige-

187 2163 251 2210 bit
274 2163 414 2210 aliena
434 2162 753 2219 consolatione,
778 2162 853 2210 sed
873 2181 968 2209 eam
990 2180 1166 2223 quoque
1188 2163 1302 2209 vitae
1323 2163 1539 2209 rationem
1562 2161 1703 2218 inibit,
1728 2179 1851 2222 quae,
1873 2179 2005 2222 quan-

188 2246 285 2279 tum
315 2231 411 2279 fieri
436 2232 573 2292 possit
604 2231 871 2287 humanitus,
901 2232 1095 2292 quietam
1119 2231 1355 2291 praestabit
1384 2231 1594 2291 omnique
1622 2229 1938 2290 tranquillitate
1963 2244 2005 2277 et

188 2300 396 2347 felicitate
415 2299 592 2360 plenam
616 2300 766 2346 vitam.
790 2299 955 2346 Valete.

1071 2442 1124 2483 28

677 2512 755 2551 TO
779 2513 1147 2551 SACRAMORO
1172 2513 1516 2551 SACRAMORI

820 2579 1045 2625 Florence,
1067 2582 1119 2618 27
1136 2582 1248 2630 June
1273 2582 1377 2618 1470

273 2673 394 2713 ASMi
421 2675 505 2713 SPE
531 2673 692 2713 Fir.279.
723 2672 908 2725 Original.
936 2671 1174 2724 Autograph.
1209 2675 1324 2712 Verso:
1353 2671 1572 2724 ‘Magnifico
1604 2671 1806 2723 Compatri
1833 2686 1920 2711 meo

274 2729 310 2769 d.
313 2731 537 2781 Sagramoro
558 2729 693 2781 legato,
715 2742 784 2769 etc.
790 2731 798 2745 '
819 2728 931 2777 Scala,
954 2732 999 2769 56
1018 2731 1107 2777 [37].

189 2833 428 2894 Magnifice
455 2837 702 2903 Compater
727 2834 801 2880 mi.
828 2838 939 2880 Non
964 2851 1096 2894 posso
1121 2834 1283 2894 partire
1309 2832 1362 2880 da
1385 2833 1459 2893 qui
1485 2832 1529 2879 di
1554 2831 1727 2908 Palagio
1751 2831 1864 2878 dove
1888 2849 2002 2878 sono

188 2916 304 2949 stato
329 2917 449 2949 tutto
476 2903 586 2963 oggi.
618 2892 707 2949 Essi
733 2900 871 2962 presal
901 2902 1070 2962 optima
1095 2901 1409 2948 deliberatione
1436 2916 1477 2948 et
1503 2900 1582 2947 che
1607 2901 1649 2947 vi
1674 2899 1859 2961 piacera,
1885 2914 1927 2947 et
1954 2900 2004 2946 ri-

190 2970 453 3018 durrannosi
476 2971 515 3018 le
537 2989 635 3017 cose
656 2971 767 3017 bene
789 2985 830 3017 et
851 2988 977 3017 come
999 2969 1300 3016 desideriamo.
1324 2973 1364 3015 A
1386 2969 1528 3016 bocha
1548 2983 1720 3024 stasera,
1740 2986 1783 3015 se
1806 2986 1898 3015 non
1919 2968 2003 3028 pri—

191 3057 275 3095 ma,
298 3040 341 3085 vi
363 3038 643 3099 raguagliero.
667 3043 720 3085 Et
739 3057 782 3085 se
804 3038 968 3085 vedessi
990 3043 1191 3084 Lorenzo
1211 3039 1354 3098 prima
1375 3038 1435 3083 mi
1456 3036 1727 3097 piacerebbe,
1749 3054 1841 3082 non
1861 3035 2004 3082 dicen—

191 3106 249 3153 do
269 3106 420 3167 percio
444 3107 600 3153 havere
621 3125 721 3153 cosa
741 3106 894 3153 alcuna
914 3106 968 3152 da
988 3124 1069 3152 me.
1094 3110 1134 3151 A
1155 3106 1228 3152 voi
1252 3106 1312 3151 mi
1335 3104 1640 3151 raccomando.
1664 3109 1727 3150 Ex
1749 3103 1916 3150 Palatio
1936 3103 2005 3150 die

189 3179 244 3221 27
267 3175 379 3221 Iunii
407 3179 526 3222 1470.
552 3174 890 3221 Bartholomeus
913 3173 1044 3221 Scala.
