2124 3458
121 177 304 211 ESSAYS
1826 168 1916 209 369

857 316 918 359 12.
944 313 1194 359 Assentatio

940 380 1002 436 Bi,
1023 385 1108 427 47v

120 485 312 532 ‹D›icam
341 483 463 545 quod
491 498 568 540 est,
596 498 638 531 et
664 501 745 531 suo
774 484 954 544 quisque
984 482 1194 530 arbitratu
1223 483 1417 544 accipiat.
1446 482 1740 544 Abnegabunt
1772 482 1921 530 fidem.

120 552 247 612 Quid
271 567 367 600 tum
391 567 544 613 postea
569 554 586 599 ?
609 554 779 599 Tamen
803 552 891 612 ipse
916 569 1070 598 verum
1096 551 1260 598 dixero.
1287 552 1507 598 Lustranti
1529 551 1780 612 principum
1808 551 1924 598 aulas

122 619 581 681 magnificentiamque
606 619 908 667 aedificiorum
935 634 1063 680 atque
1087 634 1292 666 ornatum
1319 620 1562 675 contuenti,
1588 619 1787 666 volucres
1813 619 1922 665 mihi

121 688 179 735 ob
211 687 363 735 oculos
395 689 440 734 in
470 687 562 734 ludi
595 687 779 734 modum
812 686 1119 734 convolabant.
1152 688 1406 747 Harpy‹i›ae
1436 687 1630 747 primum
1663 688 1776 734 visae
1807 701 1923 742 sunt,

121 773 311 817 namque
330 755 511 802 humani
532 755 678 802 vultus
696 770 832 811 erant,
850 755 970 802 vocis
988 769 1134 802 autem
1150 772 1283 802 sonus
1303 754 1439 815 qualis
1459 755 1504 800 in
1521 754 1766 815 puellarum
1787 754 1926 801 audiri

121 824 267 871 choris
286 823 410 871 solet.
434 824 647 884 Principis
669 841 845 884 quoque
868 841 969 870 cum
993 840 1125 870 manu
1148 822 1379 879 alerentur,
1402 822 1546 870 alitori
1566 840 1647 870 suo
1669 823 1833 870 cicures
1854 840 1923 883 ap-

119 891 386 953 plaudebant
407 891 637 939 blanditer.

868 1031 930 1074 13.
954 1031 1123 1083 [Musae
1147 1029 1181 1083 ?]

941 1096 1005 1151 Bi,
1026 1099 1105 1142 29r

119 1202 305 1245 ‹M›usae
335 1215 436 1244 cum
466 1196 521 1244 ad
548 1197 779 1258 antiquum
809 1196 1073 1258 quandoque
1104 1196 1322 1258 hospitem
1355 1196 1644 1253 divertissent,
1674 1196 1814 1256 ‘Quid
1843 1215 1923 1244 vos

120 1265 357 1313 insolentes
390 1265 475 1312 huc
506 1265 686 1312 tandem
718 1267 749 1312 ?'
783 1265 924 1326 inquit
958 1264 1126 1326 hospes.
1163 1265 1352 1324 ‘Quibus
1387 1283 1467 1326 ego
1497 1283 1575 1312 vos
1606 1263 1922 1326 accipiebam,¹³

120 1333 292 1381 divitias
307 1338 428 1381 Mars
444 1333 554 1379 mihi
571 1333 646 1380 diu
660 1337 895 1394 Venusque
914 1348 956 1380 et
971 1334 1230 1390 Mercurius,
1247 1334 1330 1380 tria
1344 1334 1464 1394 quasi
1482 1334 1709 1380 coniurata
1724 1334 1920 1389 numina,

118 1402 436 1462 surripuerunt.
462 1401 614 1448 Valete
634 1405 816 1448 Musae.’

876 1542 938 1584 14.
962 1537 1172 1597 Prodigus

914 1605 977 1660 Bi,
998 1609 1133 1651 29r-v

120 1709 358 1770 ‹T›orrens‚
383 1707 458 1768 qui
478 1706 530 1754 de
551 1721 703 1754 monte
725 1721 851 1754 tanto
871 1724 972 1754 cum
994 1707 1161 1768 impetu
1182 1706 1410 1754 adventitii
1430 1707 1627 1754 humoris
1650 1706 1928 1754 deferebatur

120 1790 168 1822 ut
198 1776 503 1822 annosissimas
537 1776 668 1822 etiam
698 1793 882 1836 quercus
911 1774 1097 1822 divulsas
1125 1775 1410 1836 pertraheret,
1438 1793 1539 1822 cum
1571 1776 1615 1821 in
1644 1775 1826 1836 planum
1859 1775 1928 1822 de-

120 1842 314 1890 fluxisset
343 1858 385 1890 et
412 1843 617 1890 latissime
646 1843 940 1890 inundavisset
971 1844 1194 1904 regionem
1223 1844 1354 1890 etiam
1380 1840 1526 1900 Nili,¹⁴
1557 1844 1678 1890 cuius
1705 1843 1925 1890 beneficio

120 1911 298 1959 aluntur
313 1911 475 1958 multae
488 1926 651 1972 gentes,
665 1911 848 1972 gloriam
864 1911 945 1959 sibi
961 1911 1310 1959 ambitiosissime
1328 1911 1586 1959 vendicabat
1601 1911 1765 1959 nedum
1781 1912 1925 1959 vicina

120 1979 306 2027 flumina
332 1994 374 2026 et
398 1979 612 2040 quosdam
638 1980 704 2027 sui
728 1981 895 2040 generis
922 1998 1014 2027 non
1039 1995 1355 2027 contemneret.
1382 1980 1549 2027 Pactoli
1573 1979 1711 2027 modo
1736 1980 1818 2027 sibi
1843 1984 1923 2040 Ly·

120 2047 251 2108 dique
270 2062 312 2095 et
330 2048 437 2108 Tagi
457 2047 647 2095 honores
669 2047 937 2095 desiderabat
955 2062 1003 2095 ut
1022 2048 1219 2095 absoluta
1239 2047 1443 2096 felicitate
1459 2063 1668 2095 uteretur.
1686 2052 1799 2095 Mox
1816 2066 1924 2095 vero

120 2133 221 2163 cum
247 2115 503 2163 desaevisset
529 2112 717 2176 hyems¹⁵
745 2130 787 2163 et
810 2115 982 2177 pluviae
1008 2117 1298 2173 cessavissent,
1326 2117 1371 2162 in
1394 2117 1511 2163 sicco
1535 2117 1667 2163 etiam
1693 2116 1926 2163 destitutus

120 2185 245 2231 aruit.
265 2188 326 2231 Ea
345 2202 452 2230 vero
469 2184 643 2244 prodigi
665 2184 775 2230 mihi
793 2185 964 2231 vaniter
980 2185 1268 2245 superbientis
1288 2185 1378 2231 visa
1398 2185 1542 2244 imago
1563 2181 1678 2231 est.¹⁶
1697 2185 1782 2231 Vix
1804 2185 1923 2231 enim

118 2252 153 2298 si
176 2247 274 2298 illi¹⁷
298 2251 483 2298 flumina
505 2251 728 2308 fluxerint,
752 2251 999 2299 divinarum
1023 2253 1205 2299 retineat
1226 2252 1496 2313 dignitatem.

820 2392 882 2434 15.
906 2391 1139 2448 Paupertas
1159 2392 1231 2444 [H]

886 2456 948 2511 Bi,
969 2460 1161 2502 29v-30r

119 2559 271 2603 ‹C›um
303 2555 574 2617 disputarent
603 2556 782 2617 quidam
811 2556 863 2604 de
890 2558 1159 2618 Paupertatis
1186 2575 1341 2618 genere
1371 2575 1451 2604 nec
1479 2558 1712 2618 quicquam
1744 2557 1925 2618 explica-

121 2638 253 2680 retur,
283 2625 373 2685 ipsa
402 2625 622 2685 insperato
651 2624 789 2672 adfuit
817 2640 859 2672 et
888 2625 1045 2681 ‘Mihi,’
1076 2626 1232 2686 inquit,
1264 2629 1401 2686 ‘pater
1428 2640 1489 2673 est
1519 2626 1695 2686 Iupiter,
1723 2626 1927 2673 Minerva

121 2707 273 2749 mater,
299 2707 341 2740 et
365 2693 446 2740 nisi
473 2692 579 2754 quid
604 2694 704 2749 iam,
730 2693 897 2741 valete.'
923 2697 983 2741 At
1008 2693 1082 2750 illi,
1112 2693 1232 2755 ‘quid
1255 2692 1337 2741 tu¹⁸
1365 2712 1467 2755 ergo
1492 2695 1551 2741 ita
1571 2694 1734 2751 sordes,
1762 2694 1922 2755 quidve

120 2760 231 2807 adeo
258 2778 455 2821 pannosa
485 2761 764 2822 neglectaque
793 2761 955 2809 incedis
985 2764 1016 2808 ?’
1048 2765 1193 2809 ‘Fures
1223 2762 1374 2818 rideo’,
1405 2763 1561 2822 inquit,
1595 2766 1650 2809 ‘et
1677 2780 1826 2809 secura
1854 2762 1921 2809 vel

121 2829 236 2875 inter
251 2828 443 2876 latrones
460 2833 620 2876 canto.'
639 2829 779 2888 ‘Quid
796 2847 903 2876 vero
920 2829 1052 2876 durus
1070 2831 1147 2877 iste
1163 2830 1245 2877 sibi
1263 2847 1471 2890 asperque
1486 2830 1580 2877 vult
1598 2829 1743 2877 vultus
1763 2832 1794 2877 ?'
1814 2834 1919 2877 ‘Vos

120 2895 329 2952 tandem‚'
357 2896 596 2957 respondit,
624 2900 784 2944 ‘vestro
807 2897 966 2944 obtutu
992 2897 1128 2944 divini
1155 2898 1241 2944 oris
1266 2897 1522 2958 dignitatem
1547 2897 1802 2958 depravatis.
1829 2902 1924 2958 Ipsa

122 2963 230 3010 nihil
254 2963 471 3024 degenero
493 2982 516 3011 a
535 2979 769 3025 parentum
791 2965 968 3012 semine.
993 2965 1187 3012 Colliriis
1211 2983 1320 3026 opus
1344 2980 1420 3022 est,
1443 2983 1544 3012 nam
1568 2965 1880 3012 obcaecutitis.’
