2118 3444
216 167 306 208 304
1824 173 1962 207 PART
1987 173 2018 206 V

216 312 261 357 in
284 329 369 372 qua
389 311 540 357 omnia
562 309 698 357 ferme
721 309 971 357 Aristotelis
992 324 1034 356 et
1052 309 1346 370 Theophrasti
1368 309 1595 357 volumina
1617 309 1803 367 fuerant,
1824 328 1933 371 quae
1955 310 2024 358 ad-

217 379 302 426 huc
336 379 457 439 quasi
491 379 641 438 ignota
673 392 810 434 erant,
844 392 885 424 et
918 382 1108 424 Romam
1142 377 1328 434 detulit,g
1360 395 1468 438 quae
1501 395 1524 425 a
1553 379 1838 438 Tyrannione
1871 393 2025 439 postea

215 447 505 507 grammatico
528 447 573 492 in
597 463 832 493 numerum
856 460 956 492 sunt
981 445 1156 506 digesta3
1179 463 1318 506 neque
1341 445 1568 502 Aemilius,
1593 447 1682 506 qui,
1705 449 1862 493 Perseo
1882 450 2026 494 Mace·

216 515 387 562 donum
407 532 504 574 rege
522 513 711 570 devicto,
729 531 937 573 magnum
956 513 1171 560 librorum
1191 531 1425 560 numerum
1444 513 1616 561 advexit
1632 515 1678 560 in
1694 514 1864 570 urbem3
1885 531 2026 575 neque

216 582 435 638 Lucullus,
473 599 614 642 neque
651 585 824 637 Caesar,
859 599 1000 642 neque
1035 580 1191 637 Pollio,
1229 599 1368 642 neque
1402 581 1535 642 paulo
1570 596 1669 628 ante
1702 596 1840 629 aetate
1873 596 2023 629 nostra

216 650 498 698 admirandus
518 651 586 696 vir
601 649 828 706 Nicolaus,
850 653 1054 696 Summus
1076 649 1432 696 Christianorum
1455 643 1694 706 Pontifex3¹²
1712 667 1852 710 neque
1871 649 2024 711 aliquis

216 718 396 765 tandem
412 718 488 778 qui
504 717 906 778 comparandorum
924 716 1204 764 voluminum
1223 717 1441 764 studiosus
1460 716 1604 773 fuerit,
1620 718 1833 764 maiorem
1849 717 2026 765 videtur

215 785 391 833 laudem
414 799 631 832 assecutus
654 799 726 832 aut
748 784 964 832 librorum
990 802 1177 832 numero
1201 799 1273 832 aut
1296 799 1466 832 ornatu.

300 853 384 901 Sed
406 868 447 901 et
470 853 576 901 haec
596 854 687 914 ipsa
705 871 840 914 parva
859 867 960 900 sunt
982 871 1084 930 prae
1108 852 1173 900 his
1196 871 1304 913 quae
1326 852 1598 900 divinissimo
1623 852 1820 910 consilio,
1846 852 2027 901 incredi-

215 922 293 970 bili
321 922 457 969 animi
484 921 786 998 magnitudine
814 936 855 968 et
881 922 1001 982 quasi
1028 922 1209 968 numine
1238 921 1431 982 quodam
1457 939 1537 968 suo
1562 939 1645 982 pro
1669 921 1804 969 salute
1829 922 1956 982 gessit
1983 936 2026 969 et

215 990 353 1051 gloria
381 991 569 1037 civitatis
592 1007 704 1037 suae.
735 989 963 1037 Eiusmodi
993 990 1111 1037 enim
1138 988 1238 1037 sunt
1268 1007 1379 1053 quae
1402 989 1525 1037 dorni
1553 989 1744 1050 forisque
1772 989 2028 1037 admiranda

216 1058 405 1135 quadarn
431 1057 507 1105 et¹¹
532 1058 660 1119 plane
686 1057 834 1105 divina
856 1057 1136 1119 providentia
1160 1061 1349 1105 Cosmus
1377 1057 1522 1105 effecit
1545 1058 1672 1105 nobis
1697 1072 1745 1105 ut
1771 1059 1857 1105 iam
1880 1076 2022 1119 neque

215 1127 565 1174 victoriosissimi
592 1144 723 1186 reges,
748 1126 904 1186 quibus
931 1140 972 1173 et
995 1126 1245 1173 obstitimus
1270 1125 1445 1173 fortiter
1465 1140 1593 1202 atque
1617 1126 1727 1173 adeo
1748 1125 2024 1173 laudabiliter

215 1195 530 1255 superavimus,
557 1212 698 1254 neque
720 1193 995 1241 bellacissimi
1018 1193 1151 1254 aliqui
1172 1193 1314 1250 duces,
1337 1211 1446 1254 quos
1469 1194 1555 1240 iam
1576 1211 1628 1240 ex
1649 1194 1958 1241 inimicissimis
1981 1208 2023 1241 et

215 1262 477 1309 Florentino
496 1263 684 1322 imperio
706 1261 840 1322 longo
861 1262 947 1308 iam
966 1276 1165 1322 tempore
1184 1261 1452 1308 inhiantibus
1472 1276 1513 1308 et
1531 1262 1814 1308 amicissimos
1836 1261 1963 1309 nobis
1982 1276 2025 1309 et

216 1331 581 1378 coniunctissimo
603 1329 779 1377 foedere
795 1330 994 1377 astrictos
1012 1329 1293 1386 reddidimus,
1314 1347 1454 1390 neque
1470 1330 1798 1390 potentissimae
1817 1329 2022 1390 respubli-

216 1417 304 1455 cae,
326 1398 484 1459 quibus
508 1397 739 1445 formidini
762 1399 848 1445 iam
871 1412 912 1445 et
933 1398 1091 1445 terrori
1113 1415 1200 1445 esse
1223 1399 1460 1458 coepimus,
1486 1397 1831 1445 extimescendae
1850 1398 1950 1445 sint.

300 1471 469 1513 Verum
488 1466 593 1513 haec
609 1465 788 1526 quidem
807 1465 1048 1522 historiam,
1067 1480 1116 1512 ut
1132 1483 1261 1526 supra
1279 1465 1381 1522 dixi,
1399 1483 1491 1512 non
1506 1465 1741 1526 prologum
1764 1465 2023 1512 desiderant.

217 1539 367 1595 Itaque
387 1534 682 1595 comprimam
707 1534 955 1581 orationem
980 1551 1123 1581 meam
1145 1533 1335 1594 haecque
1357 1534 1459 1594 ipsa,
1483 1551 1592 1594 quae
1614 1551 1732 1580 nunc
1754 1551 1930 1594 quoque
1954 1550 2024 1580 me

217 1620 483 1663 magnopere
522 1602 576 1649 ad
611 1601 893 1649 scribendum
934 1601 1227 1658 inflammant,
1267 1601 1321 1649 ad
1355 1601 1472 1649 aliud
1509 1602 1802 1662 opportunius
1844 1600 2024 1649 fortasse

216 1686 391 1732 tempus
413 1670 657 1718 reservabo.
679 1675 801 1718 Nam
824 1685 865 1718 et
886 1670 991 1718 haec
1006 1670 1204 1732 paucula,
1227 1688 1335 1731 quae
1356 1688 1408 1718 ex
1429 1669 1723 1718 infinitissima
1742 1687 1919 1718 suarum
1940 1669 2027 1717 lau-

216 1740 324 1788 dum
347 1740 474 1800 copia
495 1739 697 1796 delibavi,
718 1739 819 1786 illuc
840 1739 1122 1786 tetenderunt
1142 1753 1190 1786 ut
1210 1738 1486 1786 ostenderem
1507 1738 1715 1799 exemplis
1737 1739 1910 1795 nostris,
1932 1756 2025 1786 non

216 1809 308 1856 iure
332 1808 512 1869 quidem
534 1808 746 1869 conqueri
770 1807 1008 1854 nonnullos
1033 1807 1085 1854 de
1106 1808 1219 1854 vitae
1239 1807 1465 1864 brevitate,
1487 1825 1587 1854 cum
1610 1806 1834 1854 videamus
1856 1806 2024 1868 aliquos

217 1877 369 1924 eadem
384 1877 597 1924 brevitate
613 1890 681 1923 tot
698 1890 905 1937 tantaque
922 1890 1180 1923 consecutos
1197 1890 1244 1923 ut
1262 1876 1428 1923 maiora
1443 1875 1675 1923 desiderari
1690 1893 1713 1922 a
1729 1874 1932 1922 modesto
1950 1874 2025 1922 ho-

218 1946 336 1992 mine
355 1946 428 1991 vix
445 1944 646 1991 debeant.
667 1947 795 2003 Quos
814 1959 963 1991 tamen
979 1943 1122 1991 fateor
1136 1943 1381 2004 optandum
1399 1943 1526 1991 fuisse
1545 1943 1828 2000 immortales,
1848 1942 2027 2004 quando

217 2013 397 2074 quidem
417 2014 477 2059 ita
494 2013 668 2068 inertes,
688 2013 748 2059 ita
767 2012 1030 2072 negligentes
1050 2027 1200 2059 nostra
1219 2026 1334 2059 certe
1352 2011 1479 2072 culpa
1498 2029 1590 2058 non
1610 2026 1788 2058 naturae
1805 2029 1954 2058 sumus
1975 2025 2024 2058 ut

217 2099 373 2128 eorum
393 2081 468 2141 qui
486 2099 579 2128 non
598 2080 758 2128 frustra
773 2081 962 2127 vixerint
981 2098 1258 2141 quorumque
1278 2080 1368 2127 vita
1383 2097 1475 2127 non
1492 2079 1574 2127 sibi
1591 2079 1735 2127 solum
1756 2079 1870 2140 ipsis,
1889 2078 1966 2127 sed
1982 2093 2024 2126 et

217 2150 371 2197 ceteris
392 2167 568 2210 quoque
594 2148 853 2196 mortalibus
876 2148 1055 2196 utilitati
1079 2163 1120 2196 et
1142 2163 1406 2196 ornamento
1430 2147 1558 2205 foret,
1580 2162 1671 2195 tam
1691 2165 1850 2209 parvus
1871 2148 1926 2195 sit
1948 2165 2024 2195 nu·

217 2235 375 2264 merus.
400 2217 540 2276 Quod
562 2218 641 2264 etsi
661 2217 895 2264 desiderari
914 2216 1014 2264 licet
1034 2234 1083 2264 ea
1101 2234 1233 2277 quam
1254 2216 1442 2263 diximus
1465 2217 1647 2272 ratione,
1669 2216 1851 2263 minime
1872 2230 2023 2263 tamen

217 2303 416 2333 accusare
439 2299 641 2332 naturam
664 2284 778 2332 licet.
804 2284 916 2331 Illud
938 2299 1059 2332 certo
1080 2284 1180 2332 licet
1201 2285 1362 2345 potius,
1389 2285 1566 2345 iureque
1590 2283 1783 2344 quodam
1810 2283 2020 2340 humano,

215 2354 250 2401 si
272 2354 396 2414 grati,
418 2354 453 2400 si
476 2353 584 2400 boni
607 2354 690 2399 viri
711 2371 798 2400 esse
820 2352 1038 2409 volumus,
1065 2371 1145 2400 nos
1168 2351 1392 2413 compellit
1414 2366 1462 2400 ut
1485 2353 1559 2413 qui
1580 2351 1684 2399 tales
1706 2351 1897 2408 fuerunt,
1920 2369 2025 2412 quo·

217 2423 336 2469 niam
356 2421 570 2469 vindicari
589 2440 611 2469 a
630 2436 774 2468 morte
794 2421 919 2468 aliter
936 2439 1027 2477 non
1043 2435 1300 2482 potuerunt,
1323 2420 1443 2482 quod
1461 2420 1678 2481 reliquum
1699 2434 1761 2467 est
1779 2419 2025 2467 litterarum

216 2491 519 2546 monimentis,
547 2489 693 2551 quoad
715 2489 811 2537 fieri
830 2508 910 2550 per
931 2507 1010 2537 nos
1031 2504 1191 2550 potest,
1215 2489 1537 2536 immortalitati
1559 2487 1940 2536 commendentur.

302 2562 430 2618 Quae
451 2577 521 2605 me
541 2559 654 2605 ratio
672 2559 717 2604 in
735 2559 979 2619 praesentia
997 2557 1228 2605 admonuit
1246 2572 1294 2605 ut
1314 2557 1604 2618 undecunque
1625 2557 1898 2618 exquirerem
1916 2573 2026 2617 quae

216 2627 407 2687 aliquam
425 2627 471 2672 in
488 2644 531 2673 se
549 2627 704 2673 Cosmi
724 2626 910 2673 Medicis
927 2627 1079 2682 nostri,
1099 2627 1174 2686 qui
1189 2626 1368 2672 unicum
1390 2630 1487 2682 [est]
1504 2625 1633 2672 decus
1649 2639 1690 2672 et
1708 2638 2021 2672 ornamentum

297 2865 311 2887 ὅ
329 2860 415 2898 This
434 2859 612 2898 reference
629 2872 669 2898 to
686 2859 748 2897 the
765 2859 900 2908 library
916 2859 957 2897 of
972 2859 1217 2908 Apellicontes
1234 2858 1276 2897 of
1292 2858 1409 2897 Theos
1428 2872 1546 2896 comes
1564 2857 1661 2896 from
1679 2857 1875 2896 Plutarch‘s
1893 2856 1969 2895 Life
1986 2856 2028 2895 of

215 2913 321 2958 Sulla,
348 2928 405 2951 see
433 2914 614 2961 IDiiring,
638 2913 802 2951 Aristotle
828 2916 864 2951 in
892 2913 946 2950 the
969 2916 1108 2950 ancient
1133 2912 1360 2961 biographical
1387 2911 1562 2956 tradition,
1592 2915 1690 2955 1957,
1717 2914 1863 2955 382-95,
1891 2909 1962 2948 and
1986 2911 2027 2947 in

216 2965 356 3013 general
375 2965 587 3009 L.Canfora,
611 2965 676 3002 The
697 2964 865 3002 Vanished
879 2964 1034 3012 Library,
1056 2967 1153 3002 1989.

298 3016 314 3041 ¹¹
335 3022 510 3061 Nicholas
531 3026 574 3067 V,
599 3022 684 3060 who
706 3037 741 3060 as
765 3025 958 3060 Tommaso
983 3021 1217 3060 Parentucelli
1236 3021 1277 3059 of
1296 3024 1445 3059 Sarzana
1464 3020 1534 3059 had
1555 3020 1695 3058 advised
1717 3021 1867 3058 Cosimo
1891 3033 1944 3057 on
1961 3019 2024 3057 the

215 3075 375 3113 libraries
395 3086 430 3112 at
449 3077 518 3112 San
538 3077 663 3112 Marco
683 3074 754 3112 and
771 3073 833 3111 the
853 3073 959 3111 Badia
977 3086 1011 3111 at
1031 3073 1165 3111 Fiesole
1185 3072 1307 3111 before
1325 3071 1552 3120 establishing
1570 3071 1632 3110 the
1650 3072 1800 3110 Vatican
1818 3071 1968 3119 Library
1985 3071 2026 3108 in

218 3130 334 3165 Rome
357 3141 392 3164 as
413 3140 520 3175 pope3
543 3140 599 3164 see
623 3127 837 3174 Vespasiano
862 3125 906 3163 da
929 3126 1097 3163 Bisticci's
1119 3124 1318 3173 biography
1341 3126 1379 3161 in
1398 3127 1444 3162 Le
1464 3127 1543 3168 vite,
1567 3123 1620 3162 ed.
1643 3125 1823 3167 A.Greco,
1846 3122 2028 3166 Florence,
