2118 3444
136 179 318 213 ESSAYS
1837 167 1928 208 269

135 316 200 363 tio
226 315 450 376 superiore
481 314 702 361 oratione?
731 313 890 360 Dicam
920 313 1050 372 igitur
1077 327 1119 359 et
1147 313 1235 372 ipse
1265 329 1365 359 cum
1394 311 1658 367 Stesichoro,
1689 329 1779 358 non
1810 329 1936 358 verus

133 400 281 430 sermo
311 382 381 429 ille
411 381 508 437 fuit,
538 398 678 441 neque
708 395 770 428 est
797 380 1002 441 sapientis
1033 380 1224 426 hominis
1255 397 1412 427 uxores
1443 376 1695 426 insectari¹⁵⁷
1725 394 1934 439 tanquam

136 468 228 498 rem
245 450 423 497 noxiam
442 448 813 508 iniucundamque
832 463 873 495 et
888 448 1002 494 vitae
1016 447 1180 503 beatae,
1195 465 1326 507 quam
1343 464 1511 502 omnes,
1529 464 1621 493 non
1638 461 1811 493 tantum
1827 447 1933 507 sapi-

134 532 270 573 entes,
291 516 462 572 volunt,
484 512 916 576 perturbatricem.¹⁵⁸

218 588 339 631 Nam
380 601 489 644 quae
526 582 706 630 tandem
745 597 806 630 est
847 583 926 629 ista
962 582 1172 642 sapientia
1211 599 1448 642 repugnare
1489 596 1667 628 naturae
1704 582 1938 642 generique

136 653 332 700 humano
357 652 586 698 inimicum
611 668 699 697 esse
722 647 1055 710 eiusdemque¹⁵⁹
1079 649 1368 696 desertorem?
1389 650 1432 696 Si
1453 650 1572 696 enim
1597 663 1751 696 natura
1772 666 1853 696 nos
1875 650 1936 696 sic

135 720 322 767 instituit
342 733 391 766 ut
412 719 567 782 inesset
587 718 803 778 imprimis
821 716 1082 778 procreandi
1100 717 1317 777 appetitus
1338 734 1525 777 curaque
1544 734 1699 763 eorum
1721 716 1934 777 quaedam

134 805 243 849 quae
262 801 492 848 procreata
507 800 623 842 sunt,
645 800 693 833 ut
712 786 873 833 Cicero
893 786 938 831 in
958 786 1105 846 primo
1126 784 1241 832 libro
1260 784 1450 845 disputat
1468 787 1536 831 De
1555 783 1737 844 offlciis,¹
1757 798 1936 831 naturae

132 854 337 917 profecto
364 869 575 915 repugnat
605 854 681 914 qui
707 871 865 900 uxores
893 853 1091 913 exagitat.
1120 850 1311 912 Qu0d¹⁶⁰
1341 853 1376 899 si
1405 870 1631 913 nunquam
1663 852 1832 899 aberrat
1860 853 1935 913 qui

134 938 335 971 naturam
352 923 568 983 optimam
587 921 764 969 vivendi
780 921 936 968 ducem
953 921 1162 982 sequitur,
1180 920 1555 981 quemadmodum
1576 920 1693 967 idem
1709 921 1871 968 Cicero
1888 921 1934 967 in

133 991 291 1039 eodem
321 990 437 1038 libro
468 990 588 1037 testis
618 996 715 1045 est,7
749 987 832 1036 is¹⁶¹
864 988 1068 1050 profecto
1098 988 1313 1036 aberrabit
1345 989 1420 1049 qui
1450 988 1707 1049 repugnabit
1741 1003 1934 1044 naturae,

134 1076 275 1120 neque
298 1059 379 1106 erit
399 1058 583 1119 sapiens,
608 1058 819 1118 quoniam
843 1054 1091 1104 errorem¹⁶2
1117 1074 1140 1104 a
1160 1057 1353 1117 sapiente
1376 1056 1625 1117 longissime
1653 1074 1741 1103 esse
1764 1074 1935 1103 necesse

133 1142 208 1175 est.
228 1127 322 1186 Qui
339 1144 447 1173 vero
464 1125 572 1172 nihil
593 1125 648 1173 ad
661 1143 705 1173 se
724 1125 939 1172 humanae
956 1125 1174 1172 societatis
1191 1125 1571 1172 conservationem
1588 1125 1807 1185 pertinere
1827 1124 1935 1172 arbi-

132 1195 333 1250 trabitur,
357 1195 391 1241 is
416 1192 577 1240 mihi¹⁶³
606 1212 698 1240 non
721 1193 865 1240 solum
893 1194 1098 1253 insipiens
1123 1211 1452 1253 repugnansque
1479 1208 1672 1248 naturae,
1695 1192 1772 1239 sed
1794 1193 1933 1239 brutis

133 1280 309 1323 quoque
325 1276 367 1309 et
382 1261 560 1322 quidem
575 1260 886 1308 efferatissimis
901 1260 1122 1307 videbitur
1135 1259 1329 1307 inferior.
1345 1260 1505 1307 Videre
1520 1261 1639 1307 enim
1653 1260 1755 1307 licet
1769 1260 1932 1316 leones,

132 1331 275 1391 tigres,
293 1347 430 1385 ursos,
451 1329 592 1390 lupos,
616 1328 773 1389 quibus
792 1329 866 1375 vix
884 1329 1118 1389 quicquam
1140 1329 1375 1388 excogitari
1391 1342 1537 1389 potest
1555 1327 1858 1384 truculentius,
1880 1328 1935 1375 ad

131 1399 197 1446 sui
214 1398 382 1458 generis
401 1398 782 1444 conservationem
803 1397 862 1444 ita
879 1414 966 1444 esse
982 1414 1224 1457 propensos
1246 1411 1294 1443 ut
1314 1414 1540 1456 nunquam
1562 1395 1831 1443 efferatiores
1846 1397 1933 1443 sint

132 1483 264 1527 quam
289 1483 390 1512 cum
418 1480 479 1512 est
502 1482 587 1525 pro
612 1464 678 1511 his
704 1482 814 1525 quos
837 1479 1080 1524 genuerunt
1107 1464 1451 1525 repugnandum.
1478 1468 1638 1524 Neque
1663 1463 1807 1511 solum
1835 1462 1931 1510 id¹⁶⁴

132 1533 229 1581 fieri
250 1534 296 1580 in
318 1533 383 1580 his
405 1533 625 1588 animosis,
649 1547 697 1580 ut
719 1533 778 1580 ita
797 1530 1050 1588 dixerim,¹⁶⁵
1072 1531 1172 1579 feris
1192 1532 1388 1593 quotidie
1409 1532 1622 1588 videmus,
1642 1532 1719 1579 sed
1738 1549 1933 1579 mansue-

131 1602 296 1649 tissima
327 1619 523 1662 quaeque
554 1600 758 1648 animalia
787 1615 916 1661 atque
946 1600 1232 1648 abiectissima
1263 1601 1422 1647 irritari
1450 1618 1575 1661 saepe
1606 1598 1931 1661 efferatique,¹⁶⁶

130 1685 179 1718 ut
207 1687 377 1726 eorum,
407 1687 517 1730 quos
545 1687 598 1716 ex
624 1687 668 1716 se
695 1668 750 1716 ad
772 1670 838 1716 sui
866 1669 1033 1729 generis
1061 1669 1440 1716 conservationem
1466 1683 1769 1730 procrearunt,
1797 1669 1934 1716 vitam

129 1738 401 1799 salutemque
419 1737 671 1794 defendant3
687 1737 893 1798 quodque
911 1738 1045 1798 magis
1063 1738 1225 1784 mirum
1244 1752 1321 1793 est,
1337 1738 1565 1798 sapientes,
1585 1738 1660 1798 qui
1675 1736 1928 1784 futurorum

131 1824 280 1854 curam
310 1806 365 1853 ad
392 1824 435 1853 se
467 1805 576 1852 nihil
609 1803 859 1853 asserunt¹⁶⁷
887 1806 1120 1866 pertinere,
1153 1823 1243 1852 non
1276 1803 1559 1853 advertisse¹⁶⁸
1592 1805 1781 1861 arbores,
1813 1805 1932 1866 plan-

130 1889 208 1930 taS,
238 1892 371 1921 omne
400 1873 580 1921 tandem
608 1891 741 1934 genus
770 1891 924 1920 eorum
955 1891 1064 1934 quae
1093 1873 1240 1934 aliquo
1270 1872 1459 1920 modo¹⁶⁹
1488 1875 1658 1929 vivunt,
1690 1873 1744 1921 ad
1768 1891 1812 1921 se
1842 1875 1932 1934 ipsa

130 1941 429 1989 conservanda
468 1942 563 1997 niti,
605 1956 819 2002 quantum
860 1956 1014 1988 natura
1052 1942 1253 1988 omnium
1297 1943 1484 1989 instituit
1525 1957 1654 2002 atque
1692 1941 1932 2002 compellit.

130 2013 335 2069 Quarum
358 2027 467 2069 quae
488 2010 580 2056 sine
601 2009 840 2056 seminibus
863 2024 1113 2065 nascuntur,
1136 2024 1184 2056 ut
1204 2009 1326 2065 lauri,
1350 2009 1488 2065 corili,
1510 2009 1620 2056 ulmi
1641 2024 1683 2056 et
1704 2009 1933 2069 quaedam,

131 2095 184 2124 ne
210 2077 361 2124 omnia
386 2094 633 2137 persequar,
660 2076 817 2124 eodem
844 2076 981 2124 modo
1007 2077 1053 2123 in
1077 2076 1237 2138 plantis
1263 2074 1480 2124 mirum¹⁷⁰
1508 2078 1553 2123 in
1579 2076 1764 2124 modum
1791 2076 1931 2137 pullu-

129 2145 220 2192 lant
239 2145 293 2192 ab
312 2145 541 2192 radicibus.
561 2148 689 2204 Quae
707 2163 814 2192 vero
832 2159 958 2205 egent
976 2145 1227 2201 seminibus,
1249 2146 1397 2206 primo
1417 2163 1550 2206 quam
1566 2146 1657 2191 vim
1676 2145 1930 2206 producunt

128 2214 326 2260 seminis?
357 2212 531 2259 Deinde
560 2230 692 2273 quam
720 2212 843 2260 facile
872 2213 1004 2260 etiam
1031 2214 1122 2260 sine
1152 2228 1301 2260 nostra
1329 2231 1463 2274 opera
1491 2214 1537 2259 in
1565 2228 1727 2260 terram
1753 2214 1933 2260 veniens

130 2282 340 2328 nascitur?
359 2281 528 2328 Crescit
544 2280 665 2341 quod
681 2295 834 2328 natum
852 2295 914 2328 est
929 2298 1165 2342 semenque
1182 2281 1292 2328 adeo
1308 2280 1569 2342 multiplicat
1585 2296 1634 2328 ut
1650 2282 1831 2328 unicum
1851 2280 1936 2328 fru-

130 2349 270 2396 menti
282 2348 603 2409 granum—hoc
620 2349 738 2396 enim
754 2349 1004 2410 exemplum
1019 2367 1103 2410 pro
1118 2348 1324 2396 omnibus
1341 2364 1404 2396 sat
1420 2349 1646 2410 erit—plus
1663 2367 1795 2410 quam
1810 2349 1929 2396 mille

128 2417 258 2464 unica
280 2434 415 2464 messe
438 2416 710 2477 produxerit!
734 2421 788 2464 Et
811 2417 1034 2464 audebunt
1058 2417 1200 2464 dicere
1222 2417 1277 2464 ad
1295 2418 1510 2478 sapientes
1532 2435 1680 2464 curam
1704 2417 1812 2463 nihil
1836 2435 1930 2478 per-

128 2485 268 2532 tinere
289 2484 611 2532 conservandae
634 2484 848 2532 humanae
870 2485 1108 2542 societatis?

213 2556 274 2599 At
309 2570 401 2599 non
435 2552 529 2600 vult
563 2553 775 2614 Epicurus
811 2553 855 2599 in
891 2552 1075 2600 dubium
1111 2554 1259 2600 venire
1292 2554 1548 2614 sapientem,
1582 2568 1850 2614 propterque
1887 2553 1933 2600 id

129 2620 364 2667 abhorrere
391 2620 444 2667 ab
471 2622 648 2681 nuptiis,
678 2621 799 2681 quod
825 2622 871 2667 in
898 2620 1097 2668 confinio
1123 2622 1209 2668 sint
1237 2621 1460 2668 bonorum
1490 2636 1532 2668 et
1559 2621 1790 2668 malorum.
1819 2625 1930 2668 Non

127 2689 337 2749 persuasit
364 2686 459 2735 id¹⁷¹
486 2688 752 2735 Metrodoro
777 2689 867 2736 eius
891 2688 1119 2749 discipulo,
1146 2690 1220 2749 qui
1246 2689 1368 2736 duxit
1392 2707 1577 2736 uxorem
1603 2690 1847 2736 Leontiam.
1876 2693 1929 2735 Et

130 2755 257 2802 nobis
277 2757 442 2816 poterit
459 2756 738 2816 persuadere?
758 2756 842 2803 Sed
860 2774 1086 2816 nunquam
1106 2757 1251 2803 veniet
1271 2757 1317 2802 in
1336 2756 1520 2803 dubium
1542 2757 1723 2816 sapiens.
1745 2761 1867 2803 Nam
1887 2758 1933 2802 in

129 2820 407 2883 quodnam¹⁷²
434 2823 618 2870 dubium
641 2824 790 2870 venire
809 2825 976 2884 potest?
999 2827 1073 2870 An
1098 2841 1151 2870 ne
1174 2824 1218 2870 in
1242 2823 1523 2884 impudicam,
1548 2841 1602 2870 ne
1624 2824 1669 2870 in
1692 2841 1929 2879 morosam,

130 2908 183 2938 ne
212 2891 258 2937 in
288 2908 477 2947 avaram,
506 2909 560 2938 ne
589 2892 634 2937 in
662 2891 893 2952 superbam
927 2891 1088 2939 incidat
1114 2909 1298 2938 uxorem
1329 2892 1409 2938 erit
1438 2891 1643 2938 dubium?
1673 2894 1743 2938 De
1772 2891 1929 2952 quibus

207 3118 223 3133 ¹
240 3117 295 3153 De
310 3114 369 3163 off
388 3116 557 3159 1‚xvii‚54.

208 3176 224 3199 y
240 3172 327 3216 Ibid,
346 3173 576 3216 I,xxviii‚100.
