2124 3464
117 166 347 201 PRIVATE
372 165 600 199 LETTERS
1826 156 1913 197 113

117 318 160 352 et
180 321 225 351 se
246 318 413 351 cotesta
431 301 670 363 Magnifica
689 302 887 362 Signoria
909 319 963 348 ne
982 300 1192 348 scriverra
1214 301 1288 362 qui
1309 318 1397 348 una
1417 300 1581 362 parola,
1605 318 1697 348 non
1719 300 1862 348 dubiti
1884 300 1925 347 la

116 370 450 433 Magnificentia
466 374 627 418 Vostra
647 369 727 418 che
745 370 1145 452 pienissimamente
1171 368 1274 417 hara
1292 368 1455 416 effecto
1473 383 1593 416 tutto
1612 368 1761 430 quello
1781 368 1861 416 che
1881 369 1925 415 vi

117 439 164 488 fu
184 457 415 502 promesso
441 453 483 486 et
504 438 584 486 che
607 437 654 486 fu
674 439 839 499 scripto
862 437 972 485 costi
993 437 1075 485 alla
1094 438 1304 498 Signoria
1331 427 1429 485 Ᾱςεί
1451 455 1475 484 3
1497 436 1586 484 fare
1607 455 1692 484 con
1718 437 1921 484 huomini

117 508 300 564 indocti,
322 525 409 568 quo
430 506 542 554 mhil
561 520 619 554 est
637 506 867 567 dfficilius.
892 510 970 553 Ma
988 506 1034 553 lo
1057 505 1219 553 effecto
1238 523 1332 553 sara
1354 505 1433 553 che
1453 520 1662 553 staranno
1686 505 1799 552 nella
1819 523 1926 566 pace

115 576 229 633 loro,
252 590 294 624 et
315 594 407 623 non
427 590 692 623 tenteranno
711 574 834 622 fona
853 589 895 622 et
913 592 1006 622 non
1027 573 1211 622 faranno
1230 573 1372 636 quelle
1389 574 1512 635 pazie
1533 573 1613 621 che
1635 573 1784 621 hanno
1804 573 1923 621 facto

114 645 185 706 pel
207 659 392 706 passato.
417 643 650 704 Prieghovi
674 644 735 690 mi
758 643 1107 691 raccomandiate
1129 661 1153 690 a
1174 643 1330 690 cotesti
1351 642 1580 703 Magnifici
1600 643 1785 703 Signori,
1812 657 1853 690 et
1876 643 1922 689 in

116 712 265 774 quello
283 712 363 759 che
381 713 426 759 io
440 712 618 773 potessi,
639 711 758 758 harei
775 711 1010 772 dispiacere
1026 710 1186 758 d'esser
1201 711 1477 772 rispiarmato
1494 728 1523 757 o
1540 710 1595 758 da
1609 710 1709 757 loro
1724 711 1922 771 Signorie

116 798 144 828 ο
167 780 222 828 da
239 784 401 827 Vostra
423 778 769 840 Magnificentia3
791 794 833 826 et
853 778 1021 826 benche
1043 779 1148 826 siate
1170 793 1334 840 troppo
1354 777 1519 839 'grande
1542 778 1711 825 huomo
1736 796 1761 826 a
1779 778 1814 825 si
1836 779 1924 839 pic-

115 848 212 896 cola
231 847 452 904 faccenda,
469 865 579 908 pure
598 848 643 894 vi
659 847 845 908 priegho
866 847 927 894 mi
947 846 1296 895 raccomandiate
1315 846 1353 894 al
1374 847 1467 894 mio
1487 850 1564 894 Ser
1581 851 1922 894 Buonaccorso.c

200 917 294 976 Qui
320 916 342 963 ὲ
365 934 484 977 poco
509 915 554 963 di
579 933 731 963 nuovo
757 930 799 963 et
822 933 886 972 so,
912 915 957 963 di
981 915 1129 976 quello
1153 915 1233 963 che
1258 916 1297 963 ci
1322 915 1359 972 ὲ,
1382 916 1488 962 siate
1513 915 1710 963 advisato
1734 915 1789 962 da
1811 915 1922 962 altri.

114 989 192 1032 Ma
227 984 504 1031 nondimeno
544 983 737 1031 anchora
772 984 816 1031 io
852 983 1067 1031 scriverro
1103 983 1188 1031 dua
1222 984 1347 1031 versi.
1386 986 1468 1031 Per
1504 998 1655 1045 questa
1690 983 1843 1031 novita
1879 983 1923 1030 di

114 1053 298 1113 Vinegia
322 1070 408 1099 con
431 1056 623 1108 Ferrara,
646 1051 884 1099 mandamo
907 1056 1075 1099 Messer
1095 1053 1341 1113 Bongianni
1367 1070 1392 1099 a
1411 1046 1622 1108 Ferrara,d
1645 1051 1759 1099 dove
1782 1070 1922 1099 erono

114 1120 252 1168 anche
276 1120 582 1168 imbasciadori
607 1120 676 1167 del
700 1124 764 1167 Re
788 1135 831 1167 et
852 1119 921 1168 del
945 1123 1073 1168 Duca
1094 1120 1139 1167 di
1162 1120 1348 1177 Milano,
1370 1138 1451 1181 per
1473 1119 1683 1168 conforto
1706 1120 1751 1168 di
1775 1120 1923 1181 quello

113 1190 294 1250 Signore
314 1203 357 1236 et
371 1207 452 1250 per
469 1188 558 1236 fare
576 1203 690 1236 tutte
707 1188 746 1236 le
764 1206 863 1236 cose
882 1188 962 1236 che
978 1189 1013 1236 si
1030 1189 1257 1250 potessino
1275 1188 1436 1250 perche
1454 1207 1553 1236 cose
1572 1207 1718 1236 nuove
1739 1189 1784 1235 in
1803 1188 1925 1236 Italia

114 1275 207 1305 non
230 1257 460 1304 havessino
484 1275 507 1304 a
528 1275 715 1304 nascere.
738 1258 885 1317 Hoggi
908 1275 989 1318 per
1007 1257 1047 1304 le
1069 1257 1305 1304 medesime
1328 1258 1498 1318 cagioni
1521 1257 1735 1305 facciamo
1756 1261 1925 1305 Messer

113 1325 267 1374 Guido
291 1326 496 1372 Antonio
519 1326 734 1386 Vespucci
759 1325 1072 1373 imbasciadore
1096 1343 1120 1373 a
1142 1330 1316 1382 Roma,e
1338 1343 1418 1387 per
1439 1343 1531 1373 non
1554 1325 1729 1373 lasciare
1751 1325 1921 1373 adrieto

113 1394 193 1441 che
218 1393 308 1441 fare
329 1411 410 1455 per
431 1393 472 1441 la
495 1394 828 1441 conservatione
853 1393 965 1441 della
984 1411 1105 1455 pace,
1129 1393 1211 1441 alla
1234 1394 1359 1455 quale
1384 1409 1535 1455 questa
1558 1393 1664 1441 citta
1686 1395 1731 1440 in
1756 1409 1877 1441 tutto
1901 1393 1923 1441 ὲ

111 1462 246 1509 volta.
267 1461 434 1509 Valete.
456 1462 543 1508 Die
565 1467 589 1508 5
612 1463 798 1508 Ianuarii
823 1466 942 1508 1481.

980 1603 1059 1645 127

297 1673 376 1712 TO
400 1674 667 1712 RINALDO
691 1674 910 1719 ORSINI,
929 1674 1310 1713 ARCHBISHOP
1333 1675 1408 1713 OF
1430 1675 1739 1713 FLORENCE

825 1743 874 1780 17
890 1743 1082 1793 January
1104 1743 1208 1781 1482

194 1836 280 1881 Mo,
297 1832 365 1874 fol.
382 1836 461 1874 26r.
478 1833 591 1874 Draft
606 1833 659 1886 by
674 1833 801 1874 Scribe
815 1836 865 1882 A,
881 1833 1033 1874 headed:
1054 1834 1249 1875 ‘Rainaldo
1267 1834 1567 1887 Anchiepiscopo
1584 1834 1834 1875 Florentino.'

193 1892 239 1930 In
269 1904 397 1942 marga
430 1889 769 1930 ‘Reverendissimo
803 1890 843 1929 in
874 1889 1029 1931 Christo
1060 1891 1159 1943 patri
1189 1890 1349 1931 domino
1381 1890 1563 1931 Rainaldo
1596 1890 1642 1931 de
1674 1892 1835 1939 Ursinis,

197 1945 480 1998 archiepiscopo
500 1945 736 1994 Florentino,
756 1947 855 1999 patri
874 1959 910 1986 et
930 1946 1089 1987 domino
1110 1962 1197 1987 meo
1217 1946 1508 1987 colendissimo.’

112 2049 521 2097 Reverendissime
511 2068 556 2096 1n
579 2050 762 2098 Christo
779 2065 906 2112 pater
924 2065 966 2098 et
987 2051 1167 2099 domine
1189 2052 1250 2098 mi
1273 2051 1589 2099 colendissime.
1615 2051 1869 2099 Havendo
1858 2070 1919 2098 1n-

111 2133 206 2166 teso
230 2118 310 2165 che
334 2117 375 2166 la
397 2122 558 2166 Vostra
583 2119 960 2167 Reverendissima
981 2120 1179 2180 Signoria
1202 2119 1371 2168 doveva
1393 2135 1563 2168 mutare
1587 2120 1625 2168 el
1650 2120 1919 2197 camarlingo

111 2186 229 2234 dello
254 2187 623 2243 Arcivescovado,
650 2187 820 2235 havevo
844 2187 1015 2249 parlato
1040 2206 1064 2236 a
1087 2193 1254 2236 Messer
1279 2188 1529 2236 Benedecto
1550 2207 1631 2250 per
1653 2207 1746 2236 uno
1774 2190 1919 2237 amico

111 2255 218 2310 mio,
243 2269 285 2301 et
305 2254 367 2301 lui
391 2256 453 2301 mi
476 2255 585 2302 disse
609 2255 797 2303 haverne
819 2257 984 2316 scripto
1006 2256 1088 2303 alla
1107 2257 1306 2317 Signoria
1326 2261 1498 2304 Vostra.
1521 2257 1831 2321 Nondimeno,
1858 2258 1919 2303 mi

111 2321 133 2369 ὲ
155 2337 316 2383 paruto
341 2322 535 2370 anchora
556 2341 580 2370 a
603 2341 673 2370 me
694 2324 927 2380 scriverne,
950 2324 1173 2372 stimando
1195 2324 1241 2372 lo
1263 2325 1448 2372 scrivere
1472 2325 1565 2372 mio
1590 2343 1683 2372 non
1707 2325 1838 2372 debbi
1862 2343 1921 2372 es-

109 2407 202 2437 sere
233 2390 423 2438 molesto
453 2390 535 2438 alla
562 2395 723 2438 Vostra
751 2392 949 2452 Signoria
978 2407 1020 2439 et
1049 2392 1308 2440 dimostrare
1335 2393 1413 2454 piu
1444 2393 1471 2439 il
1503 2394 1595 2440 mio
1626 2393 1842 2440 desiderio
1872 2394 1918 2440 in

111 2473 263 2519 questa
278 2476 390 2506 cosa.
410 2459 642 2519 Prieghovi
660 2477 786 2507 come
803 2475 956 2507 vostro
973 2460 1156 2521 figluolo
1174 2475 1216 2508 et
1232 2460 1497 2509 fedelissimo
1512 2461 1735 2509 servidore
1752 2461 1831 2509 che
1849 2461 1919 2509 ha·

110 2526 258 2574 vendo
278 2544 302 2574 a
321 2542 491 2574 mutare
512 2527 643 2574 decto
659 2527 972 2589 camarlingho,
996 2530 1057 2575 mi
1078 2528 1256 2577 facciate
1271 2530 1408 2590 gratia
1425 2529 1494 2577 del
1514 2548 1759 2577 successore
1780 2530 1919 2578 d’uno

111 2595 204 2641 mio
224 2595 382 2651 amico,
404 2610 446 2642 et
463 2596 525 2642 sia
544 2610 662 2642 certa
677 2595 718 2643 la
736 2596 934 2656 Signoria
951 2601 1111 2644 Vostra
1131 2597 1211 2644 che
1230 2615 1323 2644 non
1342 2597 1657 2659 supplicherrei
1675 2616 1756 2659 per
1772 2616 1918 2659 perso-

190 2852 204 2867 ς
221 2851 472 2886 Buonaccorso
490 2850 648 2893 Massari,
667 2849 872 2887 chancellor
887 2849 928 2887 of
944 2853 1067 2894 Lucca,
1084 2864 1141 2888 see
1158 2850 1264 2888 letter
1281 2854 1356 2895 122,
1375 2863 1462 2889 note
1479 2851 1510 2899 3)
1530 2852 1654 2889 above.

189 2899 206 2924 ‘¹
220 2907 423 2955 Bongianni
435 2906 695 2956 Gianfigliaai,
709 2908 905 2957 appointed
918 2908 1125 2947 Horentine
1136 2909 1361 2947 ambassador
1374 2921 1414 2947 to
1429 2912 1573 2948 Ferrara
1585 2924 1636 2948 on
1651 2914 1692 2948 10
1705 2910 1917 2954 December,

108 2957 249 3006 loeving
263 2972 316 2996 on
326 2958 390 2996 the
403 2972 499 2996 same
512 2958 582 3007 day
598 2959 712 2997 with
701 2961 934 2998 instructions
947 2972 987 2998 to
1002 2962 1151 2998 restrain
1166 2960 1291 2999 Ercole
1302 2961 1339 2999 d'
1342 2964 1422 2999 Este
1437 2961 1508 2999 and
1521 2975 1685 3010 preserve
1697 2976 1813 3010 peace,
1831 2961 1917 3006 LC²‚

109 3008 190 3047 fols.
217 3013 391 3054 31v—33v3
418 3013 594 3055 Lorenzo,
621 3014 760 3055 Latere,
788 3014 846 3055 VI,
877 3015 952 3056 137,
980 3024 1066 3050 note
1092 3016 1113 3050 6
1140 3012 1324 3061 (referring
1349 3012 1422 3050 also
1448 3025 1489 3051 to
1515 3013 1579 3051 the
1603 3016 1733 3062 Neapo
1733 3013 1824 3051 litan
1850 3013 1922 3052 and

110 3060 283 3099 Milanoee
299 3061 573 3100 ambassadors
562 3076 602 3099 m
619 3063 786 3111 Ferrara);
804 3077 857 3101 on
872 3065 1048 3101 Venetian
1063 3063 1311 3102 mobilisation
1327 3076 1363 3102 at
1379 3064 1451 3102 this
1467 3066 1566 3109 time,
1588 3064 1681 3109 ibid.
1683 3027 1847 3103 Ρ3058-59.

190 3118 310 3164 eLC²,
327 3119 408 3158 fols
428 3124 580 3158 ³4r-36r
596 3121 631 3169 (4
645 3124 723 3168 Jan.
744 3125 842 3166 1481,
861 3121 921 3160 for
936 3125 958 3159 2
974 3122 1148 3171 months),
1167 3122 1212 3161 cf.
1231 3126 1407 3167 Lorenzo,
1424 3126 1564 3167 Lettere,
1582 3126 1641 3167 VI,
1661 3127 1739 3167 200,
1758 3136 1845 3161 note
1866 3127 1918 3161 12.

112 3174 170 3209 He
186 3171 251 3210 left
266 3171 327 3210 for
344 3175 460 3210 Rome
478 3186 531 3210 on
547 3176 566 3211 3
587 3173 778 3222 February.
