2118 3444
154 169 343 203 Pussmc
371 168 651 202 ORATIONS
1864 160 1950 201 231

153 322 272 354 tores
299 324 409 367 quae
439 321 633 352 veterem
660 320 1005 366 perpetuamque
1037 304 1396 351 Florentinorum
1428 305 1473 350 in
1504 304 1615 351 hanc
1643 320 1963 351 sacrosanctam

152 374 301 422 sedem
317 374 641 421 observantiam
659 372 914 433 cultumque
929 387 1158 428 testantur,
1174 390 1282 433 quae
1298 387 1446 419 tamen
1459 373 1695 433 praeterire
1709 372 1847 420 modo
1863 390 1964 420 con-

151 442 298 490 silium
323 457 401 498 est,
424 441 604 503 quando
627 440 744 502 apud
765 440 1041 488 doctissimos
1065 441 1183 487 viros
1206 458 1439 501 rerumque
1462 441 1773 488 scientissimos
1798 456 1962 488 nostra·

153 528 252 558 rum
277 510 463 558 habetur
483 510 640 557 oratio.

237 578 311 626 Ad
342 576 551 626 omnes¹⁴0
585 596 692 625 vero
724 577 1000 625 Christianos
1033 577 1236 639 populos,
1273 577 1517 625 beatissime
1550 593 1687 639 pater,
1721 577 1775 625 ad
1806 596 1961 625 omnes

150 647 356 709 profecto
372 646 563 694 multum
579 647 786 707 pertinet,
802 661 850 693 ut
866 664 997 707 quam
1013 660 1214 693 ornatam
1231 646 1343 694 hanc
1355 646 1634 707 pontificiam
1649 646 1812 703 sedem,
1828 664 1961 708 quam

151 730 340 771 auctam,
363 733 496 776 quam
517 729 713 762 sanctam
735 729 777 761 et
798 729 1049 762 veneratam
1071 714 1222 771 velint,
1244 733 1268 762 a
1288 733 1374 775 qua
1396 715 1574 776 quidem
1595 714 1687 762 sola
1710 733 1803 762 non
1826 716 1962 762 animi

152 785 291 830 nostri
330 783 469 830 modo
508 784 701 843 quietem
739 801 861 830 suam
900 782 1171 844 salutemque
1210 798 1451 844 reportant,
1488 783 1564 830 sed
1600 783 1960 830 truculentissimi

151 869 329 913 quoque
358 851 504 898 hostes
529 866 571 898 et
595 850 887 898 ferocissimae
912 851 1119 899 barbarae
1144 852 1357 908 nationes,
1385 870 1494 912 quae
1519 850 1729 899 cotidie¹⁴¹
1758 851 1960 899 insidian-

150 936 224 968 tur
237 920 355 981 gregi
371 935 451 967 tuo
468 934 510 967 et
527 920 572 966 in
590 919 947 967 Christianorum
968 921 1156 967 cervices
1168 920 1436 981 petulantius
1453 920 1677 977 insultant,
1696 920 1960 968 commodis·

149 989 258 1036 sime
282 988 567 1048 repelluntur.
590 992 654 1035 Ut
675 989 711 1035 si
734 989 924 1048 insurgat
945 988 1177 1048 pontificia
1198 988 1351 1035 dextra
1366 990 1593 1049 potentius
1613 990 1771 1049 piaque
1793 989 1961 1036 Christi

150 1074 271 1103 arma
292 1055 496 1116 expedire
515 1056 620 1103 velit
643 1071 685 1102 et
706 1055 908 1116 colligere
927 1074 1109 1103 suorum
1133 1057 1259 1112 vires,
1281 1056 1389 1102 nihil
1414 1074 1501 1103 esse
1523 1067 1672 1104 m‘orae
1692 1058 1829 1117 possit
1853 1058 1961 1117 quin

150 1125 368 1171 continuo
393 1122 681 1171 concidant¹⁴²
707 1124 1055 1171 adversariorum
1078 1142 1233 1172 omnes
1257 1125 1544 1185 cogitationes
1568 1143 1809 1186 omnesque
1834 1143 1961 1173 cona-

149 1207 232 1249 tus,
252 1207 295 1239 et
312 1197 515 1247 Romana
534 1192 726 1248 ecclesia,
743 1210 852 1253 quae
871 1193 916 1239 in
935 1192 1065 1240 firma
1079 1207 1204 1254 petra
1221 1192 1508 1241 fundamenta
1525 1194 1639 1250 iecit,
1657 1212 1759 1241 cum
1778 1193 1962 1241 Christo

149 1276 328 1308 auctore
355 1261 400 1307 in
426 1260 564 1321 gloria
592 1275 755 1321 regnet.
782 1265 948 1308 Verum
976 1262 1204 1308 enimvero
1229 1261 1326 1323 plus
1354 1261 1515 1309 debent
1539 1262 1695 1323 procul
1723 1262 1861 1310 dubio
1887 1263 1963 1324 qui

146 1329 245 1406 plus
279 1344 555 1390 acceperunt.
587 1333 687 1376 Nos
721 1344 867 1377 autem
897 1329 1102 1391 profecto
1135 1330 1272 1378 multa
1302 1331 1562 1408 accepimus,
1596 1331 1671 1392 qui
1700 1332 1903 1408 patriam,
1910 1329 1957 1356 ¹⁴³

148 1399 224 1459 qui
244 1397 493 1445 libertatem
511 1397 795 1458 pontificum,
817 1413 866 1445 ut
885 1398 1088 1455 diximus,
1112 1403 1419 1446 Romanorum
1441 1401 1631 1447 maxime
1652 1418 1787 1476 opera
1804 1401 1960 1447 retine-

148 1484 259 1521 mus3
295 1484 437 1526 neque
471 1484 552 1513 nos
586 1484 678 1513 non
712 1484 997 1542 quaecunque
1028 1468 1255 1527 potuimus
1290 1467 1358 1514 vel
1391 1467 1510 1514 ultro
1540 1459 1850 1528 praestitimus,
1886 1470 1962 1562 qui

147 1535 300 1580 omnia
324 1533 585 1580 tradidimus
609 1535 793 1581 summis
818 1534 1120 1595 pontificibus,
1149 1554 1250 1582 cum
1277 1550 1345 1582 tot
1370 1535 1463 1583 dira
1487 1536 1627 1592 exilia,
1651 1551 1719 1583 tot
1745 1536 1958 1584 nefaria¹⁴⁴

146 1601 273 1657 bella,
297 1616 365 1649 tot
387 1603 563 1649 miseras
586 1602 728 1649 clades
748 1617 999 1663 mortesque
1021 1621 1146 1664 saepe
1167 1603 1441 1664 pertulimus,
1465 1618 1513 1651 ut
1536 1604 1738 1652 ecclesiae
1760 1604 1959 1652 hostibus

147 1670 458 1726 resisteremus,
482 1671 558 1730 qui
579 1688 632 1717 ne
653 1669 932 1718 facultatibus
951 1671 1130 1731 quidem
1153 1673 1312 1719 nostris
1333 1687 1406 1719 aut
1426 1673 1555 1728 vitae,
1574 1687 1622 1719 ut
1641 1672 1758 1719 salva
1776 1672 1956 1734 pontifi-

146 1737 248 1785 calis
282 1736 532 1785 maneret¹⁴⁵
567 1738 766 1798 dignitas,
800 1757 995 1799 unquam
1027 1741 1314 1800 pepercimus.
1350 1745 1461 1787 Non
1496 1742 1763 1788 mutavimus
1799 1759 1957 1798 mores,

144 1820 271 1866 pater
288 1821 449 1853 sancte.
475 1806 597 1853 Idem
620 1807 756 1853 animi
779 1822 895 1863 sunt,
918 1807 1071 1854 eadem
1091 1808 1234 1855 studia
1256 1809 1459 1855 omnium
1487 1808 1757 1865 nostrum,¹⁴⁶
1786 1809 1961 1857 faculta-

145 1888 210 1921 tes
230 1873 412 1921 fortasse
430 1874 651 1935 plusculae
674 1889 716 1922 et
736 1876 923 1923 maiores
942 1876 1068 1932 vires,
1091 1894 1200 1937 quae
1222 1876 1359 1924 modo
1380 1877 1435 1924 ad
1452 1892 1495 1924 te
1515 1875 1725 1925 cuncta¹⁴7
1746 1877 1959 1925 Florenti-

146 1960 308 1989 norum
337 1943 458 1990 iussis
484 1942 782 1990 Florentini¹⁴⁸
810 1959 1007 1992 oratores
1029 1944 1265 1992 deferimus
1290 1963 1339 1993 ac
1359 1945 1654 2007 supplicamus
1682 1946 1777 2003 tibi,
1802 1962 1851 1994 ut
1872 1965 1957 2008 pro

144 2025 225 2058 tuo
244 2011 427 2058 arbitrio
448 2011 793 2073 commodoque,
813 2030 897 2073 pro
917 2012 1127 2073 dignitate
1144 2018 1370 2061 Romanae
1389 2014 1591 2062 ecclesiae
1608 2030 1744 2062 utare:
1765 2015 1875 2062 nihil
1896 2030 1958 2063 est

142 2080 319 2140 penitus
344 2080 515 2127 senatui
538 2080 795 2142 populoque
825 2081 1098 2138 Florentino,
1127 2100 1259 2143 quam
1285 2082 1467 2144 obsequi
1495 2098 1625 2145 atque
1650 2083 1957 2145 obtemperare

144 2147 225 2195 tibi
249 2163 290 2195 et
313 2147 458 2195 favere
479 2148 681 2209 dignitati
704 2150 911 2197 omnibus
938 2150 1111 2198 nixibus
1135 2152 1296 2212 gratius
1319 2151 1532 2199 futurum.
1557 2157 1678 2200 Nam
1701 2154 1736 2200 si
1762 2153 1870 2199 nihil
1896 2168 1959 2201 est

144 2217 189 2262 in
208 2216 336 2263 rebus
354 2216 557 2264 humanis
577 2232 619 2264 te
636 2219 722 2264 iam
737 2218 951 2278 pontifice
970 2219 1326 2267 Christianorum
1347 2222 1522 2281 optimo
1541 2222 1750 2277 maximo,
1772 2237 1958 2269 rectore-

143 2302 228 2344 que
252 2299 294 2331 et
316 2299 612 2345 temperatore
636 2304 783 2332 rerum
807 2285 1063 2346 grandius¹⁴⁹
1091 2289 1326 2349 quicquam
1351 2304 1423 2335 aut
1448 2289 1617 2346 melius,
1642 2291 1677 2336 si
1702 2305 1750 2337 tu
1774 2291 1808 2337 is
1832 2308 1958 2337 voca-

143 2367 212 2399 tus
243 2367 320 2408 est,
350 2354 425 2413 qui
454 2371 601 2414 pascas
630 2353 787 2401 electas
813 2354 985 2402 domini
1016 2354 1186 2412 oves,¹⁵⁰
1219 2354 1400 2417 teque¹⁵¹
1433 2375 1572 2405 unum
1604 2359 1720 2405 inter
1747 2373 1815 2405 tot
1847 2358 1956 2405 mili·

142 2438 234 2476 um,
261 2436 309 2468 ut
336 2421 473 2477 aiunt,
501 2420 672 2469 milia¹⁵²
703 2422 958 2470 mortalium
985 2439 1159 2471 sanctus
1184 2426 1360 2486 spiritus
1386 2427 1585 2486 signavit,
1613 2426 1720 2487 quid
1745 2442 1807 2474 est
1835 2427 1958 2488 quod

143 2506 224 2535 nos
248 2490 485 2549 quicquam
512 2488 701 2537 facere¹⁵³
727 2492 976 2551 promptius
1004 2507 1046 2539 et
1069 2493 1225 2539 maiori
1250 2511 1351 2540 cum
1375 2494 1602 2554 voluptate
1626 2494 1694 2541 vel
1719 2495 1955 2542 debeamus

142 2556 210 2603 vel
231 2556 438 2604 velimus?

226 2627 304 2681 Te,
325 2626 469 2685 igitur,
488 2625 734 2673 beatissime
754 2642 891 2687 pater,
909 2627 1196 2676 vehementer
1211 2647 1412 2690 rogamus
1432 2630 1813 2692 supplicamusque
1836 2649 1955 2678 man-

139 2693 362 2740 suetudini
391 2693 737 2756 clementiaeque
761 2695 1017 2756 pontificiae
1044 2712 1092 2744 ut
1120 2698 1179 2744 ita
1204 2697 1468 2745 offerentem
1494 2717 1584 2746 sese
1610 2717 1772 2776 suaque
1802 2701 1953 2747 omnia

141 2759 432 2808 dedentem¹⁵⁴
460 2762 540 2809 tibi
567 2763 784 2824 populum
815 2764 1122 2812 Florentinum
1154 2784 1203 2813 ac
1227 2766 1474 2813 tradentem
1503 2768 1683 2843 recipias
1710 2768 1826 2814 inter
1852 2783 1952 2815 tuos

141 2829 318 2890 eiusque
348 2830 689 2878 observantiae
678 2849 723 2877 in
751 2846 794 2879 te
820 2834 1107 2894 perpetuique
1137 2833 1277 2881 cultus
1303 2852 1387 2895 pro
1415 2836 1581 2895 ingenti
1611 2835 1883 2883 humanitate
1913 2851 1954 2883 et

139 2896 410 2957 benignitate
440 2913 515 2945 tua
543 2917 717 2960 semper
745 2901 997 2948 memineris
1027 2916 1075 2948 ut
1104 2917 1250 2949 sancte
1277 2903 1435 2963 pieque
1463 2903 1643 2950 tandem
1675 2902 1949 2964 republica¹⁵⁵

140 2964 444 3012 administrata
461 2966 726 3023 Christiana,
746 2986 846 3014 cum
868 2968 1051 3016 decurso
1070 2969 1250 3016 demum
1268 2971 1411 3031 spatio
1430 2971 1702 3018 revocaberis
1720 2973 1765 3018 in
1785 2972 1954 3019 caelum

140 3032 257 3079 unde
276 3034 430 3080 missus
450 3052 507 3089 es,
527 3052 608 3081 nos
626 3053 803 3096 quoque
824 3054 924 3082 cum
945 3037 1114 3097 reliquo
1133 3056 1272 3098 grege,
1291 3056 1423 3098 quem
1442 3057 1543 3085 cum
1563 3039 1746 3086 Christo
1764 3041 1948 3100 paveris,

141 3100 320 3147 reducas
338 3101 383 3147 in
402 3101 632 3149 caelestem
649 3104 851 3163 patriam,
868 3104 943 3151 ubi
963 3122 1063 3151 cum
1083 3106 1236 3152 ceteris
1250 3107 1409 3153 sanctis
1426 3121 1601 3153 aeterna
1618 3107 1797 3154 tandem
1814 3107 1952 3167 gloria

140 3185 189 3214 ac
210 3167 416 3215 felicitate
435 3169 672 3229 perfruare.
695 3169 913 3218 Amen.¹⁵⁶
