2118 3450
184 165 244 206 20
1821 171 1959 205 PART
1984 172 1998 205 1

184 309 419 358 scrivendo
442 309 568 356 altro.
592 313 633 355 A
655 310 730 356 voi
754 309 814 355 mi
840 308 1147 356 raccomando.
1172 309 1393 356 Florentie
1416 308 1485 356 die
1506 310 1566 355 xii
1587 309 1854 370 Septembris
1881 315 2000 357 1469.

186 378 526 426 Bartholomeus
549 377 681 424 Scala.

1069 519 1124 561 27

499 590 577 630 TO
601 590 881 629 LORENZO
903 591 1031 629 AND
1053 591 1348 629 GIULIANO
1371 591 1461 628 DE’
1482 591 1695 630 MEDICI

802 656 933 705 [after
955 660 977 696 2
1000 657 1243 697 December
1268 660 1391 705 1469]

269 750 342 800 M³‚
363 751 447 792 fols.
468 754 647 792 73r-76v.
668 750 751 791 The
769 750 879 791 letter
898 766 975 791 was
993 751 1147 791 written
1168 750 1262 791 after
1278 750 1344 791 the
1363 750 1475 791 death
1495 750 1539 791 of
1555 751 1664 792 Piero
1684 750 1723 791 di
1743 752 1917 800 Cosimo,

269 808 370 849 their
388 807 523 856 father,
544 823 597 848 on
617 810 638 847 2
659 807 875 848 December
897 810 1000 847 1469.

185 913 333 961 Barth.
362 912 483 960 Scala
509 913 748 960 Laurentio
775 927 816 960 et
844 911 1013 960 Iuliano
1041 911 1289 960 Medicibus
1316 911 1500 960 salutem
1531 911 1649 960 dicit.
1679 916 1870 960 Cosmus
1901 931 2005 961 avus

184 997 329 1029 vester
343 982 510 1042 patriae
531 996 704 1028 nostrae
724 996 862 1042 pater,
884 999 985 1028 cum
1009 999 1030 1028 e
1050 982 1140 1028 vita
1155 980 1288 1042 paulo
1311 995 1410 1028 ante
1430 981 1635 1038 discessit,
1658 981 1703 1028 id
1722 982 1837 1029 visus
1859 996 1921 1029 est
1942 981 2001 1029 ob

185 1050 352 1098 doloris
374 1049 739 1110 magnitudinem,
762 1067 893 1110 quem
913 1068 965 1096 ex
984 1050 1074 1096 eius
1093 1049 1218 1096 obitu
1239 1068 1330 1096 non
1350 1068 1430 1096 nos
1448 1049 1606 1106 solum,
1626 1068 1782 1097 verum
1801 1051 2004 1097 universa

185 1120 337 1166 civitas
354 1136 402 1165 ac
414 1136 554 1179 prope
574 1118 719 1165 omnis
739 1118 860 1165 Italia
873 1118 1076 1178 suscepit,
1093 1117 1285 1165 effecisse
1300 1132 1348 1165 ut
1366 1117 1513 1165 dolere
1530 1119 1765 1179 quicquam
1781 1132 2007 1179 praeterea

185 1185 432 1247 nunquam¹
456 1204 583 1247 posse
610 1201 821 1246 tanquam
844 1185 1008 1246 stupidi
1033 1185 1136 1232 facti
1157 1186 1214 1232 ob
1240 1204 1486 1233 maerorem
1509 1201 1776 1246 putaremus.
1804 1189 1938 1233 Certe
1961 1185 2006 1233 id

186 1255 296 1301 mihi
321 1254 478 1302 accidit
500 1269 547 1301 ut
571 1268 746 1301 tantum
770 1254 934 1301 abesset
956 1268 1004 1301 ut
1027 1253 1263 1315 aliquando
1288 1255 1582 1301 existimarem
1606 1272 1675 1301 me
1698 1254 1752 1301 ad
1771 1253 2002 1302 lachrimas

185 1323 287 1371 alias
309 1338 564 1379 venturum,
589 1337 637 1370 ut
662 1337 844 1370 mortuo
871 1326 1056 1379 Cosmo,
1085 1337 1276 1370 mortem
1302 1323 1439 1383 ipsam
1463 1340 1588 1383 saepe
1614 1341 1706 1370 non
1730 1322 2004 1370 exhorresce-

186 1410 294 1448 ram,
323 1409 649 1452 nonnunquam
680 1392 812 1438 etiarn
839 1405 1039 1452 optarem
1065 1409 1166 1438 curn
1193 1392 1362 1438 veniret
1388 1391 1433 1437 in
1460 1405 1671 1447 mentem,
1700 1391 1782 1438 nisi
1807 1405 2003 1447 mortuo,

186 1460 297 1506 mihi
318 1460 408 1507 eius
428 1460 511 1506 viri
531 1459 849 1507 consuetudine
870 1458 955 1506 frui
977 1458 1162 1520 amplius
1184 1477 1275 1506 non
1296 1459 1437 1506 licere.
1456 1463 1533 1506 Me
1552 1460 1685 1516 enim,
1705 1473 1753 1506 ut
1772 1477 1852 1507 vos
1870 1459 2002 1516 scitis,

184 1528 475 1576 vehementer
490 1529 652 1576 amavit
673 1543 802 1589 atque
820 1546 900 1589 ego
917 1529 1063 1575 virum
1084 1527 1208 1575 illum
1229 1543 1270 1575 et
1290 1527 1406 1575 colui
1425 1542 1467 1575 et
1483 1546 1580 1575 sum
1600 1527 1851 1585 admiratus3
1873 1542 2003 1589 atque

185 1616 282 1645 eam
303 1598 530 1654 virtutem,
551 1597 778 1658 pietatem,
798 1597 1057 1658 sapientiam
1080 1614 1253 1657 semper
1271 1597 1423 1657 putavi
1446 1614 1533 1644 esse
1554 1596 1763 1644 divinam.
1786 1599 1889 1644 Post
1912 1597 2003 1644 eius

185 1685 206 1714 e
226 1667 318 1714 vita
335 1666 571 1714 discessum
594 1665 734 1713 multa
752 1680 868 1713 certe
887 1683 1007 1713 casus
1027 1666 1201 1713 miscuit
1222 1683 1331 1727 quae
1351 1665 1539 1713 erudisse
1561 1666 1732 1713 animos
1753 1679 1928 1713 nostros
1950 1664 2007 1713 fa-

185 1735 266 1783 cile
289 1735 552 1792 debuerunt,
575 1750 704 1796 atque
727 1735 786 1782 ita
807 1735 1066 1782 exercitatos
1085 1734 1320 1782 reddidisse
1344 1735 1488 1796 itaque
1508 1733 1691 1782 affectos
1710 1749 1758 1782 ut
1782 1733 1891 1781 nihil
1913 1752 2002 1782 esse

186 1804 289 1852 mali
309 1803 431 1865 quod
451 1805 625 1851 evenire
644 1803 843 1864 quotidie
862 1822 954 1850 non
972 1818 1117 1864 posset
1138 1804 1497 1860 existimaremus,
1521 1821 1569 1850 ac
1585 1802 1788 1850 fortunae
1807 1803 2003 1859 vulnera,

186 1872 331 1920 multo
352 1887 452 1920 ante
469 1873 679 1933 praevisa,
700 1871 824 1919 facile
843 1871 932 1919 fere
951 1886 1080 1933 atque
1099 1886 1384 1919 contemnere
1402 1889 1640 1933 possemus.
1663 1873 1834 1919 Tamen
1852 1872 2001 1919 nescio

185 1959 276 2002 quo
302 1940 441 1988 modo
465 1959 583 1987 nunc
608 1940 764 1987 accidit
787 1955 835 1987 ut
860 1940 931 1987 illa
953 1941 997 1986 in
1022 1940 1146 1987 malis
1170 1941 1425 1987 exercitatio
1446 1939 1554 1986 nihil
1577 1940 1717 2001 prosit
1743 1954 1799 1996 et,
1822 1954 2004 1987 mortuo

184 2013 332 2066 Petro,
361 2027 494 2070 quem
522 2027 731 2070 magnum
761 2008 940 2056 fortuna
966 2008 1172 2056 solatium
1201 2027 1249 2056 ac
1274 2008 1490 2069 refugium
1518 2009 1563 2055 in
1592 2008 1780 2056 adversis
1806 2008 1934 2056 rebus
1961 2022 2003 2056 et

186 2079 308 2139 quasi
343 2079 525 2125 unicum
562 2077 715 2125 lumen
750 2078 917 2125 civitati
950 2092 1123 2125 nostrae
1158 2077 1405 2138 reliquerat,
1440 2078 1561 2138 quasi
1596 2076 1900 2124 recrudescant
1935 2076 2008 2124 illa

185 2161 335 2194 vetera
351 2164 399 2194 ac
417 2146 506 2194 fere
524 2147 611 2193 iam
631 2146 791 2193 tradita
807 2146 1024 2193 oblivioni
1044 2160 1085 2193 et
1104 2147 1272 2193 maiora
1290 2145 1413 2202 fiant,
1434 2163 1542 2207 quae
1561 2146 1607 2192 in
1624 2146 1870 2206 praesentia
1888 2144 2004 2192 dole-

186 2233 296 2263 mus.
323 2219 472 2276 Atque
496 2215 540 2261 in
564 2229 655 2262 tam
678 2215 909 2262 communi
934 2232 1146 2271 maerore,
1168 2214 1243 2261 ubi
1266 2215 1468 2261 universa
1490 2213 1578 2261 fere
1600 2214 1750 2261 civitas
1772 2213 1882 2261 adeo
1904 2231 2006 2261 con-

184 2298 378 2331 sternata
397 2298 474 2340 est,
493 2283 570 2331 ubi
589 2283 781 2345 populus
802 2284 919 2344 pacis
940 2301 988 2331 ac
1007 2284 1164 2344 quietis
1183 2283 1320 2330 civilis
1342 2283 1585 2330 maximum
1605 2297 1846 2344 patronum
1868 2281 2001 2343 luget,

186 2354 282 2414 quis
303 2371 390 2400 esse
412 2352 538 2400 fortis
558 2354 726 2413 potest?
749 2353 863 2412 Quis
883 2367 973 2399 tam
992 2352 1219 2413 publicum
1243 2352 1412 2399 luctum
1433 2366 1626 2412 spectare
1644 2352 1779 2408 siccis,
1799 2365 1848 2399 ut
1868 2351 1928 2398 ita
1945 2350 2005 2398 di-

186 2440 297 2478 cam,
321 2420 458 2468 oculis
480 2422 711 2468 sustineat?
1666 2465 1668 2467 ,
1947 2464 1949 2466 .

270 2494 362 2551 Ego
384 2508 480 2537 sum
505 2504 615 2537 certe
639 2490 671 2537 is
693 2507 822 2550 quem
847 2504 997 2537 natura
1018 2507 1109 2537 non
1128 2489 1400 2550 plumbeum,
1423 2507 1514 2536 non
1534 2507 1707 2536 saxeum
1728 2487 1923 2550 protulit,
1946 2487 2020 2536 sed

186 2560 260 2619 qui
284 2558 442 2619 aliquid
465 2558 607 2605 dolori
631 2558 821 2606 dandum
845 2573 1010 2619 putem,
1037 2576 1127 2605 non
1150 2573 1295 2605 tamen
1319 2559 1478 2614 omnia,
1501 2572 1549 2605 ut
1573 2558 1647 2618 qui
1669 2575 1893 2605 summum
1918 2575 2018 2604 eum

186 2627 350 2674 malum
364 2641 533 2687 putant,
543 2626 663 2687 quod
676 2626 896 2687 voluptate
908 2627 1195 2687 privat,quam
1210 2644 1461 2687 supremum
1477 2644 1560 2673 esse
1573 2625 1794 2673 bonorum
1810 2626 2011 2672 omnium

186 2695 468 2742 contendunt.
489 2695 647 2742 Dolori
668 2710 813 2742 tamen
833 2713 880 2742 ac
898 2694 1122 2751 lachrimis,
1142 2709 1189 2741 ut
1211 2709 1469 2741 caeterarum
1491 2712 1663 2755 quoque
1683 2711 1840 2750 rerum,
1863 2692 2020 2740 modus

186 2763 361 2824 quidam
382 2781 465 2810 esse
485 2764 528 2809 in
545 2764 631 2810 vita
649 2763 786 2810 debet.
805 2768 877 2810 Est
897 2764 1011 2810 enim
1030 2762 1268 2810 admodum
1287 2777 1411 2823 turpe
1430 2777 1470 2809 et
1489 2762 1539 2809 ab
1560 2762 1747 2809 humana
1764 2761 2019 2817 excellentia,

186 2849 317 2892 quarn
346 2849 437 2878 non
462 2831 638 2878 affectus
661 2831 734 2878 sed
758 2849 857 2878 vera
881 2832 988 2878 ratio
1016 2845 1126 2891 regat
1152 2845 1338 2891 oportet,
1365 2830 1507 2890 longet
1533 2830 1718 2877 alienum
1742 2828 2020 2876 succumbere

184 2899 582 2959 perturbationibus
606 2913 646 2946 et
671 2898 827 2946 confici
850 2898 1120 2959 aegritudine,
1144 2916 1168 2945 a
1189 2916 1272 2958 qua
1295 2899 1424 2958 magis
1447 2915 1576 2958 quarn
1602 2898 1709 2944 ratio
1734 2898 1821 2958 ipsa
1842 2896 2018 2944 liberare

186 2982 359 3028 tempus
378 2981 516 3027 queat.
536 2971 655 3014 Nam
676 2981 724 3014 ut
746 2966 862 3023 illud,
881 2984 1051 3013 sensum
1074 2966 1239 3013 nullum
1262 2965 1414 3013 habere
1435 2983 1578 3012 rerum
1600 2965 1900 3020 humanarum,
1922 2963 2018 3011 duri

185 3035 356 3082 videtur
376 3053 460 3082 esse
482 3035 670 3082 hominis
690 3050 730 3082 et
752 3050 946 3082 naturam
970 3049 1159 3081 nostram
1181 3035 1382 3090 exuentis,
1402 3034 1459 3081 sic
1479 3033 1603 3090 istud,
1620 3033 1834 3094 prosterni
1854 3046 1895 3080 et
1915 3031 2012 3079 dare

187 3121 352 3160 manus,
373 3103 608 3151 effeminati
629 3103 848 3150 cuiusdam
869 3121 952 3150 esse
974 3121 1021 3150 ac
1040 3102 1252 3150 nullarum
1273 3103 1429 3149 virium
1448 3101 1690 3162 putandum
1713 3115 1784 3148 est.
1804 3104 1918 3161 Ergo
1940 3099 2018 3147 hac

187 3190 362 3233 quoque
384 3173 428 3218 in
450 3190 507 3228 re,
528 3186 576 3219 ut
598 3172 642 3218 in
664 3172 834 3218 caeteris
854 3170 1094 3227 virtutibus,
1115 3170 1336 3231 quaedam,
1359 3188 1465 3230 quae
1484 3169 1620 3230 placet
1643 3169 1938 3229 Peripateticis,
1959 3182 2019 3215 est
