2124 3458
125 177 307 210 ESSAYs
387 188 391 192 ·
1832 167 1921 208 363

124 317 226 361 Deo
245 331 325 360 nos
344 327 498 360 natura
515 312 750 360 obstrictos
768 326 809 359 et
827 312 947 372 quasi
966 311 1165 371 religatos
1182 311 1457 367 arbitremur3
1477 311 1592 358 unde
1611 326 1652 358 et
1671 311 1926 371 religionem

123 381 354 442 sumpsisse
389 398 517 427 suum
552 397 717 427 nomen
750 380 1018 426 existimat.zz
1049 378 1188 438 Quod
1219 393 1261 425 et
1294 379 1518 426 Lucretius
1544 379 1724 429 ,sensisse
1758 378 1934 425 videtur

125 466 226 496 cum
266 449 339 504 ait,
379 451 436 495 ‘et
473 448 575 494 artis
614 447 874 507 religionum
915 447 1085 493 animos
1126 446 1252 493 nodis
1290 446 1491 493 exolvere
1526 449 1743 507 pergo.'¹⁸⁸
1779 447 1931 493 Servio

125 531 272 564 autern
300 515 494 576 Sulpicio
523 514 639 576 apud
666 508 1006 562 Macrobiumbbb
1039 514 1138 561 ideo
1165 514 1327 561 dictam
1355 513 1610 574 religionem
1639 513 1780 575 placet
1807 514 1929 575 quod

126 602 272 632 rerum
294 583 550 631 excellentia
570 583 818 630 divinarum
841 583 1056 630 remotior
1077 600 1164 630 esse
1185 600 1208 630 a
1230 582 1356 630 nobis
1378 582 1578 630 videatur
1595 600 1619 629 a
1640 582 1931 643 relinquendo

123 667 172 700 ut
207 670 230 700 a
263 651 455 699 carendo
488 652 791 699 caerimoniae.
827 650 967 710 Quod
1001 665 1043 698 et
1075 655 1205 698 Maro
1237 668 1434 698 summus
1468 665 1602 711 poeta
1634 651 1781 698 testari
1814 648 1928 698 est¹²⁴

123 721 239 768 visus
271 738 372 767 cum
407 720 562 781 inquit:
597 723 673 767 ‘est
704 719 826 767 lucus
858 720 1007 780 ingens
1036 737 1174 780 prope
1207 720 1393 766 Caeritis
1424 716 1668 775 amnem,¹²⁵
1701 718 1928 779 Religione

122 803 299 850 patrum
332 788 417 835 late
446 806 578 844 sacer3
609 787 803 848 undique
836 787 967 835 colles
1000 787 1209 834 inclusere
1242 788 1348 834 cavi:
1381 802 1422 834 et
1454 788 1574 847 nigra
1605 805 1759 834 nemus
1792 787 1932 834 abiete

124 857 338 917 cingit.’ccc

207 924 292 971 Sed
312 938 411 971 utut
433 942 587 971 verum
612 923 767 971 habeat
790 923 897 971 illud
919 938 980 970 est
1003 921 1371 971 attendendum¹²⁶
1392 924 1541 984 potius
1565 938 1613 970 ut
1636 923 1742 984 quid
1763 924 1854 984 ipsa
1876 924 1930 970 sit

124 1008 166 1040 et
196 1011 305 1054 quae
334 1010 437 1040 vera
463 993 517 1040 sit
548 992 698 1053 religio
729 1010 1054 1052 cognoscamus.
1090 991 1229 1051 Quod
1260 989 1493 1039 Iacobus¹²⁷
1526 991 1748 1052 apostolus
1779 991 1931 1039 decem

123 1060 325 1108 tribubus
356 1078 465 1121 quae
496 1061 541 1106 in
571 1060 838 1120 dispersione
869 1074 970 1107 sunt
1002 1060 1148 1107 divine
1175 1054 1419 1120 scripsit.‘³‘¹‘¹
1449 1060 1506 1107 ‘Si
1534 1061 1629 1120 quis
1660 1063 1835 1115 autem‚'
1868 1061 1929 1106 in-

124 1129 233 1189 quit,
260 1128 526 1188 ‘religiosum
555 1146 642 1175 esse
665 1146 708 1175 se
732 1142 856 1188 putat
882 1146 974 1174 non
999 1127 1221 1174 refrenans
1242 1127 1435 1188 linguam
1461 1145 1598 1183 suam,
1623 1127 1700 1174 sed
1721 1127 1931 1174 seducens

124 1214 202 1243 cor
217 1214 360 1252 suum,
384 1195 510 1243 huius
530 1214 642 1243 vana
658 1210 720 1243 est
739 1195 902 1256 religio.
923 1195 1093 1256 Religio
1113 1210 1259 1242 autem
1277 1195 1442 1243 munda
1460 1210 1502 1242 et
1520 1195 1799 1242 immaculata
1815 1195 1932 1256 apud

123 1267 273 1311 Deum
289 1279 548 1325 patremque
565 1263 670 1311 haec
685 1278 760 1311 est:
777 1264 950 1311 visitare
963 1263 1154 1324 pupillos
1174 1278 1215 1311 et
1230 1263 1381 1311 viduas
1396 1264 1441 1310 in
1458 1263 1742 1310 tribulatione
1759 1281 1929 1320 eorum,

123 1347 166 1380 et
186 1332 519 1380 immaculatum
540 1350 583 1379 se
603 1331 822 1379 custodire
842 1332 895 1379 ab
917 1331 1002 1379 hoc
1021 1331 1222 1379 saeculo.’
1246 1331 1437 1379 Colendi
1457 1350 1564 1379 vero
1585 1331 1689 1379 deos
1709 1346 1751 1379 et
1769 1331 1929 1379 sacrifi-

123 1400 251 1448 candi
280 1401 388 1448 ritus
417 1400 659 1448 admodum
687 1401 831 1447 varius
860 1400 975 1461 apud
999 1401 1166 1461 primae
1196 1401 1346 1448 aetatis
1374 1399 1575 1447 homines
1604 1399 1686 1447 fuit
1714 1418 1850 1461 usque
1879 1399 1934 1447 ad

122 1470 235 1516 Nini
258 1484 473 1530 tempora,
496 1487 598 1516 cum
619 1469 814 1530 primum
840 1468 956 1516 idola
976 1468 1118 1516 colere
1140 1469 1403 1516 institutum.
1430 1468 1570 1528 Quod
1592 1483 1634 1516 et
1654 1483 1803 1516 nostra
1825 1483 1932 1516 tem-

121 1552 288 1598 pestate
302 1555 387 1598 pro
404 1537 686 1584 varietatibus
702 1538 898 1597 gentium
915 1555 1084 1598 proque
1104 1538 1382 1598 opinionum,
1405 1555 1513 1598 quae
1532 1536 1584 1584 de
1600 1536 1681 1584 diis
1699 1536 1929 1593 habentur,

123 1605 447 1652 diversitatibus
477 1605 671 1652 accidere
697 1604 909 1652 videmus.
941 1605 1100 1661 Nobis,
1134 1606 1179 1651 in
1210 1605 1497 1652 hereditatem
1526 1603 1769 1652 caelestis¹²⁸
1800 1606 1931 1665 patri-

124 1674 264 1720 monii
283 1673 444 1728 electis‚
463 1677 576 1720 Iesus
596 1672 811 1728 Christus,
830 1674 916 1719 Dei
934 1672 1062 1728 filius,
1081 1673 1271 1720 salvator
1287 1687 1448 1728 noster,
1467 1691 1616 1719 veram
1634 1687 1675 1719 et
1691 1672 1933 1719 sacrifican-

123 1740 167 1788 di
185 1755 232 1788 et
255 1740 430 1788 colendi
451 1741 517 1787 sui
541 1742 657 1788 viam
682 1741 770 1801 ipse
794 1741 974 1801 aperuit.
1000 1744 1128 1800 Quos
1153 1741 1284 1788 etiam
1309 1741 1501 1787 nominis
1524 1741 1694 1801 proprii
1719 1740 1929 1801 dignitate

123 1809 449 1856 condecoravit.
472 1813 562 1856 Iam
582 1809 779 1856 aberrare
799 1827 823 1855 a
841 1823 968 1865 casta,
987 1809 1040 1856 ab
1062 1808 1340 1856 immaculata
1356 1823 1590 1869 sanctaque
1609 1809 1699 1855 eius
1720 1808 1928 1868 religione

123 1876 333 1923 nonlicet
351 1894 483 1936 quam
502 1877 590 1936 ipse
611 1894 691 1923 nos
710 1876 899 1932 edocuit,
917 1894 1048 1936 quam
1066 1877 1155 1923 vita
1171 1876 1477 1936 comprobavit
1498 1890 1540 1923 et
1556 1875 1764 1923 stabilivit
1783 1891 1927 1922 morte

123 1958 434 2004 aeternamque
455 1945 696 1991 constituit.

208 2011 393 2072 Legibus
419 2027 568 2059 tamen
592 2011 834 2073 pontificiis
860 2012 1115 2072 praesertim
1141 2026 1183 2059 et
1208 2012 1367 2059 nostris
1394 2011 1502 2058 nihil
1530 2026 1592 2058 est
1619 2011 1740 2072 quod
1766 2011 1821 2058 ad
1845 2012 1931 2058 Dei

123 2081 263 2127 nostri
286 2081 460 2141 optimi,
486 2081 680 2136 maximi,
704 2080 920 2127 culturam
943 2080 1286 2141 religionemque
1309 2094 1351 2127 et
1370 2098 1490 2127 sacra
1507 2080 1723 2141 pertineat
1742 2094 1931 2141 praeter-

123 2149 317 2196 missum.
356 2149 519 2209 Signati
554 2148 643 2196 dies
676 2163 776 2196 sunt
814 2147 911 2196 festi
945 2147 1200 2210 nefastique,
1234 2167 1283 2196 ac
1315 2146 1475 2210 quae¹29
1513 2149 1668 2210 cuique
1701 2166 1926 2196 sacrorum

122 2235 279 2278 genera
297 2218 563 2264 conveniant
582 2217 849 2264 declaratum
866 2232 940 2265 est.
961 2217 1154 2265 Ordines
1173 2217 1366 2265 distincti
1384 2235 1538 2265 eorum
1558 2218 1633 2278 qui
1649 2218 1778 2265 sacris
1795 2217 1929 2264 admi-

124 2285 357 2332 nistrandis
379 2300 586 2346 praesunt
612 2285 855 2346 modusque
882 2285 1059 2346 quidam
1081 2283 1301 2346 positus¹³⁰
1330 2286 1374 2332 in
1397 2285 1699 2342 sacrificando,
1723 2304 1812 2346 quo
1837 2303 1929 2332 non

123 2354 337 2400 antistites
359 2353 586 2400 dumtaxat
606 2371 830 2400 sacrorum
854 2368 895 2401 et
915 2353 1159 2401 sacerdotes
1181 2354 1287 2414 quid
1306 2372 1349 2401 se
1372 2355 1543 2414 operari
1564 2355 1618 2401 sit
1640 2355 1764 2414 pium
1790 2353 1928 2400 claris-

122 2422 230 2467 sime
259 2421 522 2481 intelligunt‚
550 2421 625 2468 sed
648 2421 818 2482 populo
847 2439 1022 2482 quoque
1050 2439 1139 2482 quo
1169 2421 1319 2468 habitu
1347 2422 1519 2477 mentis,
1549 2439 1638 2482 quo
1665 2422 1862 2482 corporis
1891 2436 1932 2468 et

124 2489 429 2536 membrorum
453 2504 575 2549 gestu
595 2489 739 2536 adesse
759 2490 887 2536 sacris
907 2504 1109 2550 oporteat
1131 2490 1175 2536 in
1195 2504 1407 2550 promptu
1431 2504 1492 2536 est
1512 2490 1720 2550 positum.
1746 2490 1931 2536 Diversa

122 2572 223 2604 sunt
245 2558 428 2604 nomina
451 2558 770 2614 ministrorum,
795 2557 963 2605 diversa
982 2558 1088 2605 item
1109 2557 1271 2614 officia,
1292 2576 1346 2604 ne
1365 2557 1471 2618 quid
1489 2558 1625 2618 possit
1647 2576 1727 2618 per
1746 2557 1928 2604 oblivio-

124 2642 241 2680 nem,
255 2642 335 2685 per
349 2624 656 2685 negligentiam
672 2626 977 2685 praetermitti,
992 2625 1113 2686 quod
1128 2625 1182 2672 ad
1194 2625 1449 2685 religionem
1466 2626 1687 2686 ritumque
1702 2643 1927 2672 sacrorum

122 2693 342 2752 pertinere
372 2710 548 2753 quoque
576 2710 702 2753 posse
734 2693 871 2740 modo
900 2693 1110 2740 videatur.
1143 2697 1331 2754 Hocque
1360 2707 1491 2753 agunt
1519 2692 1721 2740 videlicet
1750 2693 1928 2748 ostiarii,

204 2948 233 2965 ²²
250 2946 462 2990 Lactantius,
479 2947 642 2984 Dianst.
664 2948 802 2984 4.28.A.
823 2945 881 2984 Cf.
902 2958 988 2984 note
1005 2946 1067 2995 yy)
1087 2946 1211 2984 above.

204 3009 243 3023 ²²²
260 3005 454 3049 Lucretius,
471 3007 527 3042 De
543 3015 677 3042 rennat.
699 3008 872 3049 1‚931-32;
893 3008 985 3043 IV.7.

203 3057 251 3082 ω)
270 3063 488 3107 Macrobius,
508 3065 575 3101 sat.
595 3067 742 3101 3.3.8-9.

204 3124 244 3139 ⁰⁰⁶
259 3124 363 3169 Verg.
380 3124 470 3159 Aen.
488 3124 728 3159 VIII.597-99.

203 3172 252 3197 «ΗΑ
266 3181 381 3224 μωω
401 3181 551 3215 ῐ;26-27.
