2118 3444
211 174 302 215 324
1819 177 1957 211 PART
1981 178 2012 210 V

984 321 1049 362 57.
1075 319 1247 362 Aurum

210 420 425 467 Nascenti
447 437 554 466 auro
579 415 762 466 Pluto144
786 418 926 478 legem
949 417 1057 465 dixit
1079 432 1127 465 ut
1151 418 1426 478 occupatoris
1450 417 1587 464 fieret.
1611 417 1660 464 Id
1681 435 1783 477 ergo
1806 416 2015 465 formicae

212 487 328 548 apud
343 487 475 534 Indos
493 505 594 534 cum
613 486 849 547 aliquando
865 487 1074 533 eruissent
1093 500 1220 546 atque
1237 500 1410 532 erutum
1426 486 1559 532 vicini
1575 484 1837 541 furarentur,
1854 484 1908 532 ad
1922 485 2017 532 Cir-

212 574 293 603 cen
325 556 390 616 (ea
413 573 494 616 per
522 554 566 602 id
595 569 769 615 tempus
798 572 954 614 magna
983 568 1072 601 erat
1101 554 1450 601 incantationum
1482 552 1610 609 fama,
1638 552 1748 600 Solis
1778 552 1882 613 filia)
1913 570 2015 600 cum

212 623 468 671 muneribus
493 637 710 670 venerunt
732 637 779 669 ut
802 640 957 669 eorum
981 622 1103 683 operi
1124 636 1406 669 succurreret.
1428 620 1652 668 Proficisci
1674 621 1836 668 Circen
1857 621 1903 667 in
1926 638 2019 668 rem

209 706 487 753 praesentem
503 691 680 752 placuit.
702 695 851 751 Itaque
868 708 969 738 cum
987 689 1161 737 dixisset
1180 690 1372 737 carmina
1387 690 1433 736 in
1452 707 1620 746 aurum,
1641 688 1762 750 quod
1780 688 1894 737 forte
1911 707 2021 750 eges-

211 775 322 817 tum,
354 778 455 807 cum
488 759 744 816 advenisset,
773 759 912 806 stabat
940 773 1118 819 repente
1149 757 1359 819 (mirabile
1391 754 1580 819 dictu)¹⁴⁵
1610 753 1836 805 veneno¹⁴⁶
1867 772 1909 805 et
1935 757 2018 818 gla-

212 829 272 876 dii
296 843 447 889 suapte
471 842 629 889 sponte
656 828 1074 888 circumsaepserunt
1101 845 1267 874 aurum.
1295 831 1360 873 Ex
1385 845 1438 874 eo
1463 844 1565 887 ergo
1590 826 1672 882 die,
1698 827 1773 887 qui
1796 826 2019 873 accesserit

212 898 375 944 mirum
401 911 463 943 est
486 897 531 942 ni
552 910 722 957 pestem
745 910 937 956 oppetat.

1024 1036 1089 1078 58.
1113 1032 1215 1078 Vita

211 1138 314 1181 Post
333 1133 589 1181 Promethei
605 1133 773 1180 furtum
794 1132 950 1180 deiecti
965 1133 1010 1179 in
1028 1147 1190 1180 terram
1207 1132 1366 1188 morbi,
1384 1150 1485 1179 cum
1503 1132 1653 1179 omnia
1670 1131 1754 1179 late
1769 1131 1866 1179 loca
1883 1130 2020 1179 insed-

212 1204 358 1259 issent,
380 1202 546 1249 bellum
567 1216 828 1249 struxerant,
851 1204 969 1248 Cum
988 1200 1208 1248 Valetudo
1230 1201 1484 1248 occurrisset
1506 1214 1547 1247 et
1567 1199 1778 1247 dimicans
1798 1217 2017 1247 nonnum·

212 1289 345 1331 quam
365 1270 542 1317 fortiter
559 1269 815 1330 reppulisset
838 1269 1025 1325 hostem,
1044 1268 1307 1329 permoleste
1330 1268 1475 1315 morbi
1496 1268 1690 1315 tulerunt
1711 1268 2013 1328 ignominiam.

212 1338 546 1386 Consuluerunt
570 1356 674 1398 ergo
691 1337 851 1384 Solem.
872 1341 986 1384 Eum
1007 1355 1113 1384 vero
1132 1355 1233 1384 cum
1254 1336 1461 1397 nymphis
1481 1351 1710 1397 parentem
1729 1335 1791 1382 illi
1808 1334 2020 1397 profiten-

211 1421 296 1454 tur.
315 1410 434 1454 Cum
453 1420 600 1454 autern
619 1406 859 1453 monuisset
878 1405 950 1453 Sol
969 1405 1127 1453 certius
1143 1404 1236 1452 fore
1255 1405 1366 1452 natis
1382 1423 1482 1452 cum
1499 1405 1601 1452 Vita
1617 1419 1852 1461 certamen,
1866 1404 2017 1452 Vitam

210 1476 433 1536 petierunt
462 1489 591 1535 atque
617 1475 663 1521 in
692 1492 873 1521 omnem
903 1473 1060 1521 deinde
1087 1488 1273 1521 aetatem
1296 1474 1342 1520 in
1370 1474 1520 1520 omnia
1545 1491 1702 1533 genera
1728 1473 2019 1520 animantium

211 1545 302 1590 sine
327 1543 578 1590 discrimine
603 1542 859 1590 desaeviere.
881 1543 923 1589 Si
945 1543 1040 1602 quis
1062 1541 1280 1589 fefellisset
1303 1541 1477 1589 insidias
1499 1556 1541 1588 et
1562 1541 1616 1588 ad
1635 1555 1907 1588 senectutem
1926 1558 2020 1602 per-

211 1612 413 1667 venisset,
445 1612 698 1671 conspirant
729 1628 830 1657 cum
859 1624 1081 1657 senectute
1109 1610 1255 1656 morbi
1286 1624 1327 1657 et
1354 1609 1472 1656 velut
1502 1609 1619 1656 facto
1646 1610 1816 1669 agmine
1847 1610 2018 1656 irruunt

212 1680 514 1739 impetuosius,
538 1678 680 1725 donec
698 1677 949 1725 conficiant.
971 1682 1047 1734 Ita,
1065 1677 1235 1724 devicta
1249 1677 1424 1738 ubique,
1443 1678 1545 1724 Vita
1563 1695 1663 1724 cum
1683 1676 1923 1724 excederet:
1942 1679 2017 1723 ‘At

212 1748 343 1794 instat
366 1746 521 1802 vobis,’
550 1747 707 1806 inquit,
734 1745 908 1802 ‘morbi,
935 1746 1072 1792 acrius
1096 1763 1196 1792 cum
1221 1746 1370 1792 animo
1395 1759 1628 1792 certamen.
1653 1748 1837 1791 Certato
1855 1743 2018 1791 vindex

212 1815 382 1862 animae
404 1814 662 1874 gloriosius.’

897 1953 962 1995 59.
987 1948 1341 1995 Perturbationes

211 2055 348 2099 Terra
366 2066 518 2108 mater,
538 2070 639 2098 cum
658 2051 934 2112 produxisset
954 2050 1196 2107 Affectum,
1216 2051 1465 2111 impetravit
1481 2050 1683 2111 precibus
1701 2068 1725 2097 a
1742 2050 1885 2097 Parcis
1902 2048 2018 2096 filius

212 2135 259 2167 ut
283 2138 375 2167 non
400 2134 742 2167 consenesceret.
766 2124 803 2166 Is
825 2137 928 2180 ergo
951 2118 1088 2166 factus
1109 2118 1327 2179 grandior,
1354 2118 1526 2166 hostem
1549 2117 1782 2179 quaerebat
1804 2116 2015 2174 nobilem,
2087 2179 2091 2183 .

212 2207 406 2250 quocum
434 2203 685 2249 perpetuae,
712 2187 1071 2249 quandoquidem
1101 2205 1149 2235 ea
1174 2188 1233 2235 ita
1257 2187 1356 2235 data
1381 2186 1508 2244 foret,
1537 2187 1775 2234 iuventutis
1801 2200 2020 2234 exerceret

212 2272 341 2318 atque
357 2258 629 2317 experiretur
641 2257 765 2303 vires.
785 2260 903 2303 Cum
920 2256 1107 2316 denique
1121 2255 1363 2317 placuisset,
1380 2256 1582 2311 Animus,
1602 2255 1738 2316 copiis
1755 2255 2018 2315 comparatis

211 2340 341 2386 atque
370 2326 586 2372 instructo
616 2324 747 2380 bello,
778 2324 893 2371 ferus
922 2324 1009 2371 ibat
1039 2325 1084 2370 in
1115 2323 1299 2371 hostem.
1330 2327 1433 2383 Qua
1462 2341 1506 2370 re
1535 2324 1709 2383 cognita
1734 2341 1814 2383 per
1839 2322 2016 2378 indices,

211 2389 482 2449 Affectus,¹⁴⁷
509 2393 672 2439 veritus
698 2393 790 2439 vim
816 2393 851 2439 si
879 2407 1031 2453 aperto
1059 2391 1312 2448 decertaret,
1336 2391 1492 2452 refugit
1520 2392 1565 2437 in
1592 2408 1748 2438 arcem.
1776 2393 1902 2438 Duae
1930 2404 2021 2438 tan-

211 2476 307 2508 tum
334 2460 613 2508 mulierculae
639 2460 939 2521 Voluptasque
968 2475 1096 2520 atque
1119 2460 1396 2520 Exspectatio
1420 2460 1795 2506 consociaverunt.
1823 2459 2018 2518 Longior

210 2547 318 2576 vero
340 2528 514 2575 obsidio
539 2528 620 2575 fuit
643 2546 691 2575 ac
712 2528 875 2575 durior.
901 2529 1089 2575 Animus
1113 2545 1256 2575 arcem
1278 2542 1410 2574 tenet.

981 2668 1046 2710 60.
1072 2656 1252 2710 Bellum¹

212 2765 388 2821 Praeda,
420 2783 552 2825 quam
585 2765 744 2812 milites
777 2766 999 2825 ingentem
1032 2764 1084 2812 de
1117 2764 1309 2811 hostiurn
1344 2765 1452 2824 agris
1484 2763 1736 2824 abegissent,
1769 2780 1870 2810 cum
1903 2761 2017 2810 forte

213 2834 398 2880 Iniuriae
430 2832 577 2880 fuisset
610 2831 856 2889 obviam‚¹⁴⁸
886 2833 1143 2893 provocavit
1175 2832 1228 2879 ad
1256 2833 1476 2879 Iniuriam.
1508 2836 1568 2878 Ea
1598 2832 1728 2891 igitur
1756 2831 2013 2877 centurione

212 2901 266 2948 ad
286 2919 329 2948 se
352 2915 512 2948 vocato
535 2915 583 2948 ut
607 2900 794 2948 Praedae
815 2900 993 2948 tandem
1018 2901 1294 2947 misereretur
1314 2914 1448 2960 utque
1472 2917 1645 2946 memor
1668 2913 1774 2946 esset
1799 2898 2014 2945 humanae

212 2969 521 3016 vicissitudinis
539 2969 783 3016 admonuit.
802 2968 1045 3029 Respondit
1064 2969 1275 3015 centurio:
1296 2969 1477 3015 ‘Mirum
1494 2968 1539 3013 ni
1556 2982 1604 3014 tu
1619 2966 1721 3014 belli
1737 2966 1898 3013 novisti
1916 2983 2017 3013 con-

291 3177 298 3201 ¹
318 3182 379 3220 Ed.
400 3182 470 3220 and
486 3182 608 3220 transl.
628 3184 703 3226 Par,
726 3185 799 3219 113.
