2118 3444
131 174 313 208 ESSAYS
1838 163 1930 204 287

132 312 333 359 dolorem
353 310 502 370 fugias,
521 309 726 356 incendes
740 309 926 369 patriam
943 326 1167 368 sacrasque
1184 308 1308 355 aedes
1323 322 1364 354 et
1380 307 1544 368 templa
1558 308 1644 354 Dei
1661 307 1934 368 profanabis?

132 380 221 427 Etsi
239 379 358 426 enim
377 379 468 425 scio
487 377 783 425 confidentius
802 394 924 437 agere
940 390 982 423 te
998 394 1098 423 cum
1119 375 1212 432 diis,
1232 390 1380 423 utrum
1400 390 1548 422 tamen
1566 375 1714 422 divina
1733 375 1938 422 humana—

131 465 230 509 que,
262 465 315 494 ne
344 461 386 494 te
414 446 539 493 culex
567 445 670 506 figat
700 459 772 492 aut
800 444 945 505 pulex,
976 445 1126 491 omnia
1154 446 1394 504 pervertes?
1422 448 1532 490 Non
1562 443 1704 500 facies,
1734 443 1935 491 arbitror.

130 516 287 563 Virum
321 515 440 561 enim
472 514 603 561 etiam
635 528 677 560 te
706 513 875 560 bonum
907 512 1173 573 praedicant,
1204 511 1433 572 multoque
1464 511 1589 559 aliter
1616 529 1747 572 quam
1779 512 1937 558 vixeris

130 583 343 630 locutum.
378 586 499 629 Nam
531 582 796 628 morientem
829 581 873 626 in
905 581 1105 627 maximis
1136 579 1375 636 doloribus,
1409 580 1484 640 qui
1512 597 1736 626 summum
1772 579 1937 626 malum

118 666 254 712 putat
285 649 488 697 dolorem
519 650 735 709 scripsisse
768 649 888 696 aiunt
920 663 962 696 et
992 648 1114 695 illum
1149 647 1265 695 diem
1295 647 1502 695 ultimum
1536 647 1934 695 fortunatissimum

130 718 377 780 appellasse.
382 711 419 742 bb
443 721 554 764 Non
575 731 764 777 poterat,
784 731 832 763 ut
855 716 963 762 mihi
986 716 1173 772 videtur,
1194 717 1269 776 qui
1289 715 1506 776 voluptati
1529 716 1679 762 omnia
1701 715 1935 771 tribuisset,

130 787 183 834 de
200 786 354 834 dolore
374 785 499 833 aliter
514 803 562 832 ac
580 784 730 832 fecerit
745 785 1006 845 praecipere.
1027 784 1167 843 Quod
1184 798 1331 832 autem
1349 798 1502 831 avocat
1519 801 1542 831 a
1559 783 1935 844 contemplatione

131 873 277 902 rerum
297 854 589 901 humanarum
606 852 1134 914 praemeditationemque
1151 852 1266 899 tollit
1283 870 1337 899 ne
1354 851 1460 913 quid
1476 852 1534 899 ob
1552 866 1721 899 metum
1738 851 1937 913 volupta-

130 938 220 970 tem
237 922 559 983 perturbemus,
581 921 626 968 id
642 921 751 967 mihi
770 920 893 968 nullo
914 920 1050 968 modo
1067 920 1245 981 probari
1261 935 1421 981 potest,
1441 938 1582 981 neque
1599 921 1808 980 gravitate
1823 920 1939 967 vide-

129 1006 202 1038 tur
220 990 489 1051 philosophi,
516 989 592 1037 sed
612 989 890 1036 mulierculae
914 988 1138 1036 cuiusdam
1158 989 1306 1049 potius
1331 989 1539 1035 inanitate
1559 988 1688 1048 digna
1707 989 1936 1035 sententia.

128 1059 365 1118 Multoque
385 1058 552 1113 melius,
573 1072 621 1104 ut
638 1057 826 1113 videtur,
845 1058 1162 1117 Epicureorum
1183 1056 1400 1117 voluptati
1420 1057 1500 1103 erit
1517 1056 1783 1112 consultum,
1806 1074 1938 1116 quan·

129 1126 371 1187 doquidem
395 1126 487 1172 sine
512 1126 637 1172 omni
659 1119 1223 1185 penitus'incommoditate
1248 1139 1342 1171 tota
1362 1142 1454 1171 non
1478 1123 1647 1171 traduci
1668 1125 1758 1171 vita
1776 1139 1936 1184 potest,

128 1195 162 1242 si
185 1212 317 1255 quam
338 1195 465 1241 citius
486 1193 583 1240 fieri
601 1211 682 1254 per
700 1207 887 1240 aetatem
903 1193 1082 1253 poterit,
1103 1211 1151 1239 ea
1168 1207 1394 1253 perspecta
1413 1207 1454 1239 et
1475 1193 1650 1252 cognita
1670 1193 1936 1248 necessitate,

130 1263 216 1309 iam
242 1276 338 1309 tum
366 1262 610 1321 ceperimus
637 1275 791 1307 contra
815 1278 864 1307 ea
888 1278 996 1320 quae
1022 1275 1206 1307 ventura
1229 1274 1330 1307 sunt
1358 1278 1478 1307 arma
1503 1274 1544 1307 et
1568 1260 1623 1307 ad
1646 1260 1936 1307 resistendum

130 1329 551 1390 repugnandumque
574 1346 658 1389 pro
680 1328 844 1375 viribus
870 1327 1071 1375 humanis
1095 1342 1267 1374 nosmet
1291 1328 1406 1388 ipsos
1428 1329 1737 1388 paraverimus.

213 1398 255 1444 Si
285 1397 404 1444 enim
433 1396 774 1457 praemeditatos
804 1397 935 1443 etiam
962 1410 1327 1456 praeparatosque
1358 1410 1399 1443 et
1428 1396 1709 1456 quantumvis
1740 1396 1936 1443 munitos

129 1466 322 1521 excitari,
341 1464 495 1512 saltem
518 1464 671 1511 dolore
695 1465 1044 1525 superveniente,
1068 1482 1238 1511 necesse
1260 1478 1321 1511 est
1345 1478 1386 1511 et
1408 1463 1556 1524 aliquo
1579 1463 1717 1511 modo
1740 1482 1936 1511 commo-

128 1534 234 1590 veri,
257 1532 364 1593 quid
385 1532 482 1579 fieri
501 1547 708 1593 putamus
729 1533 763 1579 si
787 1533 1049 1592 improvisos
1073 1546 1202 1592 atque
1222 1533 1410 1579 inermes
1432 1550 1513 1579 nos
1536 1531 1794 1579 offenderit?
1816 1535 1935 1579 Cum

130 1602 261 1662 igitur
282 1600 474 1648 remedia
490 1600 571 1647 sibi
592 1600 800 1647 videntur
817 1615 972 1647 contra
991 1600 1192 1647 dolorem
1213 1599 1507 1647 attulisse—de
1527 1599 1796 1660 aegritudine
1816 1601 1935 1647 enim

126 1684 312 1730 propter
331 1668 666 1716 similitudinem
690 1669 735 1715 in
757 1668 841 1715 hoc
861 1686 1064 1715 sermone
1087 1683 1240 1715 nostro
1262 1668 1378 1715 idem
1397 1686 1571 1729 semper
1591 1667 1828 1715 dicendum
1849 1686 1936 1715 esse

129 1737 312 1798 intelligi
334 1737 583 1784 volo—non
605 1736 750 1784 solum
774 1736 818 1784 id
839 1754 931 1783 non
952 1736 1152 1784 efficiunt
1173 1736 1294 1797 quod
1313 1736 1470 1783 volunt
1493 1736 1582 1792 sed,
1602 1751 1813 1797 tanquam
1834 1736 1937 1783 mali

130 1805 289 1853 medici
307 1820 644 1861 consueverunt,
663 1806 776 1852 vires
795 1805 1007 1865 adaugent
1025 1805 1318 1865 aegritudinis;
1338 1804 1392 1852 ad
1409 1804 1539 1865 idque
1556 1804 1764 1852 videntur
1779 1804 1935 1865 perdu-

129 1892 240 1930 cere,
258 1888 305 1921 ut
326 1888 399 1920 aut
419 1873 527 1919 nihil
549 1891 745 1934 unquam
767 1873 1005 1929 doleamus,
1028 1873 1148 1933 quod
1170 1887 1324 1920 natura
1342 1872 1438 1920 fieri
1457 1891 1549 1920 non
1567 1887 1728 1933 potest,
1751 1887 1823 1920 aut
1842 1890 1938 1933 pos-

128 1957 198 1989 tea
223 1960 355 2018 quam
384 1941 538 1989 dolore
566 1942 870 2002 inceperimus,
901 1940 1189 2002 intelligentes
1215 1959 1295 1988 nos
1323 1942 1368 1987 in
1394 1959 1571 1988 summo
1600 1959 1687 1988 esse
1715 1941 1934 1988 malorum

129 2011 347 2086 omniurn,
383 2010 548 2056 nullam
580 2010 811 2056 admittere
840 2009 1189 2056 consolationem
1221 2011 1449 2070 possimus.
1486 2009 1612 2068 Quid
1642 2010 1760 2056 enim
1792 2009 1940 2056 afferri

127 2077 276 2125 solacii
296 2079 335 2124 ei
351 2078 516 2138 poterit
536 2078 610 2138 qui
629 2078 688 2124 ita
702 2077 783 2124 sibi
802 2078 1059 2138 persuaserit
1079 2077 1272 2124 accidere
1286 2077 1368 2124 sibi
1386 2078 1509 2138 peius
1528 2077 1636 2123 nihil
1654 2095 1780 2153 posse
1803 2095 1935 2154 quam

128 2145 333 2193 acciderit
357 2160 413 2202 et,
439 2145 666 2206 voluptate
691 2146 857 2222 amissa,
885 2145 930 2193 id
954 2160 1015 2193 est
1039 2163 1216 2193 summo
1243 2145 1379 2202 bono,
1407 2160 1602 2193 extrema
1624 2164 1667 2193 se
1693 2146 1738 2192 in
1765 2146 1938 2193 miseria

128 2214 395 2262 collocatum
412 2215 598 2275 putarit?
618 2215 707 2261 Ita
696 2215 828 2275 igitur
843 2215 1024 2271 victum,
1045 2215 1104 2262 ita
1116 2229 1400 2275 prostratum,
1422 2214 1528 2275 quid
1541 2215 1706 2275 poterit
1724 2232 1748 2262 a
1765 2215 1938 2262 miseria

127 2282 332 2329 liberare?
349 2282 524 2329 Putabit
542 2283 660 2329 enim
679 2300 732 2329 eo
750 2282 960 2330 duntaxat
976 2283 1120 2330 minus
1137 2301 1181 2330 se
1198 2284 1405 2330 miserum
1427 2301 1516 2343 quo
1534 2282 1726 2339 eiulabit,
1745 2301 1834 2343 quo
1850 2301 1935 2330 sus-

126 2351 248 2411 piriis
285 2350 760 2411 lamentationibusque
801 2351 951 2398 omnia
988 2350 1241 2412 complebit.
1280 2351 1468 2398 Videtur
1503 2352 1621 2398 enirn
1658 2352 1719 2398 sic
1755 2350 1938 2398 affectos

129 2418 382 2465 huiusmodi
405 2420 588 2466 recreari
606 2420 772 2466 insania
790 2434 831 2466 et
850 2420 970 2479 quasi
989 2419 1208 2479 quandam
1227 2420 1363 2466 animi
1383 2419 1696 2466 relaxationem
1715 2437 1935 2479 nuncupa-

129 2504 186 2533 re.
210 2490 263 2533 Et
287 2487 346 2533 ita
365 2501 472 2533 tunc
493 2486 660 2542 dicunt,
682 2501 730 2533 ut
752 2486 938 2534 Hecuba
958 2486 1074 2547 apud
1094 2490 1351 2534 Senecam:cc

416 2593 627 2636 Lamenta
647 2591 833 2636 cessant?
855 2589 983 2636 turba
1004 2590 1198 2650 captivae
1219 2607 1329 2646 mea,

331 2656 456 2704 ferite
475 2657 632 2718 palmis
652 2672 833 2718 pectora
854 2672 895 2704 et
915 2657 1115 2718 planctus
1138 2657 1248 2705 date.

332 2764 472 2772 ......
497 2725 754 2772 iamdudum
777 2740 902 2772 sonet

331 2792 471 2839 fatalis
493 2793 580 2848 Ide,
602 2793 754 2840 iudicis
777 2793 859 2840 diri
881 2793 1051 2840 domus.

209 3110 241 3135 ¹³¹²
259 3118 440 3212 Dffines
459 3118 628 3162 Laertius,
652 3121 757 3162 Vuae,
777 3121 880 3162 X,22;
898 3117 942 3156 cf.
962 3119 1103 3162 Cicero,
1126 3120 1310 3167 TuscDisp.
1332 3119 1480 3162 11‚vi‚15.

210 3179 237 3193 ⁰⁶
258 3176 303 3211 Tr
371 3205 378 3212 .
397 3178 519 3212 63-66.
