2118 3444
244 168 332 208 184
1867 175 2043 210 PARTI

1106 318 1184 358 221

694 387 772 427 TO
794 387 1079 427 MANENTE
1099 388 1594 427 BUONDELMONTF

938 455 1208 503 [November
1233 458 1356 504 1496]

649 551 733 595 Mo,
754 547 820 588 fol.
845 551 901 588 lv.
921 547 1033 588 Draft
1053 548 1104 600 by
1123 548 1248 588 Scribe
1268 551 1310 588 E.
1327 548 1439 596 Scala,
1465 552 1529 589 128
1549 552 1638 597 [86].

241 651 579 699 Bartholomeus
604 651 724 698 Scala
746 652 949 698 Manenti
972 651 1300 708 Bondelmonti,
1327 653 1542 699 canonico
1565 652 1837 710 Florentino,
1864 652 2049 701 salutem

240 719 359 767 dicit.
384 720 542 780 Scripsi
568 714 858 780 Apologiamb
882 737 1013 780 quam
1036 734 1196 767 vocant
1221 723 1394 767 Graeco
1417 721 1611 777 nomine,
1639 739 1718 768 nos
1743 720 2045 769 defensionem

240 788 523 848 appellamus,
547 787 623 835 sed
644 791 818 835 Graeco
841 788 926 834 iarn
949 788 1130 835 nomine
1155 789 1293 835 nostri
1317 806 1491 849 quoque
1516 790 1649 849 magis
1670 804 1869 846 utuntur,
1893 804 2049 837 contra

239 857 560 916 vituperatores
581 870 754 903 nostrae
777 856 963 903 civitatis
981 874 1203 917 vanosque
1227 855 1439 917 quosdam
1462 856 1761 904 oblatratores.
1784 861 1891 904 Eam
1914 858 2048 905 mitto

239 924 294 971 ad
309 939 351 971 te
366 923 608 984 legendam.
629 927 768 971 Certo
783 925 888 980 scio,
906 924 1049 985 siquid
1068 925 1196 971 inerit
1216 925 1405 985 (inerunt
1423 943 1530 972 vero
1548 925 1698 986 multa)
1717 926 1820 973 viris
1837 943 1929 973 non
1945 943 2045 987 pro-

239 990 453 1039 bandum1
483 992 770 1048 doctioribus,
798 1007 845 1039 tu
870 1011 953 1053 pro
980 1007 1055 1039 tua
1081 992 1391 1040 humanissima
1420 1007 1574 1040 natura
1599 994 1767 1041 caritati
1791 994 1837 1040 in
1861 994 2050 1055 patriam

239 1079 361 1108 meae
390 1060 675 1108 condonabis.
705 1065 816 1108 Non
844 1078 913 1108 me
941 1060 1050 1108 fallit
1077 1079 1217 1122 neque
1245 1059 1510 1109 doctrinam²
1537 1079 1676 1122 neque
1704 1063 1877 1123 copiam
1905 1080 2046 1124 neque

239 1129 577 1176 contentionem
604 1147 745 1189 neque
769 1130 945 1189 spiritus
971 1143 1097 1176 tanto
1123 1130 1299 1190 incepto
1323 1129 1477 1190 dignos
1502 1129 1556 1177 ad
1578 1129 1814 1177 dicendum
1839 1130 2043 1178 attulisse.

237 1197 322 1244 Sed
346 1196 542 1244 studium
570 1215 719 1244 meum
749 1211 878 1258 atque
904 1197 983 1244 hos
1011 1212 1192 1244 conatus
1220 1198 1352 1258 magis
1379 1216 1510 1258 quarn
1537 1216 1629 1245 rem
1656 1198 1872 1259 expendas
1896 1198 2043 1246 velim.

239 1266 398 1325 Coegit
422 1266 467 1311 in
486 1266 674 1325 patriam
694 1283 820 1312 amor
839 1264 1027 1325 facitque
1046 1283 1219 1312 versum
1241 1265 1483 1326 indignatio
1503 1265 1867 1327 qualemcumque
1886 1281 2047 1327 potest,

237 1347 286 1379 ut
313 1336 449 1379 Poeta
473 1334 530 1379 ait
555 1332 768 1392 quidam,c
795 1347 836 1379 et
860 1334 894 1379 si
920 1332 1017 1393 plus
1042 1333 1260 1380 vindictae
1286 1334 1474 1393 impetus
1500 1333 1634 1380 valuit
1661 1351 1792 1394 quam
1817 1333 2045 1391 modestia,

238 1400 360 1447 dabis
382 1401 474 1447 scio
497 1399 621 1447 facile
642 1401 829 1447 veniam.
854 1400 972 1447 Vale.

1104 1543 1185 1582 222

653 1611 731 1651 TO
753 1602 1024 1651 NICCOLO
1048 1613 1344 1651 BORGHESI
1365 1614 1430 1652 IN
1452 1614 1632 1652 SIENA²

936 1679 1206 1728 [November
1230 1683 1353 1729 1496]

321 1776 405 1821 Mo,
433 1772 499 1813 fol.
526 1776 630 1813 2r-v.
655 1773 881 1826 Autograph
909 1772 1006 1814 draft
1035 1773 1138 1826 (m2),
1162 1773 1256 1814 with
1285 1789 1304 1814 a
1329 1775 1542 1815 correction
1569 1774 1620 1827 by
1643 1774 1769 1815 Scribe
1795 1777 1824 1814 E
1853 1773 1957 1827 (ml),

322 1828 465 1870 headed
486 1829 663 1870 ‘Nicolao
686 1830 863 1882 Burgesio
885 1830 1011 1882 Equiti
1032 1830 1210 1870 Senensi.'
1230 1829 1342 1879 Scala,
1367 1833 1431 1871 128
1452 1833 1612 1879 [86-87].

238 1934 576 1981 Bartholomeus
598 1934 718 1982 Scala
734 1934 927 1982 Nicolao
949 1935 1154 1995 Burgesio
1173 1934 1370 1982 salutem.
1394 1940 1443 1982 In
1461 1950 1528 1982 tot
1549 1936 1766 1997 tantisque
1786 1954 1933 1983 rerum
1954 1953 2045 1983 mu—

237 2002 479 2050 tationibus
499 2017 649 2050 tamen
670 2004 827 2050 mansit
851 2003 905 2050 ad
924 2003 1035 2050 hanc
1054 2003 1171 2050 diem
1192 2018 1341 2051 noster
1361 2021 1487 2051 amor
1506 2003 1804 2060 immutabilis,
1829 2018 1870 2051 et
1889 2022 2044 2052 verum

237 2069 317 2117 estl
343 2070 464 2131 quod
490 2071 624 2117 aiunt:
653 2089 796 2118 amare
823 2086 943 2118 extra
964 2070 1189 2118 fortunam
1216 2086 1277 2118 est
1303 2072 1383 2118 nisi
1409 2071 1712 2132 imprudenter
1736 2073 1904 2119 ameris.
1931 2075 2047 2119 Gau-

237 2138 322 2185 deo
356 2156 464 2185 vero
500 2153 542 2185 te
577 2153 667 2185 tam
703 2139 941 2195 vorticoso‚
980 2154 1027 2186 ut
1065 2140 1124 2186 ita
1157 2139 1313 2195 dicam,
1349 2140 1469 2200 quasi
1504 2137 1797 2200 postliminio²
1834 2140 2042 2200 pristinae

237 2206 468 2267 eidemque
495 2206 605 2254 adeo
631 2206 838 2254 honestae
863 2207 1111 2254 conditioni
1137 2205 1241 2254 esse3
1266 2207 1381 2268 apud
1404 2222 1503 2255 tuos
1530 2208 1795 2264 restitutum,
1820 2207 1937 2255 unde
1961 2207 2043 2255 tibi

316 2436 328 2450 ²
355 2433 439 2469 One
467 2431 508 2469 of
531 2431 593 2469 the
621 2431 751 2469 richest
778 2431 984 2470 Florentine
1009 2431 1158 2481 prelates
1185 2431 1378 2481 (1423-98),
1409 2432 1494 2470 who
1520 2431 1602 2470 died
1628 2433 1667 2470 in
1694 2435 1809 2470 Rome
1836 2446 1871 2471 as
1899 2446 1919 2471 a
1942 2431 2047 2482 papal

234 2484 473 2529 abbreviator;
504 2499 561 2523 see
593 2484 772 2529 S.Salvini,
806 2485 969 2533 Catalogo
1002 2485 1212 2534 cronologico
1242 2485 1298 2524 dei
1326 2489 1483 2524 canonici
1512 2485 1601 2524 della
1633 2485 1750 2524 Chiesa
1778 2485 2043 2535 Metropolitana

226 2536 432 2585 florentina,
460 2536 641 2581 Florence‚
671 2540 769 2581 1782,
797 2540 851 2582 56,
878 2541 1019 2582 no.416;
1046 2537 1246 2582 Bizzocchi,
1275 2537 1392 2576 Chiesa
1417 2552 1435 2576 e
1454 2548 1569 2587 potere
1594 2538 1683 2576 nella
1711 2541 1867 2583 Toscana,
1896 2541 2039 2583 124-31;

233 2588 481 2633 A.Poliziano,
499 2591 597 2627 Detti
608 2589 786 2638 piacevoli‚
808 2589 861 2627 ed.
883 2592 1076 2634 TZanato,
1096 2593 1221 2634 Rome,
1244 2593 1341 2634 1983,
1361 2594 1416 2634 95,
1435 2594 1576 2628 no.298.

314 2642 330 2667 '³
347 2650 409 2685 See
425 2647 532 2685 letter
547 2651 625 2692 220,
644 2660 731 2685 note
750 2648 785 2696 b)
805 2648 929 2686 above.
1189 2655 1193 2657 “

315 2706 491 2754 cJuvenal
521 2709 588 2744 Sat.
610 2710 760 2751 1,79-80.

315 2769 327 2783 ²
349 2763 455 2801 After
476 2737 538 2801 the
562 2763 700 2802 French
722 2765 887 2802 invasion
907 2764 948 2802 of
970 2764 1057 2812 Italy
1082 2765 1120 2801 in
1144 2768 1230 2802 1494
1253 2764 1323 2802 and
1345 2765 1446 2802 Piero
1469 2764 1525 2802 de’
1547 2764 1709 2802 Medici’s
1733 2763 1923 2813 expulsion
1944 2763 2042 2802 from

234 2816 417 2860 Florence,
441 2816 610 2861 Niccolo,
633 2831 667 2854 as
691 2829 866 2865 secretary
888 2816 929 2854 of
949 2817 1011 2858 the
1031 2816 1116 2854 laws
1140 2818 1179 2854 in
1199 2818 1301 2855 Siena
1325 2817 1532 2866 (appointed
1555 2818 1594 2854 in
1619 2820 1704 2855 1488
1726 2816 1797 2855 and
1819 2816 1984 2855 renewed
2004 2817 2045 2854 in

236 2868 348 2916 1495),
367 2868 567 2916 supported
586 2869 688 2906 Piero
707 2870 839 2916 against
857 2868 918 2906 the
937 2868 1144 2917 republican
1161 2870 1291 2917 regime
1311 2870 1349 2905 in
1368 2868 1547 2906 Florence.
1567 2872 1635 2906 But
1653 2868 1742 2906 after
1759 2868 1813 2906 his
1829 2867 2042 2912 son-in-law,

235 2919 410 2957 Pandolfo
437 2921 609 2964 Petrucci,
634 2920 789 2968 adopted
814 2934 833 2958 a
858 2920 1093 2968 conciliatory
1116 2920 1238 2968 policy
1261 2920 1416 2958 towards
1443 2919 1613 2958 Florence
1637 2932 1671 2958 at
1694 2919 1757 2957 the
1781 2919 1852 2958 end
1875 2919 1918 2957 of
1941 2922 2040 2964 1496,

233 2971 390 3009 Niccolo
412 2971 556 3009 became
579 2971 814 3020 increasingly
834 2971 1008 3010 alienated
1027 2971 1123 3009 from
1146 2971 1199 3009 his
1220 2971 1366 3020 policies
1386 2971 1456 3009 and
1476 2971 1530 3009 his
1551 2973 1713 3020 growing
1731 2985 1859 3020 power
1878 2970 1949 3009 and
1968 2985 2040 3009 was

233 3024 425 3063 murdered
440 3039 492 3062 on
509 3028 549 3062 18
562 3024 646 3073 July
665 3028 762 3069 1500;
778 3027 862 3062 DBI
869 3039 940 3069 5.v.,
959 3024 1002 3063 cf.
1018 3024 1123 3063 letter
1136 3028 1199 3063 203
1217 3025 1340 3063 above.
1358 3028 1398 3062 In
1415 3028 1502 3063 1487
1516 3024 1671 3063 Niccolo
1687 3024 1757 3062 had
1771 3024 1863 3062 been
1876 3024 2040 3073 appoint-

233 3076 277 3114 ed
297 3091 317 3114 a
336 3076 479 3114 teacher
499 3076 539 3114 of
557 3076 619 3114 the
641 3076 855 3115 humanities
875 3078 914 3114 in
932 3076 995 3114 the
1015 3078 1223 3125 university,
1243 3091 1278 3115 as
1300 3076 1379 3115 well
1400 3091 1435 3114 as
1455 3088 1629 3125 secretary
1648 3076 1689 3114 of
1705 3088 1794 3114 state
1812 3087 1852 3114 to
1875 3075 2043 3124 ‘redigere

233 3128 375 3166 annalia
397 3140 431 3166 et
458 3143 511 3166 res
536 3141 644 3177 gestas
671 3130 905 3173 Senensium'3
933 3128 977 3167 he
1002 3128 1065 3167 left
1090 3143 1109 3166 a
1131 3128 1265 3177 library
1290 3128 1331 3167 of
1352 3143 1440 3167 over
1464 3132 1531 3167 400
1555 3127 1716 3166 volum&
1743 3127 1852 3166 when
1874 3127 1920 3166 he
1943 3127 2036 3172 died,

234 3180 474 3225 LZdekauer,
492 3184 541 3218 Lo
559 3180 677 3219 Studio
695 3180 733 3218 di
750 3183 849 3219 Siena
868 3181 925 3219 nel
938 3183 1204 3225 Rinascimento,
1224 3180 1349 3225 Milan,
1372 3184 1468 3225 1894,
1491 3183 1770 3224 119-24,195-99
1791 3179 1953 3228 (doc.26).
