2124 3464
107 178 338 213 PRIVATE
365 177 593 211 LETTERS
1858 167 1909 208 51

108 334 191 372 rer,
215 316 481 362 Fr‹ancisco›
507 313 707 369 Sfortiae,
734 331 817 360 avo
841 330 1082 373 soceroque
1109 326 1270 368 vestro,
1295 311 1534 358 clarissimo
1562 311 1736 358 cuidam
1762 311 1921 358 lumini

107 384 259 431 aetatis
281 383 422 438 huius,
446 376 602 429 carus.b
626 380 815 437 Deinde,
836 398 937 427 cum
958 381 1049 427 vita
1067 379 1376 440 gloriosissima
1400 380 1486 426 iam
1509 379 1579 426 ille
1600 378 1777 426 functus
1798 393 1921 435 esset,

107 451 258 499 multis
275 451 530 511 magnisque
547 448 773 497 beneficiis
790 463 970 496 ornatus
988 466 1011 495 a
1027 447 1122 495 filio
1139 463 1181 495 et
1197 447 1251 495 ad
1262 448 1497 495 secretiora
1509 448 1720 508 principis
1739 447 1920 494 consilia

106 534 301 567 vocatus.
325 522 564 566 Servantur
584 519 716 565 etiam
739 535 857 564 nunc
879 516 995 578 apud
1016 534 1086 563 me
1106 517 1266 577 scripta
1287 516 1358 563 illa
1379 517 1656 563 ornatissima
1678 531 1720 563 et
1740 515 1920 576 quidem

107 589 152 635 in
183 587 361 643 deliciis,
393 587 550 648 quibus
584 587 699 633 inter
723 586 934 646 principis
964 584 1235 632 consiliarios
1265 584 1564 632 adnumeror.c
1593 585 1748 631 Putavi
1776 585 1923 631 vivere

106 656 293 717 amplius
316 673 408 702 non
425 673 566 716 posse,
588 672 689 702 curn
710 654 779 701 ille
798 654 1044 701 subtractus
1062 671 1086 701 a
1103 653 1230 701 nobis
1250 668 1379 714 atque
1397 671 1418 700 e
1437 654 1528 700 vita
1543 653 1691 700 abiens
1710 667 1837 700 tanto
1852 671 1924 714 pa-

106 725 314 780 trocinio,
339 738 407 771 tot
431 724 650 783 tantisque
672 722 800 770 bonis
826 722 1005 769 orbatos
1029 722 1216 782 reliquit.
1241 722 1391 768 Timui
1415 722 1534 768 enim
1559 739 1583 768 a
1604 721 1732 768 rebus
1757 721 1920 777 multis,

107 811 249 854 neque
270 792 323 840 ab
344 810 388 839 re
410 791 604 852 quidem,
626 805 674 838 ut
696 809 762 838 res
780 809 956 852 quoque
979 791 1094 851 ipsae
1116 790 1277 837 multae
1297 804 1339 837 et
1358 791 1500 837 variae
1521 789 1731 850 domique
1752 804 1794 836 et
1814 788 1921 836 foris

106 861 350 909 admodum
374 860 653 907 turbulentae
675 877 724 906 ac
742 859 896 919 plenae
919 858 1168 906 formidinis
1193 858 1294 905 inde
1316 873 1593 919 aperuerunt.

190 929 274 976 Sed
298 947 390 984 vos,
417 943 465 975 ut
489 927 744 975 subsidiaria
770 927 895 974 fortis
921 928 1045 983 acies,
1069 945 1170 974 cum
1195 926 1444 983 subiissetis‚
1472 926 1620 973 subito
1647 925 1853 973 effecistis
1874 941 1923 973 ut

106 999 185 1045 etsi
208 997 266 1044 ob
291 997 469 1043 illorum
495 997 651 1043 merita
673 1013 765 1042 non
786 996 955 1056 possint
979 996 1071 1042 sine
1094 995 1347 1042 vehementi
1370 995 1604 1042 acerbitate
1624 995 1759 1042 animi
1784 994 1925 1041 redire

107 1067 151 1111 in
178 1066 509 1125 cogitationem,
536 1079 685 1111 tamen
712 1064 786 1124 qui
811 1063 1070 1123 dignitatem
1092 1064 1363 1124 principatus
1390 1078 1432 1109 et
1455 1062 1640 1123 gloriam
1666 1062 1922 1118 substineat,

90 1133 251 1180 >nullus
270 1133 324 1180 sit
344 1131 655 1179 desiderandus
670 1132 886 1192 princeps.
909 1133 1087 1178 Testem
1107 1131 1316 1178 habemus
1335 1130 1595 1191 prudentiae
1614 1131 1923 1191 gravitatisque

104 1216 272 1249 vestrae
289 1216 432 1248 totam
451 1200 620 1247 Italiam
637 1215 767 1261 atque
782 1214 904 1247 extra
920 1199 1088 1247 Italiam
1104 1199 1234 1247 duces
1251 1214 1381 1260 atque
1398 1200 1611 1246 nationes.
1632 1198 1758 1258 Quid
1775 1213 1922 1251 aucto-

106 1271 248 1326 ritate,
275 1269 382 1330 quid
409 1268 744 1316 administrandi
773 1269 946 1329 imperii
973 1269 1154 1315 scientia
1178 1267 1380 1315 valeretis
1405 1282 1446 1315 et
1473 1282 1778 1328 cognoverunt
1808 1282 1849 1315 et
1877 1285 1922 1314 re

105 1339 282 1399 cognita
301 1337 525 1384 redierunt
544 1338 589 1383 in
607 1338 738 1384 viam.
759 1341 849 1384 Iam
868 1336 977 1383 nihil
997 1337 1122 1383 omni
1144 1336 1281 1384 ferme
1300 1355 1352 1383 ex
1367 1351 1491 1397 parte
1508 1337 1703 1397 conspici
1721 1336 1822 1383 licet
1840 1337 1923 1383 nisi

105 1406 303 1462 firmum,
326 1407 408 1453 nisi
430 1407 622 1453 amicum
643 1420 685 1453 et
704 1406 1007 1452 consociatum
1030 1405 1168 1452 vobis.
1190 1409 1302 1452 Non
1324 1404 1555 1466 dereliquit
1574 1404 1679 1452 deus
1697 1404 1917 1466 pupillum

105 1490 147 1522 et
169 1474 364 1531 viduam,
390 1489 438 1521 ut
461 1492 541 1521 vos
563 1475 879 1534 sapientissime
905 1473 1147 1521 Pont‹ifici›
1171 1474 1374 1520 Maximo
1395 1473 1530 1534 paulo
1554 1488 1654 1520 ante
1676 1474 1917 1534 scripsistis.

104 1543 189 1590 Sed
207 1542 414 1604 profecto
436 1542 541 1589 deus
564 1542 719 1602 dignos
741 1560 820 1589 vos
843 1543 1026 1598 invenit,
1050 1560 1160 1603 quos
1182 1560 1266 1603 pro
1287 1560 1363 1589 sua
1385 1541 1584 1589 bonitate
1606 1556 1736 1602 atque
1759 1542 1923 1588 iustitia

105 1626 304 1659 tueretur
326 1626 456 1672 atque
478 1610 746 1658 defenderet.
768 1610 908 1670 Quod
932 1611 1013 1657 nisi
1037 1610 1202 1657 factum
1224 1625 1347 1666 esset,
1371 1625 1443 1657 aut
1465 1628 1544 1657 vos
1569 1611 1614 1656 in
1635 1609 1840 1671 periculis
1863 1628 1924 1657 re-

106 1681 338 1736 missiores,
366 1680 411 1725 in
434 1679 761 1726 turbationibus
786 1678 1019 1726 consilium
1045 1678 1151 1740 quid
1172 1678 1410 1739 elanguerit
1434 1678 1551 1726 istud
1570 1693 1781 1735 vestrum,
1806 1693 1923 1725 certe

103 1766 188 1809 pro
205 1766 326 1809 pace,
345 1766 431 1809 qua
446 1762 590 1795 vestra
606 1748 796 1795 maxime
814 1765 948 1808 opera
966 1748 1117 1794 omnia
1136 1747 1274 1794 modo
1293 1748 1711 1794 continentur—nisi
1732 1765 1802 1794 me
1823 1765 1921 1794 aves

105 1816 562 1863 fallunt—involutam
581 1817 667 1862 iam
684 1817 814 1862 armis
832 1815 1000 1862 Italiam
1016 1830 1058 1862 et
1072 1815 1249 1876 plenam
1267 1834 1414 1862 rerum
1433 1816 1636 1862 omnium
1658 1815 1919 1862 confusione

106 1884 379 1931 haberemus.
406 1884 490 1931 Sed
513 1884 760 1944 longiorem
790 1883 895 1930 haec
917 1884 1166 1930 orationem
1192 1898 1234 1930 et
1257 1883 1550 1944 magnitudini
1576 1901 1723 1930 rerum
1748 1901 1771 1930 a
1795 1883 1922 1930 vobis

104 1967 323 2013 gestarum
347 1953 483 2012 magis
505 1951 888 1999 accommodatam
911 1951 1170 1999 desiderant.

190 2025 295 2068 Hoc
312 2035 486 2068 tantum
504 2021 627 2081 attigi
641 2035 689 2067 ut
708 2035 872 2068 memet
889 2021 1032 2081 ipsum
1052 2020 1315 2077 consolarer,
1334 2021 1409 2082 qui
1424 2020 1560 2077 soleo,
1581 2038 1682 2067 cum
1700 2020 1817 2067 subit
1836 2021 1923 2067 ani-

105 2107 229 2136 mum
257 2088 646 2136 beneficentissimi
670 2089 881 2150 principis
910 2088 1158 2136 recordatio
1182 2103 1311 2150 atque
1336 2088 1513 2150 indigna
1540 2107 1638 2145 nex,
1664 2107 1757 2136 non
1784 2089 1922 2136 conti-

105 2176 208 2205 nere
223 2175 350 2218 posse
369 2157 613 2204 lachrimas.
631 2162 787 2204 Vestra
804 2175 873 2204 me
889 2158 1041 2214 virtus,
1059 2158 1318 2214 constantia,
1335 2157 1568 2214 fortitudo,
1586 2157 1845 2218 benignitas,
1862 2175 1922 2204 sa-

102 2227 270 2286 pientIa
300 2225 587 2272 consolantur
618 2240 666 2272 ut
697 2244 789 2272 non
820 2226 1009 2273 amisisse
1039 2227 1286 2286 principem
1317 2226 1544 2273 videamus
1575 2226 1812 2286 optimum,
1847 2225 1924 2273 sed

102 2294 314 2354 principis
338 2308 507 2340 tantam
526 2311 761 2354 personam
787 2295 1067 2341 immutatam
1089 2312 1176 2341 esse
1199 2308 1299 2341 ante
1318 2309 1492 2355 tempus
1515 2294 1664 2341 dolere
1683 2295 1914 2355 possimus.

105 2366 201 2409 Iure
221 2363 354 2422 igitur
373 2362 567 2422 quodam
587 2363 771 2422 proprio
794 2380 886 2409 non
906 2362 1047 2409 debeo
1066 2362 1172 2410 alius
1194 2380 1296 2419 esse,
1318 2363 1399 2409 nisi
1418 2362 1551 2409 velim
1572 2380 1659 2409 esse
1682 2363 1922 2409 immemor

104 2445 328 2477 tantarum
350 2430 672 2491 obligationum
697 2449 909 2487 mearum,
932 2449 1064 2491 quam
1084 2432 1353 2491 Augustinus
1378 2431 1555 2478 Rubeus
1574 2432 1628 2478 sit
1648 2430 1919 2478 testificatus.

104 2499 337 2546 Accedunt
353 2499 553 2559 publicae
574 2517 723 2546 causae
744 2514 785 2546 et
803 2499 981 2560 quidem
999 2500 1295 2560 superioribus
1317 2499 1461 2547 multo
1482 2499 1733 2546 nobiliores.
1758 2500 1920 2546 Aretis-

103 2567 211 2614 sime
237 2567 468 2614 vobiscum
494 2568 636 2627 patria
659 2568 896 2614 coniuncta
920 2582 996 2623 est,
1022 2582 1151 2628 atque
1173 2569 1310 2615 ausim
1337 2567 1480 2614 dicere
1504 2586 1556 2614 ex
1580 2567 1787 2614 omnibus
1816 2585 1922 2628 quas

105 2649 255 2681 nostra
274 2650 389 2682 aetas
405 2635 564 2682 viderit
581 2636 797 2691 amicitiis,
818 2635 936 2682 nulla
956 2635 1038 2682 fuit
1057 2653 1197 2696 neque
1217 2654 1305 2683 esse
1322 2637 1469 2696 potuit
1489 2636 1829 2682 convenientior
1848 2650 1922 2682 aut

105 2704 259 2750 maior.
279 2707 341 2750 Ea
356 2702 459 2750 facit
473 2718 522 2750 ut
541 2703 693 2750 eadem
709 2703 835 2750 vobis
855 2703 1038 2751 debeam
1055 2722 1164 2764 quae
1179 2705 1358 2764 patriae,
1376 2722 1508 2764 quam
1526 2703 1636 2751 nulli
1654 2703 1839 2751 dubium
1859 2718 1921 2750 est

103 2772 194 2818 vita
210 2772 343 2818 etiam
363 2772 454 2832 ipsa
471 2771 600 2818 bonis
620 2772 723 2819 viris
742 2790 829 2819 esse
848 2772 1075 2819 cariorem.
1095 2772 1234 2819 Vobis
1254 2790 1324 2819 me
1342 2773 1475 2819 etiam
1493 2787 1622 2833 atque
1640 2772 1773 2819 etiam
1789 2771 1921 2833 pluri-

184 2970 200 2994 b
218 2975 316 3013 Scala
334 2975 517 3024 evidently
534 2988 609 3014 met
630 2979 822 3014 Francesco
842 2976 966 3014 Sforza
984 2976 1114 3025 during
1132 2976 1195 3015 the
1212 2991 1298 3026 year
1314 2976 1360 3015 he
1377 2988 1483 3026 spent
1502 2978 1542 3013 in
1559 2976 1677 3014 Milan
1695 2977 1734 3013 in
1755 2980 1922 3021 1454-55‚

103 3027 283 3076 probably
302 3028 342 3064 in
357 3027 420 3065 the
439 3031 639 3066 Borromeo
658 3028 871 3072 household‚
889 3042 946 3066 see
965 3029 1060 3066 Scala
1081 3032 1122 3066 16
1139 3032 1199 3075 [7].

185 3091 198 3105 ⁶
212 3085 309 3124 Scala
323 3100 395 3124 was
411 3086 609 3135 appointed
622 3086 725 3124 ducal
739 3099 915 3135 secretary
930 3086 1002 3125 and
1014 3099 1125 3125 secret
1140 3086 1343 3125 councillor
1355 3101 1407 3125 on
1421 3092 1442 3124 7
1457 3090 1544 3135 May
1562 3090 1661 3131 1469;
1677 3086 1740 3124 the
1754 3086 1878 3125 decree
1894 3088 1922 3124 is

104 3137 223 3176 edited
242 3138 291 3186 by
309 3139 518 3182 D.Moreni,
535 3141 673 3176 Notizie
692 3139 844 3176 istoriche
861 3139 917 3177 dei
934 3142 1095 3177 contorm'
1109 3139 1149 3176 di
1164 3142 1312 3183 Pirenze‚
1332 3138 1514 3183 Flooence,
1535 3142 1634 3183 1792,
1655 3142 1712 3183 ΠΙ,
1732 3142 1856 3183 75-79,
1877 3138 1921 3176 cf.

104 3189 210 3235 Scala,
231 3194 275 3228 56
292 3193 375 3236 [42],
396 3202 483 3228 note
500 3194 556 3228 40.
