2124 3458
93 172 266 206 POEMS
1793 166 1885 207 437

213 310 444 369 Frangitur
464 310 508 355 in
530 309 695 356 silicem
718 309 896 356 veniens
916 310 1138 370 spicasque
1163 309 1334 356 relaxat:

213 376 353 436 Quod
374 377 486 424 vires
508 377 726 437 nequiere,
749 391 896 424 tamen
917 377 1104 424 versutia
1125 378 1241 424 vicit.

213 444 432 492 Collectas
452 444 586 505 legito
608 444 807 492 manibus
830 445 1065 505 vitiataque
1084 462 1189 492 saxo

213 513 337 559 Pinse
361 529 483 567 cavo,
506 511 613 559 fluet
635 511 736 559 inde
757 511 919 568 oleum,
942 511 1017 559 sed
1039 513 1169 559 misce
1190 512 1380 573 liquores
1708 528 1768 559 455

211 582 281 626 De
303 578 442 626 fluvio
464 580 602 626 tunsis
624 579 807 626 nucibus
829 594 1108 640 pressatoque
1130 594 1288 627 tunsas.

211 650 300 694 Dat
321 646 468 694 dulces
487 647 563 694 sed
583 646 694 694 lecta
713 646 856 708 dapes,
876 646 1103 708 pulmenta
1124 662 1309 708 saporat.

212 714 406 762 Rancida
426 714 490 761 fit:
512 714 657 775 plures
679 714 837 762 frustra
856 715 1044 762 servabis
1067 716 1111 761 in
1134 733 1283 762 annos.

192 850 374 898 ‚Utilius
398 850 539 897 clausa
560 850 794 897 mandatur
813 850 1024 911 amigdala
1045 868 1182 911 capsa,

210 921 361 977 Quam
383 935 474 965 sere
496 917 668 965 clivosis
690 918 735 964 in
758 917 953 965 collibus:
979 917 1120 966 officit
1144 918 1306 966 humor
1706 933 1769 965 460

210 985 478 1046 Radicesque
497 986 622 1047 petit,
643 986 751 1033 vivit
772 986 863 1033 sine
887 985 1099 1034 fructibus
1121 986 1260 1034 arbos.

209 1053 282 1100 Ad
303 1053 498 1100 medium
522 1071 731 1101 conversa
752 1054 868 1101 diem
888 1054 1101 1114 plantaria
1121 1055 1262 1102 ventis

209 1125 426 1182 Opponas
450 1136 751 1182 quantumque
772 1137 899 1182 potes
920 1121 1105 1169 defende
1124 1123 1293 1183 pruina:

207 1193 328 1236 Nam
350 1190 385 1236 si
408 1189 574 1250 Aquilo
598 1190 820 1249 ingruerit,
843 1189 974 1237 flores
996 1190 1198 1237 deturbat
1219 1205 1260 1237 et
1281 1190 1420 1237 aufert

207 1261 261 1303 Et
284 1274 355 1303 ros
377 1256 566 1316 egelidus
586 1271 754 1317 pestem
777 1257 1051 1304 nascentibus
1074 1257 1217 1304 infert.
1706 1273 1766 1304 465

207 1325 467 1370 Destituunt
490 1341 647 1380 ramos,
669 1339 875 1384 spargunt
899 1342 1014 1371 nova
1033 1326 1199 1372 semina
1219 1325 1370 1372 subter

206 1391 443 1438 Tellurem:
466 1392 634 1452 primos
658 1406 805 1439 manet
827 1393 906 1439 ista
927 1393 1084 1439 iniuria
1105 1392 1248 1440 flores.

206 1459 290 1506 Sed
309 1460 471 1520 species
493 1460 666 1520 gemina
688 1474 749 1507 est
772 1460 1003 1521 epulasque
1026 1460 1098 1508 dat
1119 1460 1252 1508 altera
1271 1460 1430 1518 dulces,

207 1527 359 1574 Altera
379 1545 524 1574 amara
545 1526 668 1583 feret3
688 1527 904 1588 liquidum
928 1543 1077 1575 tamen
1098 1530 1291 1589 exprime
1311 1530 1472 1589 pingue

207 1595 280 1642 Ad
302 1595 575 1656 medieasque
598 1595 712 1643 refer
728 1610 948 1643 servatum
968 1596 1141 1644 sedulus
1162 1612 1286 1644 artes.
1704 1613 1767 1644 470

206 1663 558 1724 Demophoonta
582 1663 727 1711 ferunt
748 1664 999 1712 stimulante
1023 1664 1226 1725 cupidine
1247 1666 1407 1726 sceptri

206 1731 279 1778 Ad
298 1731 420 1778 sedes
441 1731 613 1779 rediisse
634 1750 730 1779 suas
752 1750 1020 1793 regnumque
1042 1733 1293 1794 superbum,

206 1799 416 1859 Phyllidis
440 1799 629 1847 oblitum
654 1801 813 1856 meriti3
834 1800 910 1848 sed
930 1800 1093 1861 Phyllis
1116 1819 1318 1848 amorum

206 1868 441 1928 Impatiens
462 1867 619 1929 laqueo
641 1869 814 1916 insanos
838 1868 982 1916 finivit
1004 1887 1186 1916 amores.

206 1936 401 1996 Iuppiter
423 1936 643 1983 insontem
670 1937 894 1984 miseratus
916 1937 1127 1998 amigdala
1147 1952 1195 1985 ut
1217 1952 1324 1985 esset
1703 1954 1764 1985 475

205 2004 344 2059 Iussit,
367 2018 409 2050 at
430 2004 488 2050 ob
511 2003 740 2051 lachrimas
763 2004 928 2052 fructus
951 2023 1059 2065 quae
1081 2005 1212 2052 ferret
1233 2023 1416 2062 amaros,

205 2074 333 2129 Quae
354 2072 445 2117 sine
469 2071 626 2118 fronde
648 2071 744 2127 fuit3
765 2072 841 2119 sed
861 2073 1159 2133 inexpectatus
1179 2073 1234 2120 ad
1253 2073 1371 2120 illam

204 2142 268 2185 Ut
291 2138 433 2194 rediit,
455 2138 633 2186 tandem
656 2139 875 2196 frondem,
897 2141 931 2187 si
953 2158 1055 2187 vera
1074 2140 1329 2202 loquuntur,

203 2207 326 2253 Misit
349 2221 391 2253 et
413 2207 457 2253 in
480 2206 707 2254 dulcorem
729 2212 768 2264 [.
785 2247 793 2255 .
812 2212 851 2265 .]
873 2226 1106 2256 conversus
1128 2227 1313 2256 amaror.

203 2346 276 2389 Est
300 2357 342 2389 et
363 2343 566 2390 avellanis
587 2358 760 2391 tantum
781 2362 857 2391 sua
878 2362 981 2392 cura
1000 2344 1202 2405 legendis.
1701 2362 1764 2393 480

201 2411 416 2471 Stirpibus
441 2412 485 2457 in
508 2426 700 2458 matrum
722 2413 905 2459 veniunt
929 2413 1137 2474 nulloque
1161 2413 1309 2461 labore

202 2478 464 2525 Foetificant
483 2479 737 2540 sapidasque
761 2479 906 2527 ferunt
926 2481 1207 2541 poscentibus
1230 2499 1357 2538 escas;

202 2549 325 2604 Quas
348 2545 469 2593 fovet
492 2547 582 2607 ipsa
602 2551 764 2603 Venus;
788 2547 1042 2609 lignumque
1066 2549 1120 2596 ad
1139 2549 1224 2596 tela
1243 2549 1422 2610 Cupido

202 2614 323 2660 Hinc
344 2615 454 2675 petit
476 2629 605 2675 atque
626 2614 740 2662 leves
761 2615 880 2663 addit
901 2615 953 2663 de
973 2634 1140 2677 passere
1160 2634 1337 2678 pennas.

200 2685 299 2728 Nec
319 2699 493 2742 semper
513 2682 735 2742 gravidam
757 2683 944 2743 myrthis
966 2685 1074 2744 gerit
1097 2684 1166 2731 ille
1187 2685 1437 2745 pharetram
1699 2701 1760 2732 485

202 2749 447 2809 Improbus,
473 2764 546 2796 aut
568 2764 741 2797 tantum
763 2762 1011 2798 maternum
1036 2751 1186 2798 hastile
1208 2767 1419 2799 cruentat.

202 2817 322 2862 Hinc
345 2816 503 2863 alacres
523 2816 688 2864 faciunt
708 2819 833 2878 pueri
854 2818 935 2865 tibi
955 2836 1086 2874 sacra,
1108 2823 1322 2875 Iuventas,

202 2887 337 2943 Inque
359 2883 476 2930 diem
498 2883 655 2931 ludunt
678 2884 780 2932 belli
801 2885 1030 2933 simulacra
1052 2886 1222 2933 ciendo:

201 2951 470 2998 Assimulant
496 2966 633 2999 castra
652 2967 694 2999 et
715 2954 947 3000 tormentis
969 2953 1113 3001 diruta
1132 2954 1233 3001 laeti

200 3019 429 3079 Diripiunt
451 3019 745 3080 praedamque
765 3038 887 3067 suam
910 3022 1029 3068 victo
1051 3021 1175 3068 hoste
1199 3037 1437 3082 reportant.
1698 3038 1761 3069 490

199 3158 336 3201 Nunc
359 3172 439 3215 ego
459 3172 594 3215 poma
616 3173 768 3203 canam
789 3155 874 3203 levi
895 3174 996 3203 cum
1019 3158 1181 3204 cortice
1200 3157 1393 3218 pulchris
