2124 3458
205 165 296 206 390
1815 170 1953 203 PART
1978 171 2009 202 V

970 311 1035 353 90.
1060 306 1255 366 Podagra

1041 375 1103 430 Bi,
1126 380 1182 421 5v

204 474 446 534 <P›odagra‚
468 475 569 534 quia
589 488 650 520 est
669 474 760 520 visa
776 472 1059 533 petulantior,
1083 472 1219 519 domo
1240 473 1375 519 eiecta
1393 487 1467 519 est.
1489 476 1592 531 Qua
1612 472 1790 533 quidem
1810 487 2013 533 permota

206 543 376 599 iniuria,
406 541 563 589 indixit
589 541 754 588 bellum
784 540 988 588 domibus
1017 540 1174 587 Bacchi
1197 541 1479 601 Venerisque,
1508 558 1617 601 quos
1642 555 1843 601 parentes
1871 541 2014 597 iactat,

206 612 395 658 maxime
415 609 526 657 freta
538 610 751 670 potentia.
771 610 950 669 Quippe
970 627 1160 669 quorum
1182 608 1314 655 altera
1328 613 1520 655 Martem
1535 608 1753 655 bellorum
1773 623 2013 664 auctorem,

205 697 407 740 asperum
446 696 613 725 numen
651 692 780 738 atque
815 677 1153 737 sanguinarium,
1195 676 1502 732 demolliverit3
1541 676 1650 723 alter
1684 694 1837 723 omnes
1871 694 2011 737 prope

204 761 354 807 gentes
373 746 427 793 ad
443 746 575 793 Indos
593 764 728 806 usque
747 759 981 806 penetrans
1000 759 1041 791 et
1059 748 1259 804 Gangem
1278 744 1572 791 domitaverit.
1593 745 1709 791 Mira
1727 762 1805 800 res,
1824 744 2013 791 divitum

203 829 530 876 potentumque
556 813 680 861 aedes
702 814 964 874 expugnavit
991 812 1170 869 facilius,
1194 830 1294 860 cum
1317 827 1572 873 paupertate
1594 827 1635 859 et
1656 813 1866 873 parcitate
1887 830 2015 873 nego-

205 885 318 931 tium
342 884 481 930 maius
504 882 599 930 fuit.

949 1018 1014 1060 91.
1040 1013 1276 1060 Prudentia

1003 1082 1065 1138 Bi,
1088 1086 1223 1128 5v-6r

204 1181 311 1228 <A›d
329 1181 490 1228 theatri
508 1181 748 1241 ingressum
769 1180 941 1240 signum
965 1179 1046 1226 fuit
1067 1178 1336 1226 nobilissima
1359 1178 1584 1226 caelatura.
1606 1178 1654 1226 Id
1671 1197 1791 1235 vero,
1811 1179 1912 1239 quia
1931 1179 2015 1225 tria

205 1251 347 1311 capita
366 1249 631 1305 ostenderet,
654 1249 699 1295 in
721 1248 1010 1296 admiratione
1032 1262 1122 1295 erat
1142 1265 1233 1295 non
1257 1248 1358 1295 artis
1379 1247 1516 1294 modo
1536 1247 1612 1294 sed
1632 1262 1673 1294 et
1694 1247 1913 1294 novitatis.
1940 1250 2015 1294 ‘At

205 1319 417 1365 nimirum
443 1317 488 1364 id
508 1318 642 1377 magis
665 1318 827 1364 mirum
853 1320 928 1363 est'
952 1316 1176 1377 respondit
1199 1317 1383 1376 signum.
1412 1319 1546 1362 ‘Nam
1568 1316 1738 1372 vo‹bi>s,
1764 1315 1871 1376 quid
1891 1315 1935 1362 id
1955 1316 2017 1362 rei

204 1386 385 1434 tandem
408 1400 470 1433 est
495 1388 510 1432 ?
533 1385 732 1445 Plerique
756 1403 910 1432 omnes
933 1399 1061 1445 caput
1085 1402 1176 1431 non
1201 1384 1394 1431 habetis.'

945 1522 1010 1563 92.
1035 1517 1281 1563 Necessitas

1046 1586 1108 1641 Bi,
1132 1590 1180 1632 er

205 1686 451 1747 Opulentia
473 1704 630 1746 magna
650 1703 750 1732 cum
771 1703 937 1746 pompa
960 1685 1005 1731 in
1027 1702 1231 1745 campum
1253 1683 1519 1745 procedebat
1539 1698 1587 1730 ut
1609 1702 1709 1731 cum
1731 1684 2017 1739 Necessitate,

205 1756 385 1815 quicum
408 1768 498 1801 erat
519 1753 571 1800 de
590 1754 681 1800 vita
699 1768 935 1809 certamen,
956 1752 1306 1812 congrederetur.
1328 1757 1388 1799 Ea
1407 1770 1513 1799 vero
1534 1753 1782 1798 centimana
1802 1765 1863 1798 est
1885 1765 2014 1811 atque

205 1841 228 1870 a
250 1823 490 1883 gigantum,
516 1836 564 1868 ut
589 1839 701 1877 reor,
725 1835 852 1881 gente
877 1820 1038 1867 ducens
1059 1821 1327 1881 principium
1352 1820 1519 1880 generis
1542 1833 1699 1880 utputa
1722 1837 1830 1879 quae
1851 1818 2017 1865 viribus

203 1892 257 1938 sit
279 1889 648 1950 incomparabilis.
673 1894 776 1936 Una
798 1907 900 1949 ergo
920 1888 1120 1936 conflixit
1142 1907 1242 1935 cum
1263 1888 1460 1949 pluribus
1482 1888 1688 1948 vicitque,
1708 1901 2016 1934 verumtamen

205 1958 327 2019 quod
349 1957 543 2005 accidere
564 1972 718 2004 contra
737 1957 862 2013 solet,
886 1975 986 2004 cum
1010 1950 1180 2003 devicta
1198 1956 1439 2003 adversaria
1458 1955 1648 2003 discessit
1668 1955 1834 2015 vulgus,
1858 1955 2017 2001 victrix

205 2028 389 2074 timetur
410 2026 560 2073 modo.
586 2025 670 2073 Sed
692 2025 854 2072 incedit
876 2025 1163 2072 inhonestior.

971 2162 1036 2204 93.
1061 2161 1161 2204 Sors
1184 2161 1255 2213 [Π]

1042 2226 1105 2281 Bi,
1128 2230 1183 2272 ev

205 2325 426 2372 ‹P>avonis
445 2323 581 2371 cauda
596 2325 641 2370 in
658 2324 935 2384 imperatoris
952 2322 1157 2370 translata
1172 2321 1394 2378 cassidem,
1411 2335 1576 2368 sortem
1593 2320 1861 2381 gloriabatur
1876 2337 2013 2376 suam,

206 2393 328 2454 quod
359 2393 504 2440 omnis
536 2411 579 2440 se
612 2392 825 2439 exercitus
855 2391 1103 2438 observaret
1135 2405 1175 2438 et
1206 2409 1295 2451 quo
1326 2391 1416 2451 ipsa
1445 2404 1633 2437 verteret
1662 2402 2016 2449 consequeretur,

206 2461 328 2522 quod
352 2462 438 2508 suis
466 2462 553 2508 iam
578 2461 777 2521 auspiciis
803 2474 1057 2520 gererentur
1077 2459 1190 2506 bella
1213 2477 1261 2506 ac
1285 2458 1525 2519 respublica
1549 2457 1797 2504 libertatem
1822 2471 2020 2504 tueretur

205 2530 478 2590 gloriamque
498 2528 800 2589 amplificaret.
821 2528 1026 2584 ‘Melior,’
1047 2531 1165 2574 Pavo
1183 2527 1339 2587 inquit,
1361 2526 1518 2573 ‘multo
1538 2540 1600 2573 est
1617 2543 1710 2572 sors
1728 2526 1821 2581 ista,
1839 2525 1952 2571 tueri
1970 2542 2014 2571 re

206 2612 308 2644 nata
327 2612 450 2644 tuam
471 2600 666 2644 sortem.’

932 2733 997 2775 94.
1023 2727 1295 2787 Ingratitudo

1004 2796 1067 2852 Bi,
1090 2800 1224 2842 6v-7r

208 2902 349 2944 Lucus
368 2897 572 2956 antiquae
588 2895 830 2942 nobilitatis
849 2894 1054 2942 incendio
1073 2894 1188 2941 diem
1208 2894 1372 2940 dixerat
1391 2894 1491 2953 quia
1505 2911 1548 2940 se
1567 2892 1728 2939 divitiis
1746 2906 1874 2952 atque
1891 2909 2014 2938 orna-

208 2965 368 3011 mentis
392 2963 663 3024 expoliasset,
687 2960 814 3023 qui¹⁴5
838 2977 986 3009 tamen
1008 2963 1096 3023 ipse
1119 2979 1434 3022 saepenumero
1457 2960 1626 3007 aluisset
1650 2974 1691 3006 et
1711 2960 1825 3006 vitae
1846 2958 2015 3006 affatim

208 3028 446 3079 necessaria
469 3032 848 3079 subministrasset.
880 3030 1025 3077 Multa
1049 3031 1158 3076 ruris
1185 3030 1366 3076 numina
1394 3029 1633 3076 accusatori
1658 3027 1874 3074 favebant.
1902 3030 2016 3086 Ergo

209 3100 444 3147 damnatur
463 3099 716 3146 incendium
739 3098 869 3159 idque
887 3116 1055 3159 poenae
1074 3097 1153 3144 luit
1174 3112 1222 3144 ut
1242 3098 1316 3157 qui
1336 3112 1500 3143 temere
1519 3097 1770 3156 ingrateque
1791 3095 1835 3140 in
1857 3093 2016 3141 alienas

209 3186 313 3229 opes
337 3169 515 3223 iniisset,
538 3168 623 3214 suis
648 3168 751 3227 ipse,
775 3184 876 3213 cum
901 3167 1088 3213 maxime
1112 3165 1192 3212 illis
1216 3179 1322 3212 esset
1345 3182 1467 3225 opus,
1494 3163 1718 3223 indigeret.
