<?xml version="1.0" encoding="UTF-8"?>
<!DOCTYPE html PUBLIC "-//W3C//DTD XHTML 1.0 Transitional//EN"
    "http://www.w3.org/TR/xhtml1/DTD/xhtml1-transitional.dtd">
<html xmlns="http://www.w3.org/1999/xhtml" xml:lang="en" lang="en">
 <head>
  <title>
</title>
<meta http-equiv="Content-Type" content="text/html;charset=utf-8" />
  <meta name='ocr-system' content='tesseract 3.04.00' />
  <meta name='ocr-capabilities' content='ocr_page ocr_carea ocr_par ocr_line ocrx_word'/>
</head>
<body>
  <div class='ocr_page' id='page_1' title='image "bartolomeoscalah00scaluoft_0299.png"; bbox 0 0 2118 3444; ppageno 0'>
   <div class='ocr_carea' id='block_1_1' title="bbox 181 164 1982 205">
    <p class='ocr_par' dir='ltr' id='par_1_1' title="bbox 181 164 1982 205">
     <span class='ocr_line' id='line_1_1' title="bbox 181 164 1982 205; baseline 0 0"><span class='ocrx_word' id='word_1_1' title='bbox 181 172 364 205; x_wconf 83' lang='lat' dir='ltr'>ESSAYS</span> <span class='ocrx_word' id='word_1_2' title='bbox 1890 164 1982 205; x_wconf 84' lang='lat'>259</span> 
     </span>
    </p>
   </div>
   <div class='ocr_carea' id='block_1_2' title="bbox 165 308 1991 2962">
    <p class='ocr_par' dir='ltr' id='par_1_2' title="bbox 178 308 1991 914">
     <span class='ocr_line' id='line_1_2' title="bbox 181 308 1990 370; baseline 0 -14"><span class='ocrx_word' id='word_1_3' title='bbox 181 310 425 356; x_wconf 86' lang='lat' dir='ltr'>animantes</span> <span class='ocrx_word' id='word_1_4' title='bbox 445 324 487 356; x_wconf 90' lang='lat' dir='ltr'>et</span> <span class='ocrx_word' id='word_1_5' title='bbox 507 323 650 356; x_wconf 88' lang='lat' dir='ltr'>cetera</span> <span class='ocrx_word' id='word_1_6' title='bbox 667 326 776 369; x_wconf 91' lang='lat' dir='ltr'>quae</span> <span class='ocrx_word' id='word_1_7' title='bbox 798 309 843 355; x_wconf 93' lang='lat' dir='ltr'>in</span> <span class='ocrx_word' id='word_1_8' title='bbox 864 309 989 355; x_wconf 91' lang='lat' dir='ltr'>terris</span> <span class='ocrx_word' id='word_1_9' title='bbox 1006 308 1205 356; x_wconf 90' lang='lat' dir='ltr'>videmus</span> <span class='ocrx_word' id='word_1_10' title='bbox 1225 323 1439 369; x_wconf 85' lang='lat' dir='ltr'>generata.</span> <span class='ocrx_word' id='word_1_11' title='bbox 1461 313 1624 356; x_wconf 87' lang='lat' dir='ltr'>Rursus</span> <span class='ocrx_word' id='word_1_12' title='bbox 1646 327 1698 356; x_wconf 88' lang='lat' dir='ltr'>ex</span> <span class='ocrx_word' id='word_1_13' title='bbox 1717 310 1871 370; x_wconf 91' lang='lat' dir='ltr'>primis</span> <span class='ocrx_word' id='word_1_14' title='bbox 1891 310 1990 356; x_wconf 88' lang='lat' dir='ltr'>sim-</span> 
     </span>
     <span class='ocr_line' id='line_1_3' title="bbox 178 375 1991 438; baseline -0.001 -14"><span class='ocrx_word' id='word_1_15' title='bbox 178 376 365 438; x_wconf 89' lang='lat' dir='ltr'>plicibus</span> <span class='ocrx_word' id='word_1_16' title='bbox 387 376 601 437; x_wconf 85' lang='lat' dir='ltr'>quaedam</span> <span class='ocrx_word' id='word_1_17' title='bbox 620 377 711 422; x_wconf 90' lang='lat' dir='ltr'>vim</span> <span class='ocrx_word' id='word_1_18' title='bbox 734 376 891 423; x_wconf 91' lang='lat' dir='ltr'>habere</span> <span class='ocrx_word' id='word_1_19' title='bbox 911 375 1146 432; x_wconf 84' lang='lat' dir='ltr'>efficiendi,</span> <span class='ocrx_word' id='word_1_20' title='bbox 1166 391 1213 423; x_wconf 91' lang='lat' dir='ltr'>ut</span> <span class='ocrx_word' id='word_1_21' title='bbox 1233 391 1294 423; x_wconf 90' lang='lat' dir='ltr'>est</span> <span class='ocrx_word' id='word_1_22' title='bbox 1315 377 1423 437; x_wconf 90' lang='lat' dir='ltr'>ignis</span> <span class='ocrx_word' id='word_1_23' title='bbox 1443 391 1484 423; x_wconf 91' lang='lat' dir='ltr'>et</span> <span class='ocrx_word' id='word_1_24' title='bbox 1503 394 1588 432; x_wconf 89' lang='lat' dir='ltr'>aer,</span> <span class='ocrx_word' id='word_1_25' title='bbox 1607 376 1821 437; x_wconf 87' lang='lat' dir='ltr'>quaedam</span> <span class='ocrx_word' id='word_1_26' title='bbox 1842 378 1991 438; x_wconf 90' lang='lat' dir='ltr'>recipi-</span> 
     </span>
     <span class='ocr_line' id='line_1_4' title="bbox 180 444 1988 506; baseline 0.001 -14"><span class='ocrx_word' id='word_1_27' title='bbox 180 444 283 492; x_wconf 94' lang='lat' dir='ltr'>endi</span> <span class='ocrx_word' id='word_1_28' title='bbox 303 459 345 492; x_wconf 90' lang='lat' dir='ltr'>et</span> <span class='ocrx_word' id='word_1_29' title='bbox 364 445 485 505; x_wconf 89' lang='lat' dir='ltr'>quasi</span> <span class='ocrx_word' id='word_1_30' title='bbox 503 444 714 505; x_wconf 91' lang='lat' dir='ltr'>patiendi,</span> <span class='ocrx_word' id='word_1_31' title='bbox 733 444 980 491; x_wconf 90' lang='lat' dir='ltr'>cuiusmodi</span> <span class='ocrx_word' id='word_1_32' title='bbox 1001 462 1112 505; x_wconf 91' lang='lat' dir='ltr'>aqua</span> <span class='ocrx_word' id='word_1_33' title='bbox 1130 459 1171 492; x_wconf 90' lang='lat' dir='ltr'>et</span> <span class='ocrx_word' id='word_1_34' title='bbox 1191 459 1305 492; x_wconf 89' lang='lat' dir='ltr'>terra</span> <span class='ocrx_word' id='word_1_35' title='bbox 1322 459 1397 492; x_wconf 89' lang='lat' dir='ltr'>est.</span> <span class='ocrx_word' id='word_1_36' title='bbox 1418 445 1637 504; x_wconf 87' lang='lat' dir='ltr'>Quintam</span> <span class='ocrx_word' id='word_1_37' title='bbox 1658 445 1879 506; x_wconf 92' lang='lat' dir='ltr'>quandam</span> <span class='ocrx_word' id='word_1_38' title='bbox 1897 463 1988 506; x_wconf 92' lang='lat' dir='ltr'>spe-</span> 
     </span>
     <span class='ocr_line' id='line_1_5' title="bbox 180 510 1989 574; baseline 0.001 -14"><span class='ocrx_word' id='word_1_39' title='bbox 180 514 307 569; x_wconf 91' lang='lat' dir='ltr'>ciem,</span> <span class='ocrx_word' id='word_1_40' title='bbox 345 530 477 573; x_wconf 90' lang='lat' dir='ltr'>quam</span> <span class='ocrx_word' id='word_1_41' title='bbox 514 512 747 573; x_wconf 92' lang='lat' dir='ltr'>appellavit</span> <span class='ocrx_word' id='word_1_42' title='bbox 783 510 1123 559; x_wconf 82' lang='lat' dir='ltr'>entelechiam²²³</span> <span class='ocrx_word' id='word_1_43' title='bbox 1163 512 1435 569; x_wconf 87' lang='lat' dir='ltr'>Aristoteles,</span> <span class='ocrx_word' id='word_1_44' title='bbox 1470 527 1727 574; x_wconf 90' lang='lat' dir='ltr'>posuerunt,</span> <span class='ocrx_word' id='word_1_45' title='bbox 1767 531 1818 560; x_wconf 90' lang='lat' dir='ltr'>ex</span> <span class='ocrx_word' id='word_1_46' title='bbox 1854 531 1989 574; x_wconf 91' lang='lat' dir='ltr'>eaque</span> 
     </span>
     <span class='ocr_line' id='line_1_6' title="bbox 180 580 1991 642; baseline 0.001 -15"><span class='ocrx_word' id='word_1_47' title='bbox 180 595 350 628; x_wconf 89' lang='lat' dir='ltr'>mentes</span> <span class='ocrx_word' id='word_1_48' title='bbox 374 595 416 628; x_wconf 92' lang='lat' dir='ltr'>et</span> <span class='ocrx_word' id='word_1_49' title='bbox 438 580 579 628; x_wconf 90' lang='lat' dir='ltr'>sidera</span> <span class='ocrx_word' id='word_1_50' title='bbox 602 595 801 628; x_wconf 90' lang='lat' dir='ltr'>constare</span> <span class='ocrx_word' id='word_1_51' title='bbox 824 595 1104 641; x_wconf 90' lang='lat' dir='ltr'>putaverunt,</span> <span class='ocrx_word' id='word_1_52' title='bbox 1131 598 1313 642; x_wconf 90' lang='lat' dir='ltr'>eamque</span> <span class='ocrx_word' id='word_1_53' title='bbox 1338 599 1425 628; x_wconf 94' lang='lat' dir='ltr'>esse</span> <span class='ocrx_word' id='word_1_54' title='bbox 1447 596 1664 628; x_wconf 89' lang='lat' dir='ltr'>semotam</span> <span class='ocrx_word' id='word_1_55' title='bbox 1690 581 1743 628; x_wconf 93' lang='lat' dir='ltr'>ab</span> <span class='ocrx_word' id='word_1_56' title='bbox 1768 583 1893 628; x_wconf 92' lang='lat' dir='ltr'>omni</span> <span class='ocrx_word' id='word_1_57' title='bbox 1919 582 1991 629; x_wconf 90' lang='lat' dir='ltr'>illa</span> 
     </span>
     <span class='ocr_line' id='line_1_7' title="bbox 179 646 1986 711; baseline 0 -14"><span class='ocrx_word' id='word_1_58' title='bbox 179 646 518 697; x_wconf 82' lang='lat' dir='ltr'>concretione²2⁴</span> <span class='ocrx_word' id='word_1_59' title='bbox 543 664 585 696; x_wconf 91' lang='lat' dir='ltr'>et</span> <span class='ocrx_word' id='word_1_60' title='bbox 611 650 804 705; x_wconf 91' lang='lat' dir='ltr'>materia,</span> <span class='ocrx_word' id='word_1_61' title='bbox 830 667 961 710; x_wconf 93' lang='lat' dir='ltr'>quam</span> <span class='ocrx_word' id='word_1_62' title='bbox 986 649 1241 710; x_wconf 89' lang='lat' dir='ltr'>qualitatem</span> <span class='ocrx_word' id='word_1_63' title='bbox 1263 650 1624 711; x_wconf 89' lang='lat' dir='ltr'>nuncupavimus.</span> <span class='ocrx_word' id='word_1_64' title='bbox 1654 654 1837 697; x_wconf 89' lang='lat' dir='ltr'>Factum</span> <span class='ocrx_word' id='word_1_65' title='bbox 1862 668 1986 698; x_wconf 93' lang='lat' dir='ltr'>mun-</span> 
     </span>
     <span class='ocr_line' id='line_1_8' title="bbox 179 715 1989 778; baseline 0.001 -13"><span class='ocrx_word' id='word_1_66' title='bbox 179 717 286 765; x_wconf 92' lang='lat' dir='ltr'>dum</span> <span class='ocrx_word' id='word_1_67' title='bbox 317 717 466 764; x_wconf 90' lang='lat' dir='ltr'>divina</span> <span class='ocrx_word' id='word_1_68' title='bbox 492 715 734 778; x_wconf 84' lang='lat' dir='ltr'>quadam²²⁵</span> <span class='ocrx_word' id='word_1_69' title='bbox 764 718 807 764; x_wconf 90' lang='lat' dir='ltr'>vi</span> <span class='ocrx_word' id='word_1_70' title='bbox 836 736 967 778; x_wconf 90' lang='lat' dir='ltr'>quam</span> <span class='ocrx_word' id='word_1_71' title='bbox 997 718 1180 765; x_wconf 90' lang='lat' dir='ltr'>eandem</span> <span class='ocrx_word' id='word_1_72' title='bbox 1208 716 1453 765; x_wconf 82' lang='lat' dir='ltr'>animam²²⁶</span> <span class='ocrx_word' id='word_1_73' title='bbox 1485 718 1639 766; x_wconf 91' lang='lat' dir='ltr'>mundi</span> <span class='ocrx_word' id='word_1_74' title='bbox 1668 718 1820 766; x_wconf 90' lang='lat' dir='ltr'>dicunt</span> <span class='ocrx_word' id='word_1_75' title='bbox 1850 734 1891 766; x_wconf 92' lang='lat' dir='ltr'>et</span> <span class='ocrx_word' id='word_1_76' title='bbox 1920 719 1989 766; x_wconf 92' lang='lat' dir='ltr'>de-</span> 
     </span>
     <span class='ocr_line' id='line_1_9' title="bbox 179 785 1987 847; baseline 0.002 -16"><span class='ocrx_word' id='word_1_77' title='bbox 179 803 254 832; x_wconf 94' lang='lat' dir='ltr'>um</span> <span class='ocrx_word' id='word_1_78' title='bbox 276 785 658 846; x_wconf 83' lang='lat' dir='ltr'>administrarique</span> <span class='ocrx_word' id='word_1_79' title='bbox 677 801 807 846; x_wconf 92' lang='lat' dir='ltr'>atque</span> <span class='ocrx_word' id='word_1_80' title='bbox 826 803 914 833; x_wconf 91' lang='lat' dir='ltr'>esse</span> <span class='ocrx_word' id='word_1_81' title='bbox 932 787 1263 847; x_wconf 90' lang='lat' dir='ltr'>sempiternum.</span> <span class='ocrx_word' id='word_1_82' title='bbox 1287 790 1437 845; x_wconf 87' lang='lat' dir='ltr'>Quam</span> <span class='ocrx_word' id='word_1_83' title='bbox 1458 787 1519 833; x_wconf 92' lang='lat' dir='ltr'>illi</span> <span class='ocrx_word' id='word_1_84' title='bbox 1539 788 1630 833; x_wconf 92' lang='lat' dir='ltr'>vim</span> <span class='ocrx_word' id='word_1_85' title='bbox 1651 787 1789 834; x_wconf 91' lang='lat' dir='ltr'>modo</span> <span class='ocrx_word' id='word_1_86' title='bbox 1810 788 1987 834; x_wconf 90' lang='lat' dir='ltr'>necessi-</span> 
     </span>
     <span class='ocr_line' id='line_1_10' title="bbox 179 852 1856 914; baseline 0.001 -14"><span class='ocrx_word' id='word_1_87' title='bbox 179 868 330 909; x_wconf 91' lang='lat' dir='ltr'>tatem,</span> <span class='ocrx_word' id='word_1_88' title='bbox 352 853 490 900; x_wconf 92' lang='lat' dir='ltr'>modo</span> <span class='ocrx_word' id='word_1_89' title='bbox 513 853 668 910; x_wconf 85' lang='lat' dir='ltr'>fatum,</span> <span class='ocrx_word' id='word_1_90' title='bbox 691 852 1072 914; x_wconf 82' lang='lat' dir='ltr'>nonnunquam²²7</span> <span class='ocrx_word' id='word_1_91' title='bbox 1095 853 1320 901; x_wconf 88' lang='lat' dir='ltr'>fortunam</span> <span class='ocrx_word' id='word_1_92' title='bbox 1343 873 1499 902; x_wconf 93' lang='lat' dir='ltr'>vocare</span> <span class='ocrx_word' id='word_1_93' title='bbox 1520 870 1856 902; x_wconf 88' lang='lat' dir='ltr'>consueverunt.</span> 
     </span>
    </p>

    <p class='ocr_par' dir='ltr' id='par_1_3' title="bbox 173 922 1988 1461">
     <span class='ocr_line' id='line_1_11' title="bbox 262 922 1988 983; baseline 0.002 -16"><span class='ocrx_word' id='word_1_94' title='bbox 262 922 459 969; x_wconf 89' lang='lat' dir='ltr'>Tertiam</span> <span class='ocrx_word' id='word_1_95' title='bbox 481 939 588 969; x_wconf 92' lang='lat' dir='ltr'>vero</span> <span class='ocrx_word' id='word_1_96' title='bbox 607 922 913 983; x_wconf 88' lang='lat' dir='ltr'>philosophiae</span> <span class='ocrx_word' id='word_1_97' title='bbox 939 937 1110 983; x_wconf 89' lang='lat' dir='ltr'>partem</span> <span class='ocrx_word' id='word_1_98' title='bbox 1132 922 1185 970; x_wconf 95' lang='lat' dir='ltr'>de</span> <span class='ocrx_word' id='word_1_99' title='bbox 1207 922 1459 970; x_wconf 87' lang='lat' dir='ltr'>disserendo</span> <span class='ocrx_word' id='word_1_100' title='bbox 1481 924 1587 970; x_wconf 91' lang='lat' dir='ltr'>oriri</span> <span class='ocrx_word' id='word_1_101' title='bbox 1610 941 1632 971; x_wconf 91' lang='lat' dir='ltr'>e</span> <span class='ocrx_word' id='word_1_102' title='bbox 1654 923 1849 971; x_wconf 89' lang='lat' dir='ltr'>sensibus</span> <span class='ocrx_word' id='word_1_103' title='bbox 1872 924 1988 971; x_wconf 90' lang='lat' dir='ltr'>vole-</span> 
     </span>
     <span class='ocr_line' id='line_1_12' title="bbox 177 990 1987 1055; baseline 0.002 -18"><span class='ocrx_word' id='word_1_104' title='bbox 177 990 298 1046; x_wconf 90' lang='lat' dir='ltr'>bant,</span> <span class='ocrx_word' id='word_1_105' title='bbox 318 1005 467 1037; x_wconf 92' lang='lat' dir='ltr'>tamen</span> <span class='ocrx_word' id='word_1_106' title='bbox 484 1008 639 1038; x_wconf 90' lang='lat' dir='ltr'>verum</span> <span class='ocrx_word' id='word_1_107' title='bbox 659 990 870 1038; x_wconf 90' lang='lat' dir='ltr'>iudicium</span> <span class='ocrx_word' id='word_1_108' title='bbox 890 991 982 1038; x_wconf 91' lang='lat' dir='ltr'>veri</span> <span class='ocrx_word' id='word_1_109' title='bbox 999 1009 1023 1038; x_wconf 92' lang='lat' dir='ltr'>a</span> <span class='ocrx_word' id='word_1_110' title='bbox 1040 990 1148 1038; x_wconf 79' lang='lat' dir='ltr'>falso</span> <span class='ocrx_word' id='word_1_111' title='bbox 1166 990 1450 1052; x_wconf 89' lang='lat' dir='ltr'>dignoscendi</span> <span class='ocrx_word' id='word_1_112' title='bbox 1471 991 1629 1039; x_wconf 91' lang='lat' dir='ltr'>habere</span> <span class='ocrx_word' id='word_1_113' title='bbox 1647 1007 1844 1040; x_wconf 90' lang='lat' dir='ltr'>mentem</span> <span class='ocrx_word' id='word_1_114' title='bbox 1862 993 1987 1055; x_wconf 86' lang='lat' dir='ltr'>eique</span> 
     </span>
     <span class='ocr_line' id='line_1_13' title="bbox 175 1058 1988 1122; baseline 0.002 -17"><span class='ocrx_word' id='word_1_115' title='bbox 175 1058 258 1105; x_wconf 91' lang='lat' dir='ltr'>soli</span> <span class='ocrx_word' id='word_1_116' title='bbox 280 1076 367 1106; x_wconf 90' lang='lat' dir='ltr'>esse</span> <span class='ocrx_word' id='word_1_117' title='bbox 389 1059 658 1106; x_wconf 92' lang='lat' dir='ltr'>credendum</span> <span class='ocrx_word' id='word_1_118' title='bbox 680 1059 801 1120; x_wconf 94' lang='lat' dir='ltr'>quod</span> <span class='ocrx_word' id='word_1_119' title='bbox 820 1059 1146 1120; x_wconf 89' lang='lat' dir='ltr'>simplicitatem</span> <span class='ocrx_word' id='word_1_120' title='bbox 1170 1061 1214 1106; x_wconf 87' lang='lat' dir='ltr'>in</span> <span class='ocrx_word' id='word_1_121' title='bbox 1236 1060 1363 1107; x_wconf 92' lang='lat' dir='ltr'>rebus</span> <span class='ocrx_word' id='word_1_122' title='bbox 1382 1060 1475 1108; x_wconf 90' lang='lat' dir='ltr'>sola</span> <span class='ocrx_word' id='word_1_123' title='bbox 1493 1076 1639 1121; x_wconf 91' lang='lat' dir='ltr'>posset</span> <span class='ocrx_word' id='word_1_124' title='bbox 1661 1079 1838 1109; x_wconf 90' lang='lat' dir='ltr'>cernere</span> <span class='ocrx_word' id='word_1_125' title='bbox 1860 1061 1988 1122; x_wconf 89' lang='lat' dir='ltr'>(hanc</span> 
     </span>
     <span class='ocr_line' id='line_1_14' title="bbox 177 1126 1988 1190; baseline 0.003 -18"><span class='ocrx_word' id='word_1_126' title='bbox 177 1126 238 1172; x_wconf 91' lang='lat' dir='ltr'>illi</span> <span class='ocrx_word' id='word_1_127' title='bbox 259 1126 477 1173; x_wconf 91' lang='lat' dir='ltr'>vocabant</span> <span class='ocrx_word' id='word_1_128' title='bbox 499 1127 657 1187; x_wconf 92' lang='lat' dir='ltr'>ideam)</span> <span class='ocrx_word' id='word_1_129' title='bbox 681 1142 723 1174; x_wconf 93' lang='lat' dir='ltr'>et</span> <span class='ocrx_word' id='word_1_130' title='bbox 742 1128 969 1174; x_wconf 89' lang='lat' dir='ltr'>scientiam</span> <span class='ocrx_word' id='word_1_131' title='bbox 990 1128 1169 1188; x_wconf 89' lang='lat' dir='ltr'>quidem</span> <span class='ocrx_word' id='word_1_132' title='bbox 1190 1129 1235 1174; x_wconf 92' lang='lat' dir='ltr'>in</span> <span class='ocrx_word' id='word_1_133' title='bbox 1258 1143 1405 1176; x_wconf 92' lang='lat' dir='ltr'>mente</span> <span class='ocrx_word' id='word_1_134' title='bbox 1426 1147 1526 1176; x_wconf 93' lang='lat' dir='ltr'>esse.</span> <span class='ocrx_word' id='word_1_135' title='bbox 1549 1133 1670 1176; x_wconf 92' lang='lat' dir='ltr'>Nam</span> <span class='ocrx_word' id='word_1_136' title='bbox 1693 1147 1802 1190; x_wconf 91' lang='lat' dir='ltr'>quae</span> <span class='ocrx_word' id='word_1_137' title='bbox 1825 1131 1988 1177; x_wconf 91' lang='lat' dir='ltr'>oriren-</span> 
     </span>
     <span class='ocr_line' id='line_1_15' title="bbox 175 1195 1985 1259; baseline 0.002 -18"><span class='ocrx_word' id='word_1_138' title='bbox 175 1209 249 1241; x_wconf 92' lang='lat' dir='ltr'>tur</span> <span class='ocrx_word' id='word_1_139' title='bbox 273 1212 297 1241; x_wconf 92' lang='lat' dir='ltr'>a</span> <span class='ocrx_word' id='word_1_140' title='bbox 320 1195 516 1242; x_wconf 90' lang='lat' dir='ltr'>sensibus</span> <span class='ocrx_word' id='word_1_141' title='bbox 544 1195 783 1256; x_wconf 89' lang='lat' dir='ltr'>opinabilia</span> <span class='ocrx_word' id='word_1_142' title='bbox 812 1196 962 1243; x_wconf 90' lang='lat' dir='ltr'>omnia</span> <span class='ocrx_word' id='word_1_143' title='bbox 987 1196 1236 1244; x_wconf 90' lang='lat' dir='ltr'>voluerunt.</span> <span class='ocrx_word' id='word_1_144' title='bbox 1267 1201 1415 1258; x_wconf 90' lang='lat' dir='ltr'>Itaque</span> <span class='ocrx_word' id='word_1_145' title='bbox 1440 1197 1495 1244; x_wconf 90' lang='lat' dir='ltr'>ad</span> <span class='ocrx_word' id='word_1_146' title='bbox 1519 1197 1834 1245; x_wconf 90' lang='lat' dir='ltr'>inveniendum</span> <span class='ocrx_word' id='word_1_147' title='bbox 1863 1199 1985 1259; x_wconf 94' lang='lat' dir='ltr'>quod</span> 
     </span>
     <span class='ocr_line' id='line_1_16' title="bbox 174 1263 1982 1327; baseline 0.003 -18"><span class='ocrx_word' id='word_1_148' title='bbox 174 1280 330 1309; x_wconf 87' lang='lat' dir='ltr'>verum</span> <span class='ocrx_word' id='word_1_149' title='bbox 362 1278 470 1310; x_wconf 93' lang='lat' dir='ltr'>esset</span> <span class='ocrx_word' id='word_1_150' title='bbox 500 1278 597 1310; x_wconf 91' lang='lat' dir='ltr'>tum</span> <span class='ocrx_word' id='word_1_151' title='bbox 627 1263 984 1320; x_wconf 81' lang='lat' dir='ltr'>diffinitionibus,</span> <span class='ocrx_word' id='word_1_152' title='bbox 1018 1279 1114 1311; x_wconf 93' lang='lat' dir='ltr'>tum</span> <span class='ocrx_word' id='word_1_153' title='bbox 1145 1265 1188 1311; x_wconf 89' lang='lat' dir='ltr'>vi</span> <span class='ocrx_word' id='word_1_154' title='bbox 1217 1265 1420 1312; x_wconf 90' lang='lat' dir='ltr'>vocabuli</span> <span class='ocrx_word' id='word_1_155' title='bbox 1450 1284 1581 1326; x_wconf 90' lang='lat' dir='ltr'>quam</span> <span class='ocrx_word' id='word_1_156' title='bbox 1612 1265 1982 1327; x_wconf 82' lang='lat' dir='ltr'>etymologiam²²⁸</span> 
     </span>
     <span class='ocr_line' id='line_1_17' title="bbox 174 1332 1983 1396; baseline 0.003 -19"><span class='ocrx_word' id='word_1_157' title='bbox 174 1345 351 1386; x_wconf 89' lang='lat' dir='ltr'>vocant,</span> <span class='ocrx_word' id='word_1_158' title='bbox 370 1345 467 1378; x_wconf 91' lang='lat' dir='ltr'>tum</span> <span class='ocrx_word' id='word_1_159' title='bbox 488 1332 755 1391; x_wconf 88' lang='lat' dir='ltr'>argumentis</span> <span class='ocrx_word' id='word_1_160' title='bbox 772 1332 1023 1388; x_wconf 90' lang='lat' dir='ltr'>utebantur,</span> <span class='ocrx_word' id='word_1_161' title='bbox 1044 1351 1219 1380; x_wconf 91' lang='lat' dir='ltr'>necnon</span> <span class='ocrx_word' id='word_1_162' title='bbox 1239 1334 1371 1380; x_wconf 91' lang='lat' dir='ltr'>etiam</span> <span class='ocrx_word' id='word_1_163' title='bbox 1390 1335 1638 1381; x_wconf 89' lang='lat' dir='ltr'>orationem</span> <span class='ocrx_word' id='word_1_164' title='bbox 1660 1352 1983 1396; x_wconf 89' lang='lat' dir='ltr'>nonnunquam</span> 
     </span>
     <span class='ocr_line' id='line_1_18' title="bbox 173 1399 1260 1461; baseline 0.003 -16"><span class='ocrx_word' id='word_1_165' title='bbox 173 1413 433 1459; x_wconf 89' lang='lat' dir='ltr'>perpetuam</span> <span class='ocrx_word' id='word_1_166' title='bbox 457 1399 723 1447; x_wconf 89' lang='lat' dir='ltr'>adhibebant</span> <span class='ocrx_word' id='word_1_167' title='bbox 746 1418 870 1447; x_wconf 89' lang='lat' dir='ltr'>more</span> <span class='ocrx_word' id='word_1_168' title='bbox 891 1418 1029 1461; x_wconf 92' lang='lat' dir='ltr'>paene</span> <span class='ocrx_word' id='word_1_169' title='bbox 1052 1402 1260 1449; x_wconf 91' lang='lat' dir='ltr'>oratorio.</span> 
     </span>
    </p>

    <p class='ocr_par' dir='ltr' id='par_1_4' title="bbox 167 1468 1986 2738">
     <span class='ocr_line' id='line_1_19' title="bbox 260 1468 1984 1532; baseline 0.003 -19"><span class='ocrx_word' id='word_1_170' title='bbox 260 1469 385 1514; x_wconf 89' lang='lat' dir='ltr'>Zeno</span> <span class='ocrx_word' id='word_1_171' title='bbox 408 1482 569 1524; x_wconf 92' lang='lat' dir='ltr'>autem,</span> <span class='ocrx_word' id='word_1_172' title='bbox 591 1483 639 1515; x_wconf 95' lang='lat' dir='ltr'>ut</span> <span class='ocrx_word' id='word_1_173' title='bbox 663 1469 748 1515; x_wconf 93' lang='lat' dir='ltr'>iam</span> <span class='ocrx_word' id='word_1_174' title='bbox 771 1468 913 1515; x_wconf 88' lang='lat' dir='ltr'>dicam</span> <span class='ocrx_word' id='word_1_175' title='bbox 934 1468 987 1516; x_wconf 90' lang='lat' dir='ltr'>de</span> <span class='ocrx_word' id='word_1_176' title='bbox 1007 1470 1176 1526; x_wconf 85' lang='lat' dir='ltr'>Stoicis,</span> <span class='ocrx_word' id='word_1_177' title='bbox 1198 1488 1352 1517; x_wconf 90' lang='lat' dir='ltr'>verum</span> <span class='ocrx_word' id='word_1_178' title='bbox 1377 1470 1587 1518; x_wconf 92' lang='lat' dir='ltr'>iudicium</span> <span class='ocrx_word' id='word_1_179' title='bbox 1609 1471 1851 1532; x_wconf 91' lang='lat' dir='ltr'>petendum</span> <span class='ocrx_word' id='word_1_180' title='bbox 1875 1472 1984 1519; x_wconf 87' lang='lat' dir='ltr'>dixit</span> 
     </span>
     <span class='ocr_line' id='line_1_20' title="bbox 174 1535 1986 1600; baseline 0.003 -19"><span class='ocrx_word' id='word_1_181' title='bbox 174 1552 197 1581; x_wconf 90' lang='lat' dir='ltr'>a</span> <span class='ocrx_word' id='word_1_182' title='bbox 213 1535 423 1591; x_wconf 85' lang='lat' dir='ltr'>sensibus,</span> <span class='ocrx_word' id='word_1_183' title='bbox 447 1535 604 1596; x_wconf 89' lang='lat' dir='ltr'>quibus</span> <span class='ocrx_word' id='word_1_184' title='bbox 624 1536 746 1596; x_wconf 94' lang='lat' dir='ltr'>quod</span> <span class='ocrx_word' id='word_1_185' title='bbox 764 1537 1133 1597; x_wconf 90' lang='lat' dir='ltr'>comprehensum</span> <span class='ocrx_word' id='word_1_186' title='bbox 1155 1553 1262 1585; x_wconf 92' lang='lat' dir='ltr'>esset</span> <span class='ocrx_word' id='word_1_187' title='bbox 1285 1538 1385 1598; x_wconf 91' lang='lat' dir='ltr'>(hoc</span> <span class='ocrx_word' id='word_1_188' title='bbox 1404 1540 1522 1585; x_wconf 91' lang='lat' dir='ltr'>enim</span> <span class='ocrx_word' id='word_1_189' title='bbox 1541 1539 1679 1586; x_wconf 87' lang='lat' dir='ltr'>verbo</span> <span class='ocrx_word' id='word_1_190' title='bbox 1698 1540 1934 1600; x_wconf 90' lang='lat' dir='ltr'>utebatur),</span> <span class='ocrx_word' id='word_1_191' title='bbox 1951 1542 1986 1587; x_wconf 94' lang='lat' dir='ltr'>si</span> 
     </span>
     <span class='ocr_line' id='line_1_21' title="bbox 173 1602 1984 1665; baseline 0.003 -17"><span class='ocrx_word' id='word_1_192' title='bbox 173 1602 322 1649; x_wconf 89' lang='lat' dir='ltr'>divelli</span> <span class='ocrx_word' id='word_1_193' title='bbox 350 1604 521 1650; x_wconf 87' lang='lat' dir='ltr'>ratione</span> <span class='ocrx_word' id='word_1_194' title='bbox 549 1622 641 1650; x_wconf 94' lang='lat' dir='ltr'>non</span> <span class='ocrx_word' id='word_1_195' title='bbox 667 1619 828 1664; x_wconf 91' lang='lat' dir='ltr'>posset,</span> <span class='ocrx_word' id='word_1_196' title='bbox 858 1605 1100 1665; x_wconf 88' lang='lat' dir='ltr'>appellabat</span> <span class='ocrx_word' id='word_1_197' title='bbox 1127 1607 1369 1663; x_wconf 91' lang='lat' dir='ltr'>scientiam,</span> <span class='ocrx_word' id='word_1_198' title='bbox 1397 1608 1464 1654; x_wconf 90' lang='lat' dir='ltr'>sin</span> <span class='ocrx_word' id='word_1_199' title='bbox 1492 1607 1639 1654; x_wconf 92' lang='lat' dir='ltr'>divelli</span> <span class='ocrx_word' id='word_1_200' title='bbox 1666 1622 1708 1655; x_wconf 95' lang='lat' dir='ltr'>et</span> <span class='ocrx_word' id='word_1_201' title='bbox 1734 1607 1984 1655; x_wconf 82' lang='lat' dir='ltr'>labefactari</span> 
     </span>
     <span class='ocr_line' id='line_1_22' title="bbox 171 1672 1981 1737; baseline 0.004 -20"><span class='ocrx_word' id='word_1_202' title='bbox 171 1686 317 1731; x_wconf 92' lang='lat' dir='ltr'>posset</span> <span class='ocrx_word' id='word_1_203' title='bbox 344 1672 528 1728; x_wconf 87' lang='lat' dir='ltr'>ratione,</span> <span class='ocrx_word' id='word_1_204' title='bbox 552 1673 841 1729; x_wconf 88' lang='lat' dir='ltr'>inscientiam,</span> <span class='ocrx_word' id='word_1_205' title='bbox 866 1691 918 1720; x_wconf 90' lang='lat' dir='ltr'>ex</span> <span class='ocrx_word' id='word_1_206' title='bbox 941 1691 1027 1734; x_wconf 91' lang='lat' dir='ltr'>qua</span> <span class='ocrx_word' id='word_1_207' title='bbox 1049 1673 1173 1721; x_wconf 85' lang='lat' dir='ltr'>fieret</span> <span class='ocrx_word' id='word_1_208' title='bbox 1196 1675 1350 1735; x_wconf 92' lang='lat' dir='ltr'>opinio</span> <span class='ocrx_word' id='word_1_209' title='bbox 1375 1693 1476 1722; x_wconf 92' lang='lat' dir='ltr'>cum</span> <span class='ocrx_word' id='word_1_210' title='bbox 1501 1675 1609 1723; x_wconf 81' lang='lat' dir='ltr'>falso</span> <span class='ocrx_word' id='word_1_211' title='bbox 1633 1690 1676 1723; x_wconf 90' lang='lat' dir='ltr'>et</span> <span class='ocrx_word' id='word_1_212' title='bbox 1698 1675 1981 1737; x_wconf 83' lang='lat' dir='ltr'>incognito²2⁹</span> 
     </span>
     <span class='ocr_line' id='line_1_23' title="bbox 173 1739 1983 1803; baseline 0.002 -18"><span class='ocrx_word' id='word_1_213' title='bbox 173 1740 436 1786; x_wconf 91' lang='lat' dir='ltr'>communis.</span> <span class='ocrx_word' id='word_1_214' title='bbox 464 1739 666 1787; x_wconf 89' lang='lat' dir='ltr'>Medium</span> <span class='ocrx_word' id='word_1_215' title='bbox 690 1741 806 1787; x_wconf 92' lang='lat' dir='ltr'>inter</span> <span class='ocrx_word' id='word_1_216' title='bbox 824 1742 1051 1788; x_wconf 91' lang='lat' dir='ltr'>scientiam</span> <span class='ocrx_word' id='word_1_217' title='bbox 1074 1757 1204 1803; x_wconf 92' lang='lat' dir='ltr'>atque</span> <span class='ocrx_word' id='word_1_218' title='bbox 1226 1743 1498 1790; x_wconf 90' lang='lat' dir='ltr'>inscientiam</span> <span class='ocrx_word' id='word_1_219' title='bbox 1523 1762 1610 1791; x_wconf 91' lang='lat' dir='ltr'>esse</span> <span class='ocrx_word' id='word_1_220' title='bbox 1633 1744 1742 1791; x_wconf 88' lang='lat' dir='ltr'>dixit</span> <span class='ocrx_word' id='word_1_221' title='bbox 1766 1747 1983 1801; x_wconf 74' lang='grc' dir='ltr'><strong>κατάλη-</strong></span> 
     </span>
     <span class='ocr_line' id='line_1_24' title="bbox 172 1805 1984 1873; baseline 0.004 -21"><span class='ocrx_word' id='word_1_222' title='bbox 172 1805 348 1863; x_wconf 68' lang='lat' dir='ltr'>ww,‘³²³0</span> <span class='ocrx_word' id='word_1_223' title='bbox 379 1807 424 1854; x_wconf 90' lang='lat' dir='ltr'>id</span> <span class='ocrx_word' id='word_1_224' title='bbox 449 1822 511 1854; x_wconf 90' lang='lat' dir='ltr'>est</span> <span class='ocrx_word' id='word_1_225' title='bbox 536 1808 979 1869; x_wconf 89' lang='lat' dir='ltr'>comprehensionem</span> <span class='ocrx_word' id='word_1_226' title='bbox 1010 1810 1244 1870; x_wconf 91' lang='lat' dir='ltr'>quandam,</span> <span class='ocrx_word' id='word_1_227' title='bbox 1272 1829 1381 1872; x_wconf 92' lang='lat' dir='ltr'>quae</span> <span class='ocrx_word' id='word_1_228' title='bbox 1407 1811 1459 1858; x_wconf 85' lang='lat' dir='ltr'>fit</span> <span class='ocrx_word' id='word_1_229' title='bbox 1483 1830 1507 1859; x_wconf 91' lang='lat' dir='ltr'>a</span> <span class='ocrx_word' id='word_1_230' title='bbox 1530 1812 1725 1859; x_wconf 90' lang='lat' dir='ltr'>sensibus</span> <span class='ocrx_word' id='word_1_231' title='bbox 1754 1814 1799 1859; x_wconf 94' lang='lat' dir='ltr'>in</span> <span class='ocrx_word' id='word_1_232' title='bbox 1826 1813 1984 1873; x_wconf 93' lang='lat' dir='ltr'>quibus</span> 
     </span>
     <span class='ocr_line' id='line_1_25' title="bbox 171 1875 1981 1941; baseline 0.004 -21"><span class='ocrx_word' id='word_1_233' title='bbox 171 1892 196 1921; x_wconf 93' lang='lat' dir='ltr'>a</span> <span class='ocrx_word' id='word_1_234' title='bbox 218 1890 373 1921; x_wconf 92' lang='lat' dir='ltr'>natura</span> <span class='ocrx_word' id='word_1_235' title='bbox 395 1875 522 1922; x_wconf 94' lang='lat' dir='ltr'>nobis</span> <span class='ocrx_word' id='word_1_236' title='bbox 546 1877 762 1936; x_wconf 89' lang='lat' dir='ltr'>principia</span> <span class='ocrx_word' id='word_1_237' title='bbox 784 1892 924 1924; x_wconf 90' lang='lat' dir='ltr'>essent</span> <span class='ocrx_word' id='word_1_238' title='bbox 948 1877 1048 1924; x_wconf 90' lang='lat' dir='ltr'>data</span> <span class='ocrx_word' id='word_1_239' title='bbox 1069 1879 1361 1938; x_wconf 88' lang='lat' dir='ltr'>cognoscendi</span> <span class='ocrx_word' id='word_1_240' title='bbox 1384 1894 1426 1926; x_wconf 93' lang='lat' dir='ltr'>et</span> <span class='ocrx_word' id='word_1_241' title='bbox 1449 1881 1494 1926; x_wconf 91' lang='lat' dir='ltr'>in</span> <span class='ocrx_word' id='word_1_242' title='bbox 1516 1881 1673 1927; x_wconf 91' lang='lat' dir='ltr'>animis</span> <span class='ocrx_word' id='word_1_243' title='bbox 1695 1896 1847 1941; x_wconf 92' lang='lat' dir='ltr'>postea</span> <span class='ocrx_word' id='word_1_244' title='bbox 1869 1882 1981 1928; x_wconf 92' lang='lat' dir='ltr'>noti-</span> 
     </span>
     <span class='ocr_line' id='line_1_26' title="bbox 171 1940 1982 2009; baseline 0.004 -21"><span class='ocrx_word' id='word_1_245' title='bbox 171 1940 329 1989; x_wconf 83' lang='lat' dir='ltr'>ones²31</span> <span class='ocrx_word' id='word_1_246' title='bbox 373 1944 670 2003; x_wconf 91' lang='lat' dir='ltr'>imprimendi.</span> <span class='ocrx_word' id='word_1_247' title='bbox 714 1946 922 1992; x_wconf 91' lang='lat' dir='ltr'>Removit</span> <span class='ocrx_word' id='word_1_248' title='bbox 959 1947 1134 2006; x_wconf 92' lang='lat' dir='ltr'>penitus</span> <span class='ocrx_word' id='word_1_249' title='bbox 1174 1946 1226 1993; x_wconf 94' lang='lat' dir='ltr'>ab</span> <span class='ocrx_word' id='word_1_250' title='bbox 1265 1948 1389 1994; x_wconf 89' lang='lat' dir='ltr'>omni</span> <span class='ocrx_word' id='word_1_251' title='bbox 1431 1965 1577 1995; x_wconf 91' lang='lat' dir='ltr'>errore</span> <span class='ocrx_word' id='word_1_252' title='bbox 1614 1949 1869 2009; x_wconf 89' lang='lat' dir='ltr'>sapientem.</span> <span class='ocrx_word' id='word_1_253' title='bbox 1911 1953 1982 1996; x_wconf 94' lang='lat' dir='ltr'>De</span> 
     </span>
     <span class='ocr_line' id='line_1_27' title="bbox 171 2009 1983 2078; baseline 0.004 -22"><span class='ocrx_word' id='word_1_254' title='bbox 171 2009 421 2058; x_wconf 82' lang='lat' dir='ltr'>moribus2³2</span> <span class='ocrx_word' id='word_1_255' title='bbox 454 2026 602 2058; x_wconf 92' lang='lat' dir='ltr'>autem</span> <span class='ocrx_word' id='word_1_256' title='bbox 629 2010 750 2059; x_wconf 82' lang='lat' dir='ltr'>hic2³³</span> <span class='ocrx_word' id='word_1_257' title='bbox 780 2013 825 2059; x_wconf 93' lang='lat' dir='ltr'>in</span> <span class='ocrx_word' id='word_1_258' title='bbox 851 2013 942 2060; x_wconf 92' lang='lat' dir='ltr'>sola</span> <span class='ocrx_word' id='word_1_259' title='bbox 968 2014 1130 2061; x_wconf 90' lang='lat' dir='ltr'>virtute</span> <span class='ocrx_word' id='word_1_260' title='bbox 1152 2032 1376 2062; x_wconf 90' lang='lat' dir='ltr'>summum</span> <span class='ocrx_word' id='word_1_261' title='bbox 1405 2015 1575 2063; x_wconf 91' lang='lat' dir='ltr'>bonum</span> <span class='ocrx_word' id='word_1_262' title='bbox 1602 2017 1731 2077; x_wconf 93' lang='lat' dir='ltr'>ponit</span> <span class='ocrx_word' id='word_1_263' title='bbox 1759 2035 1840 2064; x_wconf 90' lang='lat' dir='ltr'>nec</span> <span class='ocrx_word' id='word_1_264' title='bbox 1862 2035 1983 2078; x_wconf 90' lang='lat' dir='ltr'>prae-</span> 
     </span>
     <span class='ocr_line' id='line_1_28' title="bbox 170 2079 1979 2144; baseline 0.005 -20"><span class='ocrx_word' id='word_1_265' title='bbox 170 2093 238 2125; x_wconf 91' lang='lat' dir='ltr'>ter</span> <span class='ocrx_word' id='word_1_266' title='bbox 262 2079 473 2126; x_wconf 89' lang='lat' dir='ltr'>virtutem</span> <span class='ocrx_word' id='word_1_267' title='bbox 501 2081 736 2140; x_wconf 90' lang='lat' dir='ltr'>quicquam</span> <span class='ocrx_word' id='word_1_268' title='bbox 765 2099 852 2128; x_wconf 93' lang='lat' dir='ltr'>esse</span> <span class='ocrx_word' id='word_1_269' title='bbox 879 2081 1062 2129; x_wconf 89' lang='lat' dir='ltr'>bonum.</span> <span class='ocrx_word' id='word_1_270' title='bbox 1095 2082 1279 2144; x_wconf 91' lang='lat' dir='ltr'>Reliqua</span> <span class='ocrx_word' id='word_1_271' title='bbox 1303 2082 1461 2130; x_wconf 83' lang='lat' dir='ltr'>vero²³⁴</span> <span class='ocrx_word' id='word_1_272' title='bbox 1489 2102 1659 2144; x_wconf 90' lang='lat' dir='ltr'>genera,</span> <span class='ocrx_word' id='word_1_273' title='bbox 1686 2099 1783 2132; x_wconf 90' lang='lat' dir='ltr'>tum</span> <span class='ocrx_word' id='word_1_274' title='bbox 1811 2100 1979 2142; x_wconf 89' lang='lat' dir='ltr'>contra,</span> 
     </span>
     <span class='ocr_line' id='line_1_29' title="bbox 170 2147 1979 2213; baseline 0.004 -20"><span class='ocrx_word' id='word_1_275' title='bbox 170 2161 267 2193; x_wconf 92' lang='lat' dir='ltr'>tum</span> <span class='ocrx_word' id='word_1_276' title='bbox 286 2147 529 2194; x_wconf 92' lang='lat' dir='ltr'>secundum</span> <span class='ocrx_word' id='word_1_277' title='bbox 551 2163 767 2205; x_wconf 90' lang='lat' dir='ltr'>naturam,</span> <span class='ocrx_word' id='word_1_278' title='bbox 788 2163 883 2196; x_wconf 93' lang='lat' dir='ltr'>tum</span> <span class='ocrx_word' id='word_1_279' title='bbox 905 2150 1132 2198; x_wconf 90' lang='lat' dir='ltr'>interiecta</span> <span class='ocrx_word' id='word_1_280' title='bbox 1147 2166 1189 2198; x_wconf 92' lang='lat' dir='ltr'>et</span> <span class='ocrx_word' id='word_1_281' title='bbox 1208 2151 1351 2199; x_wconf 89' lang='lat' dir='ltr'>media</span> <span class='ocrx_word' id='word_1_282' title='bbox 1369 2152 1569 2213; x_wconf 92' lang='lat' dir='ltr'>appellat.</span> <span class='ocrx_word' id='word_1_283' title='bbox 1590 2156 1717 2212; x_wconf 89' lang='lat' dir='ltr'>Quae</span> <span class='ocrx_word' id='word_1_284' title='bbox 1736 2154 1979 2201; x_wconf 91' lang='lat' dir='ltr'>secundum</span> 
     </span>
     <span class='ocr_line' id='line_1_30' title="bbox 171 2216 1980 2282; baseline 0.005 -21"><span class='ocrx_word' id='word_1_285' title='bbox 171 2230 373 2262; x_wconf 91' lang='lat' dir='ltr'>naturam</span> <span class='ocrx_word' id='word_1_286' title='bbox 393 2231 533 2263; x_wconf 91' lang='lat' dir='ltr'>essent</span> <span class='ocrx_word' id='word_1_287' title='bbox 553 2216 683 2277; x_wconf 90' lang='lat' dir='ltr'>digna</span> <span class='ocrx_word' id='word_1_288' title='bbox 701 2235 788 2265; x_wconf 87' lang='lat' dir='ltr'>esse</span> <span class='ocrx_word' id='word_1_289' title='bbox 807 2217 949 2279; x_wconf 91' lang='lat' dir='ltr'>aliqua</span> <span class='ocrx_word' id='word_1_290' title='bbox 967 2219 1303 2276; x_wconf 90' lang='lat' dir='ltr'>existimatione;</span> <span class='ocrx_word' id='word_1_291' title='bbox 1324 2236 1565 2282; x_wconf 90' lang='lat' dir='ltr'>contraque</span> <span class='ocrx_word' id='word_1_292' title='bbox 1583 2223 1815 2279; x_wconf 91' lang='lat' dir='ltr'>contraria;</span> <span class='ocrx_word' id='word_1_293' title='bbox 1836 2222 1980 2270; x_wconf 92' lang='lat' dir='ltr'>media</span> 
     </span>
     <span class='ocr_line' id='line_1_31' title="bbox 169 2285 1976 2351; baseline 0.005 -22"><span class='ocrx_word' id='word_1_294' title='bbox 169 2301 276 2330; x_wconf 91' lang='lat' dir='ltr'>vero</span> <span class='ocrx_word' id='word_1_295' title='bbox 309 2286 527 2332; x_wconf 90' lang='lat' dir='ltr'>momenti</span> <span class='ocrx_word' id='word_1_296' title='bbox 563 2285 720 2333; x_wconf 91' lang='lat' dir='ltr'>habere</span> <span class='ocrx_word' id='word_1_297' title='bbox 756 2287 800 2332; x_wconf 93' lang='lat' dir='ltr'>in</span> <span class='ocrx_word' id='word_1_298' title='bbox 833 2305 922 2334; x_wconf 93' lang='lat' dir='ltr'>sese</span> <span class='ocrx_word' id='word_1_299' title='bbox 956 2287 1077 2334; x_wconf 93' lang='lat' dir='ltr'>nihil.</span> <span class='ocrx_word' id='word_1_300' title='bbox 1116 2292 1279 2336; x_wconf 87' lang='lat' dir='ltr'>Rursus</span> <span class='ocrx_word' id='word_1_301' title='bbox 1314 2307 1422 2350; x_wconf 89' lang='lat' dir='ltr'>quae</span> <span class='ocrx_word' id='word_1_302' title='bbox 1455 2289 1598 2350; x_wconf 90' lang='lat' dir='ltr'>aliqua</span> <span class='ocrx_word' id='word_1_303' title='bbox 1631 2289 1976 2351; x_wconf 84' lang='lat' dir='ltr'>dignarentur²³⁵</span> 
     </span>
     <span class='ocr_line' id='line_1_32' title="bbox 169 2351 1980 2420; baseline 0.006 -23"><span class='ocrx_word' id='word_1_304' title='bbox 169 2351 562 2408; x_wconf 78' lang='lat' dir='ltr'>existimatione‚²³⁶</span> <span class='ocrx_word' id='word_1_305' title='bbox 591 2368 664 2400; x_wconf 93' lang='lat' dir='ltr'>aut</span> <span class='ocrx_word' id='word_1_306' title='bbox 688 2354 825 2414; x_wconf 92' lang='lat' dir='ltr'>pluris</span> <span class='ocrx_word' id='word_1_307' title='bbox 852 2373 939 2402; x_wconf 92' lang='lat' dir='ltr'>esse</span> <span class='ocrx_word' id='word_1_308' title='bbox 965 2370 1038 2402; x_wconf 91' lang='lat' dir='ltr'>aut</span> <span class='ocrx_word' id='word_1_309' title='bbox 1063 2357 1260 2413; x_wconf 82' lang='lat' dir='ltr'>minoris3</span> <span class='ocrx_word' id='word_1_310' title='bbox 1289 2375 1397 2418; x_wconf 91' lang='lat' dir='ltr'>quae</span> <span class='ocrx_word' id='word_1_311' title='bbox 1420 2357 1557 2418; x_wconf 90' lang='lat' dir='ltr'>pluris</span> <span class='ocrx_word' id='word_1_312' title='bbox 1583 2360 1844 2419; x_wconf 89' lang='lat' dir='ltr'>praeposita,</span> <span class='ocrx_word' id='word_1_313' title='bbox 1871 2378 1980 2420; x_wconf 90' lang='lat' dir='ltr'>quae</span> 
     </span>
     <span class='ocr_line' id='line_1_33' title="bbox 170 2420 1978 2488; baseline 0.006 -23"><span class='ocrx_word' id='word_1_314' title='bbox 170 2420 354 2467; x_wconf 89' lang='lat' dir='ltr'>minoris</span> <span class='ocrx_word' id='word_1_315' title='bbox 387 2421 545 2468; x_wconf 89' lang='lat' dir='ltr'>reiecta</span> <span class='ocrx_word' id='word_1_316' title='bbox 572 2422 828 2482; x_wconf 88' lang='lat' dir='ltr'>appellabat.</span> <span class='ocrx_word' id='word_1_317' title='bbox 861 2424 1168 2484; x_wconf 82' lang='lat' dir='ltr'>Aegritudines</span> <span class='ocrx_word' id='word_1_318' title='bbox 1199 2426 1347 2482; x_wconf 91' lang='lat' dir='ltr'>animi,</span> <span class='ocrx_word' id='word_1_319' title='bbox 1380 2444 1484 2486; x_wconf 87' lang='lat' dir='ltr'>quas</span> <span class='ocrx_word' id='word_1_320' title='bbox 1513 2428 1672 2474; x_wconf 88' lang='lat' dir='ltr'>Graeci</span> <span class='ocrx_word' id='word_1_321' title='bbox 1701 2426 1978 2488; x_wconf 82' lang='lat' dir='ltr'>appellant²³⁷</span> 
     </span>
     <span class='ocr_line' id='line_1_34' title="bbox 167 2487 1975 2554; baseline 0.007 -23"><span class='ocrx_word' id='word_1_322' title='bbox 167 2492 228 2531; x_wconf 82' lang='grc' dir='ltr'>τὰ</span> <span class='ocrx_word' id='word_1_323' title='bbox 250 2487 459 2544; x_wconf 68' lang='grc' dir='ltr'>ποι9η,238</span> <span class='ocrx_word' id='word_1_324' title='bbox 483 2490 662 2537; x_wconf 84' lang='lat' dir='ltr'>Ciceror</span> <span class='ocrx_word' id='word_1_325' title='bbox 678 2491 1045 2551; x_wconf 90' lang='lat' dir='ltr'>perturbationes,</span> <span class='ocrx_word' id='word_1_326' title='bbox 1068 2493 1270 2540; x_wconf 93' lang='lat' dir='ltr'>nonnulli</span> <span class='ocrx_word' id='word_1_327' title='bbox 1293 2495 1526 2554; x_wconf 90' lang='lat' dir='ltr'>passiones,</span> <span class='ocrx_word' id='word_1_328' title='bbox 1551 2513 1642 2542; x_wconf 95' lang='lat' dir='ltr'>non</span> <span class='ocrx_word' id='word_1_329' title='bbox 1664 2510 1819 2543; x_wconf 92' lang='lat' dir='ltr'>natura</span> <span class='ocrx_word' id='word_1_330' title='bbox 1839 2497 1975 2544; x_wconf 91' lang='lat' dir='ltr'>inesse</span> 
     </span>
     <span class='ocr_line' id='line_1_35' title="bbox 168 2554 1977 2625; baseline 0.006 -24"><span class='ocrx_word' id='word_1_331' title='bbox 168 2554 377 2603; x_wconf 84' lang='lat' dir='ltr'>animis²³⁹</span> <span class='ocrx_word' id='word_1_332' title='bbox 406 2559 578 2617; x_wconf 93' lang='lat' dir='ltr'>putavit</span> <span class='ocrx_word' id='word_1_333' title='bbox 605 2573 653 2605; x_wconf 89' lang='lat' dir='ltr'>ut</span> <span class='ocrx_word' id='word_1_334' title='bbox 680 2560 937 2619; x_wconf 92' lang='lat' dir='ltr'>superiores,</span> <span class='ocrx_word' id='word_1_335' title='bbox 965 2560 1041 2607; x_wconf 94' lang='lat' dir='ltr'>sed</span> <span class='ocrx_word' id='word_1_336' title='bbox 1067 2579 1215 2608; x_wconf 87' lang='lat' dir='ltr'>earum</span> <span class='ocrx_word' id='word_1_337' title='bbox 1244 2563 1446 2609; x_wconf 92' lang='lat' dir='ltr'>omnium</span> <span class='ocrx_word' id='word_1_338' title='bbox 1478 2563 1815 2611; x_wconf 90' lang='lat' dir='ltr'>immoderatam</span> <span class='ocrx_word' id='word_1_339' title='bbox 1845 2582 1977 2625; x_wconf 92' lang='lat' dir='ltr'>quan-</span> 
     </span>
     <span class='ocr_line' id='line_1_36' title="bbox 168 2622 1977 2692; baseline 0.006 -23"><span class='ocrx_word' id='word_1_340' title='bbox 168 2622 269 2670; x_wconf 92' lang='lat' dir='ltr'>dam</span> <span class='ocrx_word' id='word_1_341' title='bbox 292 2624 579 2684; x_wconf 90' lang='lat' dir='ltr'>cupiditatem</span> <span class='ocrx_word' id='word_1_342' title='bbox 603 2644 690 2672; x_wconf 91' lang='lat' dir='ltr'>esse</span> <span class='ocrx_word' id='word_1_343' title='bbox 713 2645 898 2674; x_wconf 88' lang='lat' dir='ltr'>causam.</span> <span class='ocrx_word' id='word_1_344' title='bbox 925 2628 996 2674; x_wconf 89' lang='lat' dir='ltr'>Ab</span> <span class='ocrx_word' id='word_1_345' title='bbox 1021 2628 1086 2675; x_wconf 91' lang='lat' dir='ltr'>his</span> <span class='ocrx_word' id='word_1_346' title='bbox 1110 2630 1241 2689; x_wconf 88' lang='lat' dir='ltr'>igitur</span> <span class='ocrx_word' id='word_1_347' title='bbox 1262 2630 1468 2677; x_wconf 85' lang='lat' dir='ltr'>omnibus</span> <span class='ocrx_word' id='word_1_348' title='bbox 1493 2630 1622 2691; x_wconf 92' lang='lat' dir='ltr'>longe</span> <span class='ocrx_word' id='word_1_349' title='bbox 1645 2631 1790 2679; x_wconf 93' lang='lat' dir='ltr'>abesse</span> <span class='ocrx_word' id='word_1_350' title='bbox 1812 2633 1977 2692; x_wconf 92' lang='lat' dir='ltr'>sapien-</span> 
     </span>
     <span class='ocr_line' id='line_1_37' title="bbox 167 2705 271 2738; baseline 0.01 -1"><span class='ocrx_word' id='word_1_351' title='bbox 167 2705 271 2738; x_wconf 91' lang='lat' dir='ltr'>tem.</span> 
     </span>
    </p>

    <p class='ocr_par' dir='ltr' id='par_1_5' title="bbox 165 2762 1975 2962">
     <span class='ocr_line' id='line_1_38' title="bbox 251 2762 1974 2828; baseline 0.005 -22"><span class='ocrx_word' id='word_1_352' title='bbox 251 2762 321 2806; x_wconf 90' lang='lat' dir='ltr'>De</span> <span class='ocrx_word' id='word_1_353' title='bbox 343 2775 498 2807; x_wconf 89' lang='lat' dir='ltr'>natura</span> <span class='ocrx_word' id='word_1_354' title='bbox 516 2776 663 2808; x_wconf 90' lang='lat' dir='ltr'>autem</span> <span class='ocrx_word' id='word_1_355' title='bbox 687 2762 746 2822; x_wconf 90' lang='lat' dir='ltr'>(id</span> <span class='ocrx_word' id='word_1_356' title='bbox 766 2764 884 2809; x_wconf 92' lang='lat' dir='ltr'>enim</span> <span class='ocrx_word' id='word_1_357' title='bbox 906 2763 1123 2824; x_wconf 91' lang='lat' dir='ltr'>reliquum</span> <span class='ocrx_word' id='word_1_358' title='bbox 1145 2766 1239 2825; x_wconf 88' lang='lat' dir='ltr'>est),</span> <span class='ocrx_word' id='word_1_359' title='bbox 1259 2766 1313 2812; x_wconf 92' lang='lat' dir='ltr'>ad</span> <span class='ocrx_word' id='word_1_360' title='bbox 1331 2781 1521 2826; x_wconf 90' lang='lat' dir='ltr'>quatuor</span> <span class='ocrx_word' id='word_1_361' title='bbox 1541 2767 1612 2814; x_wconf 92' lang='lat' dir='ltr'>illa</span> <span class='ocrx_word' id='word_1_362' title='bbox 1628 2768 1844 2828; x_wconf 88' lang='lat' dir='ltr'>principia</span> <span class='ocrx_word' id='word_1_363' title='bbox 1866 2768 1974 2814; x_wconf 93' lang='lat' dir='ltr'>nihil</span> 
     </span>
     <span class='ocr_line' id='line_1_39' title="bbox 167 2826 1971 2895; baseline 0.006 -22"><span class='ocrx_word' id='word_1_364' title='bbox 167 2826 367 2874; x_wconf 89' lang='lat' dir='ltr'>addebat.</span> <span class='ocrx_word' id='word_1_365' title='bbox 389 2832 538 2888; x_wconf 89' lang='lat' dir='ltr'>Ignem</span> <span class='ocrx_word' id='word_1_366' title='bbox 557 2830 739 2890; x_wconf 90' lang='lat' dir='ltr'>putabat</span> <span class='ocrx_word' id='word_1_367' title='bbox 761 2849 848 2878; x_wconf 93' lang='lat' dir='ltr'>esse</span> <span class='ocrx_word' id='word_1_368' title='bbox 869 2849 920 2878; x_wconf 88' lang='lat' dir='ltr'>ex</span> <span class='ocrx_word' id='word_1_369' title='bbox 941 2850 1031 2892; x_wconf 93' lang='lat' dir='ltr'>quo</span> <span class='ocrx_word' id='word_1_370' title='bbox 1054 2834 1204 2880; x_wconf 91' lang='lat' dir='ltr'>omnia</span> <span class='ocrx_word' id='word_1_371' title='bbox 1225 2834 1447 2881; x_wconf 91' lang='lat' dir='ltr'>orirentur</span> <span class='ocrx_word' id='word_1_372' title='bbox 1467 2850 1595 2895; x_wconf 91' lang='lat' dir='ltr'>atque</span> <span class='ocrx_word' id='word_1_373' title='bbox 1615 2835 1804 2882; x_wconf 92' lang='lat' dir='ltr'>eundem</span> <span class='ocrx_word' id='word_1_374' title='bbox 1826 2836 1971 2883; x_wconf 91' lang='lat' dir='ltr'>deum.</span> 
     </span>
     <span class='ocr_line' id='line_1_40' title="bbox 165 2897 1975 2962; baseline 0.006 -21"><span class='ocrx_word' id='word_1_375' title='bbox 165 2898 287 2942; x_wconf 91' lang='lat' dir='ltr'>Nam</span> <span class='ocrx_word' id='word_1_376' title='bbox 308 2911 482 2956; x_wconf 89' lang='lat' dir='ltr'>praeter</span> <span class='ocrx_word' id='word_1_377' title='bbox 499 2897 543 2944; x_wconf 94' lang='lat' dir='ltr'>id</span> <span class='ocrx_word' id='word_1_378' title='bbox 562 2898 683 2958; x_wconf 94' lang='lat' dir='ltr'>quod</span> <span class='ocrx_word' id='word_1_379' title='bbox 703 2898 842 2946; x_wconf 90' lang='lat' dir='ltr'>videri</span> <span class='ocrx_word' id='word_1_380' title='bbox 859 2900 1053 2947; x_wconf 90' lang='lat' dir='ltr'>sensibus</span> <span class='ocrx_word' id='word_1_381' title='bbox 1075 2916 1219 2961; x_wconf 91' lang='lat' dir='ltr'>posset</span> <span class='ocrx_word' id='word_1_382' title='bbox 1242 2901 1348 2948; x_wconf 89' lang='lat' dir='ltr'>nihil</span> <span class='ocrx_word' id='word_1_383' title='bbox 1370 2920 1458 2949; x_wconf 92' lang='lat' dir='ltr'>esse</span> <span class='ocrx_word' id='word_1_384' title='bbox 1479 2903 1721 2950; x_wconf 91' lang='lat' dir='ltr'>contendit.</span> <span class='ocrx_word' id='word_1_385' title='bbox 1742 2907 1975 2962; x_wconf 89' lang='lat' dir='ltr'>Quaecun-</span> 
     </span>
    </p>
   </div>
   <div class='ocr_carea' id='block_1_3' title="bbox 245 3120 581 3216">
    <p class='ocr_par' dir='ltr' id='par_1_6' title="bbox 245 3120 581 3216">
     <span class='ocr_line' id='line_1_41' title="bbox 245 3120 451 3158; baseline 0.005 -2"><span class='ocrx_word' id='word_1_386' title='bbox 245 3123 261 3145; x_wconf 73' lang='lat'>‘1</span> <span class='ocrx_word' id='word_1_387' title='bbox 278 3120 364 3158; x_wconf 84' lang='lat' dir='ltr'>[bid.</span> <span class='ocrx_word' id='word_1_388' title='bbox 385 3124 451 3158; x_wconf 83' lang='lat'>1.41</span> 
     </span>
     <span class='ocr_line' id='line_1_42' title="bbox 246 3176 581 3216; baseline 0.009 -3"><span class='ocrx_word' id='word_1_389' title='bbox 246 3181 258 3196; x_wconf 77' lang='lat'><em>¹</em></span> <span class='ocrx_word' id='word_1_390' title='bbox 276 3176 333 3214; x_wconf 87' lang='lat' dir='ltr'>Cf.</span> <span class='ocrx_word' id='word_1_391' title='bbox 355 3177 437 3215; x_wconf 93' lang='lat' dir='ltr'>ibid.</span> <span class='ocrx_word' id='word_1_392' title='bbox 458 3181 581 3216; x_wconf 86' lang='lat'>38—39.</span> 
     </span>
    </p>
   </div>
  </div>
 </body>
</html>
