2118 3444
196 155 288 195 244
1787 156 1925 190 PART
1949 156 2002 190 IV

198 316 323 346 mum
346 312 387 345 et
405 297 627 358 dignitatis
647 311 688 343 et
706 297 977 343 auctoritatis
996 296 1168 356 imperii
1187 296 1252 342 sui
1272 296 1317 341 in
1336 309 1435 342 tuae
1452 295 1693 342 Maiestatis
1707 293 2006 342 benivolentia

198 367 455 427 repositum.

284 438 388 494 Qua
405 433 457 481 de
474 452 518 481 re
537 433 646 479 nihil
666 433 854 480 omnino
873 447 934 479 est
952 431 1073 493 quod
1091 431 1338 492 diligentius
1354 431 1628 491 sanctiusque
1646 430 1909 478 servandum
1925 429 2008 478 sibi

198 521 286 551 esse
310 504 395 550 isto
421 501 537 549 felici
560 501 737 549 foedere
761 519 809 548 ac
830 501 1036 548 societate
1060 499 1306 547 arbitretur.
1332 499 1471 559 Quod
1496 500 1575 546 etsi
1598 498 1763 546 nullam
1786 513 2011 560 praeterea

197 572 565 619 asseverationem
593 570 789 630 requirit,
817 584 967 616 tamen
991 568 1124 630 paulo
1154 583 1253 615 ante
1280 586 1380 615 cum
1409 567 1610 615 arderent
1637 568 1787 614 omnia
1813 566 1931 614 bello
1960 567 2006 613 in

198 639 435 700 medioque
458 656 594 699 regno
615 652 695 685 tuo
717 651 963 684 versaretur
979 636 1266 684 validissimus
1290 636 1426 683 hostis
1448 650 1560 692 tuus,
1583 635 1710 682 nobis
1731 644 1879 682 autem
1901 635 2008 682 anti-

198 708 406 769 quissima
428 706 728 754 benivolentia
750 706 1145 761 coniunctissimus,
1172 705 1250 752 etsi
1271 705 1430 751 iterum
1451 719 1580 765 atque
1599 704 1759 751 iterum
1778 717 2010 764 temptare-

198 794 300 823 mur
327 791 457 836 atque
484 775 594 822 adeo
622 774 962 835 impelleremus,
991 788 1139 820 tamen
1167 772 1287 833 quod
1315 787 1356 820 et
1382 787 1481 820 tuae
1506 772 1727 819 Maiestati
1751 769 2008 819 obscuruml

198 862 287 891 esse
314 862 407 890 non
431 844 593 904 potuit,
621 842 729 888 nihil
757 859 953 902 unquam
978 841 1238 888 Florentino
1262 840 1431 901 populo
1460 839 1541 887 fuit
1566 854 1639 887 aut
1665 844 1762 896 [est]
1787 839 2008 900 antiquius

199 930 331 973 quam
354 911 460 958 fidei
482 929 530 958 ac
550 910 781 957 foederum
804 909 1134 956 inviolatissima
1158 902 1462 956 observantias

285 981 516 1040 Quoniam
543 994 689 1027 autem
716 978 781 1026 his
804 996 953 1025 sumus
980 978 1135 1025 animis
1159 995 1257 1038 erga
1279 977 1556 1024 Maiestatem
1578 978 1720 1023 Tuam
1745 975 1902 1037 quibus
1928 993 2009 1023 nos

198 1067 287 1096 esse
325 1048 449 1096 facile
487 1048 742 1108 cognovisse
780 1061 920 1108 potes,
960 1064 1100 1107 neque
1138 1045 1352 1093 eiusmodi
1392 1060 1440 1092 ut
1478 1044 1703 1092 indecores
1740 1062 1875 1105 regno
1913 1043 2008 1091 fore

196 1116 447 1178 putandum
476 1117 545 1173 sit,
576 1116 759 1162 minime
790 1114 960 1162 dubitat
989 1114 1268 1162 Florentinus
1297 1113 1486 1175 populus
1519 1112 1707 1160 eundem
1736 1127 1778 1160 te
1807 1113 2006 1160 animum

198 1204 298 1246 erga
312 1204 356 1233 se
372 1186 545 1246 gessisse
565 1184 774 1232 hactenus
789 1198 1099 1244 gesturumque
1118 1201 1218 1230 esse.
1238 1187 1301 1230 Ita
1316 1183 1433 1230 enim
1448 1196 1654 1243 putamus
1672 1182 1752 1229 ista
1767 1181 2009 1229 coniuncti-

198 1272 284 1301 one
302 1254 545 1301 Maiestatis
559 1267 658 1300 tuae
675 1267 716 1300 et
732 1267 906 1299 nostrae
923 1252 1123 1308 civitatis,
1139 1252 1223 1298 isto
1241 1250 1430 1307 foedere,
1446 1251 1526 1298 ista
1541 1251 1745 1306 amicitia,
1762 1264 1804 1297 et
1820 1249 2008 1297 domest-

198 1324 289 1370 icos
307 1337 437 1383 atque
452 1336 656 1369 externos
674 1320 833 1377 hostes,
849 1321 884 1368 si
902 1338 1011 1381 quos
1028 1319 1206 1367 fortuna
1222 1337 1457 1380 regnorum
1476 1333 1517 1366 et
1533 1318 1746 1380 cupiditas
1761 1317 2007 1379 imperandi

198 1392 422 1447 excitaret,
448 1389 697 1437 defecturos
724 1390 880 1437 animis
907 1407 987 1436 nec
1015 1389 1249 1449 quicquam
1278 1387 1462 1448 amplius
1492 1405 1682 1434 ausuros.
1713 1391 1786 1434 Est
1816 1387 1934 1434 enim
1963 1404 2013 1433 ea

198 1477 437 1520 regnorum
467 1473 508 1506 et
536 1459 709 1519 imperii
736 1472 891 1505 natura
915 1472 963 1504 ut
992 1471 1254 1518 appetantur
1278 1456 1330 1503 ab
1358 1455 1564 1503 omnibus
1594 1470 1635 1502 et
1661 1454 1768 1502 illud
1795 1455 2009 1515 tragicum

199 1529 330 1575 nimis
352 1527 437 1574 late
455 1541 589 1587 patet:
611 1526 763 1573 ‘Nulla
782 1540 930 1573 sancta
946 1526 1128 1573 societas
1146 1529 1246 1572 Nec
1266 1524 1374 1572 fides
1393 1525 1513 1584 regni
1533 1527 1646 1571 est.’g
1664 1523 1833 1570 Volunt
1856 1537 2012 1570 natura

199 1597 414 1656 imperare
432 1613 599 1642 omnes.
621 1594 761 1653 Quod
778 1594 813 1641 si
831 1593 968 1649 aliter,
985 1608 1033 1640 ut
1048 1593 1292 1654 plerunque
1310 1592 1376 1648 fit,
1393 1591 1599 1647 succedit,
1615 1592 1707 1637 vim
1726 1591 2012 1651 experiuntur

199 1663 327 1711 rebus
345 1664 431 1710 suis
452 1663 635 1709 minime
656 1662 868 1709 contenti.
887 1663 956 1708 Tu
975 1679 1095 1717 vero,
1114 1660 1357 1708 felicissime
1377 1678 1465 1716 rex,
1484 1660 1572 1720 qui,
1593 1658 2007 1706 munificentissimo

199 1731 373 1779 favente
390 1735 506 1788 Deo,
523 1730 759 1792 prudentia
773 1731 1023 1791 virtuteque
1039 1744 1114 1777 tua
1130 1728 1398 1790 amplissimo
1420 1746 1554 1789 regno
1571 1742 1651 1775 tuo
1670 1741 1904 1775 contentus
1922 1744 2010 1774 esse

199 1815 240 1848 et
255 1815 383 1862 potes
402 1815 444 1847 et
459 1801 537 1856 vis,
558 1799 664 1860 quid
680 1813 742 1846 est
761 1798 882 1860 quod
899 1799 1033 1859 magis
1052 1798 1194 1845 colere
1211 1797 1366 1845 debeas
1384 1815 1515 1858 quam
1532 1796 1709 1844 foedera
1725 1810 1766 1843 et
1782 1796 2008 1843 coniunct—

199 1870 322 1916 iones
338 1868 392 1916 ad
405 1868 742 1915 diuturnitatem
757 1867 1126 1927 stabilitatemque
1142 1883 1377 1926 regnorum
1392 1879 1565 1926 praeter
1577 1879 1720 1912 cetera
1730 1864 2006 1911 necessarias?

197 1937 480 1984 Florentinus
505 1951 685 1984 aut<em>
703 1935 907 1997 populus,
934 1933 1021 1982 cui2
1044 1936 1130 1982 iam
1153 1934 1399 1995 complures
1424 1933 1636 1981 obediunt
1659 1933 1856 1980 Etruriae
1877 1932 2006 1980 urbes

199 2023 396 2066 quosque
422 2005 604 2052 finitimi
629 2005 715 2052 iam
738 2003 894 2065 populi
918 2003 1121 2051 lacessere
1144 2003 1328 2063 amplius
1353 2017 1573 2058 verentur,
1597 2001 1705 2048 nihil
1731 2001 1919 2048 omnino
1944 2014 2006 2048 est

199 2073 322 2135 quod
344 2074 482 2134 quieti
504 2087 545 2120 et
567 2074 662 2120 otio
685 2086 938 2133 anteponat.

285 2145 413 2201 Quae
434 2159 535 2188 cum
556 2142 616 2188 ita
631 2141 732 2197 sint,
754 2140 1001 2187 addubitari
1020 2140 1202 2186 minime
1220 2153 1366 2199 potest
1386 2156 1478 2185 non
1499 2138 1683 2199 quivisse
1704 2155 1784 2184 nos
1803 2136 1947 2184 verbis
1967 2150 2009 2183 et

200 2211 401 2257 oratione
423 2224 573 2256 nostra
594 2227 648 2256 ne
668 2209 853 2255 minima
874 2208 1052 2269 quidem
1074 2226 1125 2255 ex
1142 2222 1279 2268 parte,
1299 2222 1347 2254 ut
1369 2206 1470 2254 illuc
1490 2206 1636 2253 redeat
1653 2205 1770 2253 unde
1791 2205 1896 2252 abiit
1916 2222 2007 2252 ora-

199 2280 278 2335 tio,
296 2278 540 2325 laetissimis
558 2277 616 2324 ob
635 2292 730 2325 tuas
744 2276 1104 2337 praeclarissimas
1120 2276 1324 2323 victorias
1339 2275 1700 2322 Florentinorum
1720 2274 1876 2321 animis
1891 2273 2007 2320 satis-

199 2346 355 2402 facere3
381 2361 456 2393 tua
479 2346 628 2406 potius
655 2345 879 2405 sapientia,
906 2344 1212 2404 gloriosissime
1243 2348 1350 2399 Rex,
1377 2360 1508 2403 quam
1535 2360 1621 2389 esse
1648 2342 1694 2388 in
1721 2356 1763 2388 te
1787 2358 2007 2388 summam

199 2429 330 2475 atque
348 2413 651 2461 admirandam
668 2427 736 2460 tot
754 2413 952 2472 tantique
968 2429 1184 2459 successus
1203 2412 1267 2458 tui
1285 2410 1572 2466 declararunt,
1588 2408 1831 2456 satisfaciet.
1848 2407 2007 2455 Intelli-

199 2500 270 2543 ges
300 2483 418 2529 enim
450 2481 643 2542 linguam
676 2495 717 2528 et
746 2480 878 2527 verba
906 2480 1161 2541 praesertim
1190 2478 1512 2526 ineruditorum
1545 2492 1586 2525 et
1615 2476 1851 2524 infantium
1882 2490 2008 2523 notas

198 2550 486 2598 solummodo
507 2549 716 2611 quasdam
733 2563 774 2596 et
790 2550 909 2609 signa
925 2549 1175 2596 animorum
1195 2562 1236 2595 et
1253 2548 1469 2595 mentium
1487 2546 1745 2594 adumbrare
1760 2563 1901 2606 posse,
1919 2545 2006 2592 ani-

200 2637 297 2666 mos
325 2637 432 2665 vero
461 2619 576 2679 ipsos
608 2632 737 2678 atque
766 2632 947 2673 mentes,
977 2631 1025 2664 ut
1052 2631 1152 2664 sunt
1183 2616 1370 2663 omnino
1401 2615 1560 2671 divina,
1590 2613 1718 2662 nullis
1749 2612 2004 2661 mortalium

280 2847 291 2872 f
306 2852 412 2891 After
429 2852 492 2890 the
509 2852 617 2890 death
634 2852 675 2890 of
692 2851 859 2895 Alfonso,
879 2851 1049 2889 Florence
1067 2865 1138 2888 was
1156 2850 1291 2899 subject
1309 2862 1349 2888 to
1369 2861 1534 2887 constant
1550 2862 1711 2897 pressure
1728 2847 1826 2886 from
1844 2846 1908 2885 the
1925 2846 2012 2895 king

199 2906 240 2944 of
261 2910 394 2944 France
414 2905 485 2944 and
507 2905 606 2943 Rene
628 2905 668 2943 of
687 2906 812 2954 Anjou
832 2917 871 2942 to
893 2916 1045 2953 support
1065 2903 1127 2942 the
1149 2904 1317 2952 Angevin
1335 2902 1440 2940 claim
1459 2914 1498 2940 to
1520 2901 1582 2939 the
1604 2900 1779 2949 kingdom
1800 2899 1842 2938 of
1860 2899 2005 2949 Naples,

199 2958 323 2996 which
340 2958 542 3006 effectively
560 2957 757 3006 prevented
776 2957 841 2995 her
859 2957 956 2994 from
976 2957 1095 3005 giving
1115 2959 1281 2994 Ferrante
1298 2969 1395 3004 open
1413 2966 1576 3003 support,
1598 2955 1671 2998 LC,
1691 2954 1855 3001 Risposte
1876 2950 2012 2990 verbali

198 3010 376 3049 d’oratori
393 3014 417 3055 I,
434 3010 514 3048 fols.
537 3013 696 3048 19v-82v
712 3009 746 3058 (4
765 3009 930 3047 October
947 3012 1102 3046 1458-24
1116 3011 1271 3056 January
1291 3006 1401 3055 1461),
1421 3010 1483 3044 88r
1500 3006 1556 3054 (24
1574 3005 1680 3054 April
1698 3008 1795 3043 1461:
1814 3005 2010 3042 Ferrante’s

199 3062 311 3111 legate
330 3062 463 3100 thanks
483 3061 654 3099 Florence
676 3061 786 3110 ‘quod
808 3075 891 3099 eum
911 3074 1126 3109 quamquam
1147 3071 1282 3097 secreto
1303 3058 1415 3096 modo
1438 3058 1534 3096 velut
1553 3056 1822 3095 confederatum
1843 3055 2006 3093 adversus

198 3130 282 3153 suos
302 3115 421 3153 hostes
441 3114 680 3162 adiuverint').

282 3177 296 3199 ἕ
314 3173 450 3209 Ennius
469 3171 632 3220 (Thyestes
650 3174 663 3208 ?
682 3170 832 3215 Vahlen,
851 3170 930 3219 404)
951 3171 990 3207 in
1008 3171 1148 3214 Cicero,
1166 3171 1220 3207 De
1236 3168 1293 3217 off.
1313 3169 1470 3213 I,viii,26.
