2118 3444
133 165 363 199 PRIVATE
389 163 617 198 LETTERS
1846 157 1932 198 135

1001 306 1078 348 162

544 378 623 417 ΤΟ
646 378 841 417 CARLO
864 378 1213 416 BARBAVARA
1234 379 1299 416 IN
1318 379 1526 416 MILAN²

864 448 886 484 7
906 446 1080 496 August
1105 447 1209 484 1482

214 542 299 586 Mo,
318 538 403 579 fols.
420 541 598 579 32v-33r.
616 537 729 578 Draft
747 537 799 589 by
816 537 943 578 Scribe
957 540 1007 585 A,
1026 536 1178 578 headed:
1200 537 1356 578 ‘Carulo
1375 537 1605 578 Barbavarae
1618 537 1853 578 Mediolani.’

215 594 284 635 Ed.
304 595 447 642 lanati,
470 597 553 634 218.
575 593 638 633 Cf.
655 592 768 641 Scala,
790 596 856 632 211
879 596 992 642 [143]-

131 699 469 746 Commentaria
494 697 814 745 Sfortianarum
843 692 1022 754 rerum,b
1050 715 1159 758 quae
1185 697 1239 745 ad
1263 715 1333 744 me
1358 697 1480 745 dono
1507 698 1674 754 misisti,
1704 697 1938 745 mirificam

131 767 373 814 attulerunt
398 766 687 826 voluptatem.
715 766 884 826 Scripta
907 766 1025 812 enim
1052 765 1259 812 videntur
1285 767 1515 826 (quantum
1542 765 1607 812 his
1632 765 1834 812 lectionis
1858 767 1942 826 pri-

131 834 314 881 mordiis
337 852 434 881 sum
459 834 636 894 ingenio
658 834 888 893 assecutus)
916 851 1008 880 non
1030 851 1130 880 vere
1152 833 1303 889 modo,
1328 833 1450 894 quod
1471 834 1517 879 in
1540 833 1721 880 historia
1741 834 1938 894 primum

130 917 208 959 est,
230 902 307 950 sed
329 902 496 958 Latine,
517 901 594 949 sed
615 901 846 962 eleganter;
869 901 1066 958 doctum,
1091 901 1307 958 videlicet,
1328 916 1553 949 auctorem
1575 901 1847 962 profitentur
1870 901 1942 949 illa

130 970 310 1032 quidem
332 984 462 1031 atque
483 970 684 1030 inprimis
708 969 976 1030 diligentem,
999 984 1047 1017 ut
1066 984 1173 1030 puta
1194 970 1268 1030 qui
1290 970 1531 1017 minutiora
1552 970 1684 1017 etiam
1707 988 1937 1031 quaecum-

129 1057 214 1100 que
235 1038 574 1099 haudquaquam
595 1037 831 1098 neglexerit
849 1038 1015 1085 maiora
1033 1056 1140 1085 vero
1158 1053 1285 1085 tanto
1302 1037 1456 1085 ordine
1475 1052 1688 1099 tantoque
1708 1053 1868 1086 ornatu
1885 1039 1940 1086 sit

127 1105 416 1168 prosecutus.l
447 1111 606 1167 Legere
630 1106 739 1152 mihi
764 1107 879 1153 visus
903 1124 1000 1154 sum
1025 1106 1092 1153 vel
1119 1124 1265 1154 rerum
1290 1106 1358 1154 vel
1382 1109 1562 1154 Ducum
1587 1106 1655 1154 vel
1679 1106 1767 1154 stili
1791 1107 1939 1154 simili-

129 1175 282 1223 tudine
302 1176 499 1222 Caesaris
515 1174 686 1222 libros.c
703 1174 944 1235 Diligentia
961 1189 1077 1222 certe
1096 1193 1150 1222 ne
1169 1176 1349 1222 Graecis
1367 1175 1546 1236 quidem
1565 1175 1717 1222 cedere
1734 1175 1942 1223 videntur

127 1243 428 1304 scriptoribus.
467 1247 650 1303 Magnas
683 1242 887 1304 profecto
919 1244 1074 1303 gratias
1110 1243 1171 1289 illi
1205 1261 1359 1290 omnes
1394 1243 1617 1300 debemus,
1654 1245 1729 1304 qui
1762 1258 1937 1291 tantum

129 1327 308 1372 tamque
332 1311 530 1367 feliciter,
552 1326 600 1358 ut
624 1312 684 1358 ita
705 1311 904 1367 dixerim,
930 1312 975 1357 in
999 1309 1255 1358 commune²
1279 1311 1508 1368 laboravit,
1533 1311 1614 1358 tibi
1636 1330 1717 1372 ego
1738 1330 1935 1359 seorsum

129 1397 262 1440 quam
286 1380 496 1439 ingentes,
520 1379 595 1439 qui
619 1397 711 1426 non
734 1397 777 1426 es
796 1397 943 1440 passus
968 1379 1197 1426 excellenti
1218 1380 1302 1426 isto
1326 1397 1507 1426 munere
1530 1379 1585 1426 ad
1605 1397 1676 1427 me
1698 1394 1778 1427 tuo
1799 1380 1937 1427 Simo-

129 1463 255 1495 netae
290 1445 542 1503 beneficio,³
580 1447 701 1508 quod
738 1448 783 1493 in
821 1447 1054 1494 hominum
1094 1465 1228 1508 genus
1263 1446 1471 1495 contulit⁴
1508 1449 1567 1495 ita
1598 1447 1833 1495 scribendo
1869 1448 1938 1495 vel

130 1516 388 1571 maximum,
414 1533 558 1562 carere
580 1533 650 1562 me
672 1515 847 1563 diutius.
870 1515 990 1563 Vale.
1014 1516 1100 1563 Die
1121 1517 1181 1562 vii
1202 1517 1389 1576 Augusti
1417 1521 1534 1563 1482.

998 1657 1074 1699 163

360 1727 808 1766 TO'BONGIANNI
830 1727 1271 1767 GIANFIGLIAZZI
1293 1729 1377 1775 [IN
1397 1729 1703 1776 FERRARA]a

774 1794 905 1843 [after
927 1799 950 1834 7
970 1797 1144 1847 August
1168 1798 1292 1844 1482]

210 1891 295 1936 Mo,
314 1887 381 1928 fol.
399 1891 528 1928 33r-v.
546 1888 778 1941 Incomplete
798 1888 896 1929 draft
914 1888 966 1941 by
983 1888 1109 1929 Scribe
1125 1891 1175 1937 A,
1193 1889 1346 1930 headed:
1368 1890 1555 1930 ‘Domino
1574 1890 1788 1942 Bongianni
1806 1889 1852 1930 de

212 1943 485 1985 Gianfssiaziis.’

126 2047 365 2108 Magnifice
384 2066 528 2108 eques,
543 2063 669 2109 pater
684 2063 726 2095 et
741 2048 998 2096 benefactor
1013 2050 1086 2096 mi.
1106 2053 1154 2096 Io
1170 2049 1289 2110 piglo
1306 2067 1477 2110 sempre
1497 2049 1565 2096 del
1581 2065 1734 2097 vostro
1751 2051 1938 2097 scrivere

126 2116 416 2176 grandissimo
435 2117 621 2177 piacere‚
641 2131 683 2163 et
701 2134 787 2163 con
806 2131 958 2164 vostro
979 2118 1188 2164 acconcio
1206 2135 1376 2178 sempre
1398 2117 1597 2165 desidero
1616 2118 1799 2179 qualche
1819 2136 1939 2165 occa·

125 2185 249 2231 sione
270 2184 314 2231 di
330 2199 485 2245 potere
503 2184 696 2231 satisfare
713 2203 737 2231 a
755 2185 937 2245 qualche
956 2186 1048 2232 mio
1068 2185 1217 2246 obligo
1237 2186 1411 2233 inverso
1430 2185 1470 2233 la
1486 2201 1634 2233 vostra
1651 2185 1938 2247 Magnificen-

126 2253 200 2308 tia,
220 2252 275 2299 da
290 2252 361 2299 chi
380 2252 440 2299 ho
459 2253 643 2299 ricevuti
661 2267 703 2299 et
718 2271 847 2313 spero
868 2254 1056 2300 ricevere
1074 2253 1238 2301 infiniti
1256 2253 1472 2301 beneficii.
1493 2258 1542 2301 Io
1560 2254 1619 2301 ho
1635 2272 1766 2315 preso
1785 2254 1938 2315 dispia-

127 2338 223 2367 cere
244 2320 313 2367 del
337 2320 448 2367 male
471 2320 515 2367 di
536 2315 847 2377 Thommaso,b
871 2336 913 2368 et
932 2322 1088 2382 parmi,
1112 2340 1238 2369 come
1259 2323 1484 2369 savissimo
1509 2322 1678 2369 huomo
1701 2322 1770 2369 ch'
1794 2322 1876 2383 egli
1898 2322 1934 2378 ὲ,

128 2387 260 2435 habbi
278 2406 409 2449 preso
427 2388 581 2435 buono
599 2389 765 2449 partito
784 2389 896 2436 della
910 2389 1098 2446 licentia;
1117 2404 1159 2437 et
1177 2391 1252 2451 qui
1269 2389 1291 2437 ὲ
1309 2404 1420 2437 stata
1434 2405 1704 2451 gratamente
1721 2390 1936 2438 concedu-

126 2470 183 2512 ta,
201 2456 363 2517 perche
382 2456 403 2504 ὲ
422 2457 637 2504 cittadino
654 2457 709 2504 da
723 2457 893 2504 volerlo
913 2476 1182 2505 conservare.
1201 2463 1312 2506 Non
1330 2473 1458 2506 sento
1476 2458 1565 2506 fare
1579 2460 1784 2520 pensiero
1804 2477 1828 2506 a
1842 2477 1937 2520 per-

124 2542 234 2571 sona
254 2524 298 2571 di
318 2525 547 2572 mandarvi
566 2526 611 2571 in
632 2543 790 2586 campo
810 2544 853 2572 se
873 2544 965 2572 non
985 2525 1007 2573 ὲ
1027 2544 1153 2573 come
1172 2527 1245 2573 voi
1265 2528 1385 2574 stessi
1405 2541 1580 2574 vorrete
1598 2527 1781 2588 qualche
1800 2527 1922 2574 volta

206 2786 219 2800 ²
244 2782 353 2820 Cado
380 2783 577 2820 Barbavara
597 2797 668 2821 was
693 2783 886 2832 employed
911 2785 950 2821 in
971 2784 1033 2822 the
1056 2796 1167 2822 secret
1191 2784 1367 2833 chancery
1391 2786 1430 2822 in
1453 2784 1570 2822 Milan
1592 2784 1708 2822 under
1731 2784 1937 2823 Cristoforo

127 2834 336 2882 Cambiago,
359 2836 570 2879 C.Santoro‚
591 2835 652 2873 Gli
669 2835 765 2883 uffici
780 2835 838 2873 del
850 2835 1009 2874 dominio
1026 2836 1199 2884 Sforzesco,
1222 2840 1434 2880 1450-1500,
1450 2836 1577 2880 Milan,
1598 2840 1696 2880 1948,
1717 2840 1771 2874 56.

205 2885 222 2910 ¹³
236 2893 423 2931 Giovanni
433 2894 643 2938 Simonetta,
655 2895 787 2932 Rerum
795 2905 966 2942 gestarum
980 2897 1146 2933 Francisci
1156 2894 1298 2943 Sfhrtiae
1310 2926 1317 2933 .
1331 2926 1338 2933 .
1354 2926 1361 2933 .
1378 2898 1631 2939 commentarii,
1645 2895 1699 2933 ed.
1715 2897 1935 2939 G.Soranzo,

124 2947 255 2982 Rerum
275 2945 470 2983 italicarum
487 2949 670 2994 scriptum,
690 2947 751 2983 xxi
767 2946 829 2994 (ii),
850 2946 1020 2995 Bologna,
1042 2950 1139 2990 19343
1157 2961 1214 2985 see
1233 2961 1319 2985 now
1338 2948 1474 2985 Ianziti.

206 3007 220 3021 ⁶
239 3005 496 3042 commentarii
511 3004 555 3042 de
572 3004 658 3042 bello
671 3004 794 3053 gallico
811 3005 882 3043 and
898 3007 953 3043 De
969 3005 1055 3043 bello
1072 3005 1177 3043 civili.

206 3065 219 3080 ²
238 3060 287 3098 Cf
302 3060 408 3099 letter
426 3065 501 3105 152,
519 3073 607 3099 note
624 3061 667 3109 a).

206 3113 222 3138 ¹²
240 3121 435 3157 Tommaso
457 3119 604 3163 Ridolfi‚
621 3134 678 3158 see
695 3119 801 3158 letter
818 3124 892 3164 152,
911 3133 998 3158 note
1015 3120 1065 3169 h).
1084 3123 1149 3158 On
1166 3124 1209 3159 28
1224 3121 1307 3169 July
1325 3121 1380 3159 his
1397 3122 1631 3159 comm'mion
1650 3121 1758 3170 ‘apud
1776 3121 1932 3159 Illmum.

126 3172 268 3209 Ducem
284 3202 290 3209 .
308 3203 315 3208 .
331 3203 338 3209 .
354 3171 501 3209 Urbini‘
518 3185 589 3210 was
608 3172 813 3220 prorogued
832 3175 954 3221 ‘usque
972 3172 1016 3210 ad
1034 3174 1325 3217 revocationem,’
1345 3171 1430 3217 LC²‚
1447 3173 1511 3211 fol.
1529 3177 1609 3211 43v.
