2118 3444
199 160 292 201 290
1811 170 1948 203 PART
1973 171 2005 203 v

201 303 522 351 consolandum
561 318 771 364 quantam
809 303 1101 351 humanarum
1140 322 1285 352 rerum
1322 305 1654 366 contemplatio,
1691 324 1800 367 quae
1836 306 2010 354 efficere

200 373 347 429 etiam,
374 371 512 419 modo
539 386 656 419 recta
679 372 792 419 ratio
817 390 909 419 non
934 371 1057 429 desit,
1081 387 1226 433 potest
1251 387 1298 420 ut
1324 391 1431 434 quae
1457 372 1594 421 ferme
1619 391 1773 422 omnes
1798 389 2008 436 tanquam

200 455 396 488 extrema
420 440 639 487 malorum
666 439 870 501 fugienda
892 455 1064 501 putant,
1091 442 1262 501 apertis,
1286 455 1333 488 ut
1358 442 1417 489 ita
1440 441 1596 498 dicam,
1622 442 1758 490 oculis
1782 457 1823 490 et
1847 444 2006 491 amotis

200 527 401 556 errorum
436 508 594 570 quibus
629 509 774 556 omnis
809 508 1000 556 humana
1032 510 1122 556 vita
1152 508 1327 557 ducitur
1357 510 1561 567 tenebris,
1593 510 1797 558 sectanda
1827 511 2007 560 fortasse

197 578 346 638 potius
367 595 499 638 quam
517 577 722 637 fugienda
738 577 909 624 valeant
927 577 1182 625 discernere.
1202 581 1507 639 Paupertatem
1523 578 1637 635 dico,
1656 579 1850 636 morbos,
1872 580 2008 627 abiec-

199 646 384 701 tionem,
408 645 611 706 repulsas,
636 645 933 705 relegationes,
955 645 1094 702 exilia,
1116 646 1337 702 orbitates,
1359 661 1564 703 mortem,
1588 662 1629 694 et
1649 665 1757 707 quae
1777 662 1878 694 sunt
1901 649 2006 695 eius-

199 713 300 760 dem
321 714 503 773 generis,
526 731 635 773 quae
653 713 864 773 plerique,
887 728 934 760 ut
956 713 1166 770 devitent,
1184 714 1376 774 pericula
1395 715 1526 761 etiam
1548 732 1831 775 quaecunque
1850 730 2008 776 putant

199 799 286 828 esse
306 781 544 828 subeunda.
568 781 651 827 Sed
669 780 913 841 plerunque
935 781 1135 828 aberrant
1155 782 1350 828 mortalis
1371 781 1423 829 de
1444 800 1566 829 more
1588 782 1868 830 infirmitatis.
1893 784 2007 842 Quis

199 849 318 896 enim
340 866 432 895 non
452 848 572 895 videt
591 848 763 895 divitias
780 866 1096 909 saepenumero
1117 849 1305 896 obfuisse
1328 849 1628 910 compluribus
1651 864 1692 897 et
1711 850 1768 897 ob
1789 868 1857 898 eas
1875 852 2007 898 etiam

199 916 311 964 male
325 917 526 964 amissam
540 917 677 964 vitam
693 917 942 977 ?—quanvis
957 916 1079 964 soleo
1093 917 1344 964 divitiarum
1358 917 1643 965 incommoda
1659 918 2009 980 detrimentaque

199 984 480 1032 considerans
502 984 645 1032 multo
666 984 738 1031 illa
758 986 924 1032 maiora
946 986 1190 1032 existimare
1211 985 1331 1045 quod
1353 987 1511 1033 inertes
1530 1000 1658 1046 atque
1679 984 1880 1033 otiosos³²
1901 986 2008 1034 sole-

199 1067 273 1100 ant
299 1052 475 1099 efficere
501 1070 650 1099 earum
673 1070 953 1113 possessores,
985 1067 1026 1099 et
1050 1054 1252 1100 omnium
1282 1071 1490 1113 generum
1515 1053 1769 1101 libidinibus
1799 1055 2006 1101 intentos.

200 1124 288 1168 ‘Est
314 1121 433 1168 enirn
458 1120 693 1168 hominum
719 1139 852 1181 genus
876 1139 899 1168 a
919 1120 1067 1168 labore
1090 1121 1285 1182 proclive
1309 1121 1363 1169 ad
1382 1121 1640 1178 libidinem,'
1665 1136 1713 1169 ut
1736 1123 1794 1169 ait
1814 1123 2010 1170 Terenti·
2067 1161 2073 1165 ,

197 1197 297 1237 usgg
319 1190 413 1249 Qui
434 1190 566 1250 igitur
585 1189 775 1237 affluunt
796 1189 957 1237 divitiis
975 1204 1208 1237 sectatores
1227 1189 1373 1237 effecti
1387 1204 1571 1251 propter
1590 1191 1732 1238 otium
1752 1190 2005 1252 voluptatis,

199 1259 431 1305 minimam
449 1258 624 1305 virtutis
640 1272 769 1319 atque
785 1258 1024 1305 honestatis
1040 1276 1189 1305 curam
1206 1258 1470 1306 retinebunt.
1490 1263 1553 1306 Ita
1566 1258 1616 1306 fit
1633 1273 1681 1306 ut
1696 1259 1814 1306 bona
1831 1277 2007 1320 quoque

198 1327 335 1374 animi
351 1341 537 1387 propter
555 1326 727 1374 divitias
746 1327 1018 1383 amittantur,
1038 1326 1229 1374 Chilone
1250 1328 1381 1375 etiam
1401 1342 1522 1384 teste,
1540 1328 1615 1388 qui
1633 1328 1778 1375 asserit
1797 1328 2009 1375 virtutem

197 1395 326 1442 simul
353 1410 394 1442 et
416 1395 589 1442 divitias
611 1413 698 1442 esse
720 1413 811 1442 non
833 1413 973 1456 posse;
999 1410 1040 1442 et
1060 1396 1282 1456 Diogenes
1304 1395 1373 1443 ille
1396 1397 1512 1443 canis
1534 1397 1712 1443 Graecis
1733 1396 1924 1443 scribens
1946 1397 2007 1444 sic

199 1464 355 1524 inquit:
377 1467 433 1510 ‘et
452 1463 695 1523 indigentes
709 1463 953 1540 plerunque
973 1463 1148 1540 adspexi
1166 1464 1223 1511 ob
1240 1478 1543 1525 paupertatem
1560 1482 1687 1511 sanos
1705 1482 1806 1520 esse,
1827 1464 2006 1525 opulen—

198 1546 267 1578 tos
291 1546 438 1578 autem
461 1531 518 1578 ob
544 1532 689 1578 miseri
711 1532 876 1578 ventris
898 1532 1266 1579 incontinentiam
1292 1533 1477 1579 insanos.
1485 1526 1538 1557 >hh
1562 1535 1665 1591 Qua
1687 1532 1866 1592 quidem
1889 1532 2008 1579 nulla

199 1600 342 1647 maior
360 1600 597 1660 excogitari
615 1600 779 1647 iactura
794 1614 954 1660 potest,
973 1601 1008 1647 si
1028 1599 1206 1660 quidem
1225 1601 1356 1647 etiam
1375 1600 1426 1647 ab
1445 1599 1615 1647 futurae
1634 1601 1748 1647 vitae
1764 1600 1929 1661 gaudiis
1949 1600 2007 1648 ob

199 1667 371 1715 divitias
391 1667 696 1715 excluduntur.
718 1672 829 1715 Non
850 1669 968 1715 enim
989 1669 1140 1715 inscite
1159 1669 1370 1729 scriptum
1392 1683 1453 1716 est
1472 1687 1495 1716 a
1512 1669 1640 1716 sacris
1659 1668 1910 1716 auctoribus
1931 1668 2010 1716 dif-

199 1736 394 1783 ficillime
425 1737 611 1783 civitatis
636 1751 835 1783 aeternae
858 1751 1008 1797 portas
1036 1736 1243 1784 divitibus
1272 1732 1485 1784 reserari.ii
1510 1737 1626 1783 Mihi
1653 1737 1846 1797 quidem,
1875 1755 2007 1798 quem

199 1805 339 1851 nostri
373 1804 575 1851 homines
611 1804 773 1851 divitiis
806 1804 1025 1851 abundare
1055 1819 1335 1865 putaverunt,
1370 1804 1513 1852 multo
1543 1804 1669 1865 plura
1700 1819 1801 1852 sunt
1834 1823 2008 1865 semper

198 1872 487 1920 incommoda
521 1890 653 1933 quam
688 1872 896 1920 utilitates
926 1891 1006 1933 per
1037 1872 1208 1920 divitias
1242 1874 1491 1934 importata,
1526 1887 1573 1920 ut
1606 1873 1698 1920 sine
1732 1872 2008 1920 dubitatione

198 1941 342 2002 aliqua
359 1940 543 1988 audeam
561 1940 782 1988 affirmare
798 1941 1040 2002 quibusque
1060 1956 1363 2002 paupertatem
1380 1941 1542 1989 divitiis
1560 1941 1888 1989 anteferendam
1904 1959 2005 1989 esse.

198 2013 331 2057 Caret
354 2010 472 2056 enim
497 2009 661 2057 invidia
680 2024 925 2070 paupertas,
950 2028 1058 2071 quae
1081 2028 1181 2057 cum
1205 2011 1357 2057 ceteris
1378 2010 1583 2057 omnibus
1609 2011 1655 2056 in
1679 2010 1819 2067 rebus,
1842 2024 1939 2057 turn
1962 2011 2009 2056 in

198 2078 652 2125 administrationibus
677 2079 905 2126 civitatum
929 2096 1104 2139 magnas
1128 2078 1257 2126 habet
1279 2079 1404 2135 vires,
1427 2093 1475 2126 ut
1499 2079 1630 2126 etiam
1652 2078 1780 2126 bonis
1802 2096 2007 2140 saepenu-

198 2165 323 2193 mero
344 2146 632 2194 vehementer
650 2162 820 2203 noceat,
842 2162 883 2194 et
901 2148 1244 2208 proscriptiones
1268 2162 1309 2194 et
1329 2147 1468 2203 exilia,
1490 2146 1582 2194 dira
1602 2165 1777 2208 quoque
1800 2165 2003 2194 nonnun-

198 2233 330 2275 quam
349 2215 561 2275 supplicia
581 2229 622 2262 et
642 2215 755 2262 mala
774 2215 1084 2275 indignissima,
1109 2216 1183 2275 qui
1199 2230 1299 2262 sunt
1321 2215 1373 2262 de
1390 2216 1530 2276 patria
1547 2216 1714 2276 optime
1736 2216 1895 2271 meriti,
1913 2216 2005 2276 pati

198 2282 250 2329 ab
278 2282 442 2329 invidia
468 2282 803 2343 compellantur.
832 2287 992 2343 Neque
1018 2301 1124 2330 vero
1148 2298 1330 2343 possunt
1360 2283 1525 2343 aliquae
1552 2301 1656 2343 opes
1682 2282 1750 2330 vel
1777 2283 1912 2330 animi
1938 2282 2006 2330 vel

198 2351 396 2411 corporis
418 2350 583 2397 mederi
601 2351 780 2407 morbis,
802 2352 941 2397 immo
959 2369 1065 2397 vero
1082 2352 1278 2398 animum
1296 2351 1538 2411 plerunque
1557 2365 1784 2411 aegrotum
1803 2350 2005 2398 reddunt.

198 2419 393 2479 Corpori
417 2433 564 2465 autem
585 2433 801 2479 quantum
821 2419 1025 2479 prodesse
1045 2419 1212 2479 possint
1237 2418 1562 2479 elegantissimis
1583 2418 1777 2465 versibus
1800 2419 2007 2479 expressit

198 2487 424 2533 Lucretius
451 2487 496 2532 in
525 2486 589 2533 his
614 2486 734 2533 libris
762 2504 871 2546 quos
896 2490 962 2533 De
987 2491 1153 2533 Natura
1175 2490 1336 2533 Rerum
1362 2482 1564 2547 scripsit,jj
1594 2504 1762 2546 magna,
1790 2500 2006 2546 quantum

198 2572 278 2614 ego
301 2553 512 2614 intelligo,
537 2555 664 2614 copia
686 2554 982 2614 dignitateque
1002 2568 1281 2614 praestantes:

278 2955 307 2977 se
320 2952 350 2986 A
411 2982 417 2987 .
544 2973 565 2977 -
616 2982 622 2988 .

278 3001 313 3026 Μ’
335 2950 408 3046 Cifd
419 2953 772 3057 (iiiefig,5'i*usc.Di5p.
799 3009 1013 3053 III‚xxiii,56.
1035 3009 1213 3057 Diogenes
1237 3022 1307 3046 was
1330 3007 1441 3046 called
1461 3022 1480 3046 a
1500 3007 1570 3056 dog
1592 3008 1640 3056 by
1664 3007 1775 3052 Plato,
1797 3008 2005 3055 Diog.Laer.

204 3064 445 3176 V²W{›AEgfi:
467 3122 576 3163 19:24;
597 3118 705 3157 Mark
725 3122 834 3163 10:253
856 3117 955 3156 Luke
975 3122 1085 3156 18:25.

278 3181 294 3203 ¹¹
310 3178 365 3214 De
382 3186 516 3214 rennat.
539 3179 706 3220 11,34-36.
