2118 3444
140 179 322 213 ESSAYS
1843 166 1933 207 253

141 316 399 363 riosissimos
429 314 708 361 infinitorum
737 310 860 360 fere⁵³
885 312 1116 360 hominum
1146 327 1327 359 conatus
1353 312 1498 359 irritos
1521 311 1699 358 tandem
1726 329 1840 358 nova
1864 311 1943 358 hac

138 382 433 444 philosophia,
461 399 592 442 quarn
615 381 911 428 Christianam
934 395 1108 436 vocant,
1131 379 1268 427 factos
1290 379 1416 426 fuisse
1442 378 1720 426 manifestum
1745 394 1820 426 est.

223 455 390 498 Verum
413 450 518 497 haec
533 450 762 510 posterius.
786 453 921 495 Nunc
941 447 1056 495 unde
1078 447 1308 495 habuerint
1331 448 1505 494 initium
1525 462 1679 503 sectae,
1699 461 1740 494 et
1759 465 1868 508 quae
1890 465 1941 494 ex

140 518 288 566 multis
309 517 547 565 nobiliores
569 516 730 564 fuerint
752 516 987 564 dicendum
1006 516 1207 563 breviter.
1229 515 1353 563 Plato
1373 516 1503 576 igitur
1522 514 1815 571 Atheniensis,
1838 512 1939 561 vit-⁵⁴

137 604 315 634 summo
343 586 520 646 ingenio
547 599 676 646 atque
701 585 951 645 eloquentia
974 583 1191 644 singulari,
1221 581 1359 630 cum⁵⁵
1386 601 1434 630 ea
1458 601 1567 643 quae
1593 580 1860 630 audivisset⁵⁶
1888 583 1940 630 ab

136 668 421 715 praeceptore
441 656 631 708 Socrate,
652 653 727 713 qui
746 653 914 713 primus
937 651 989 698 de
1009 651 1136 698 bonis
1159 648 1407 711 malisque⁵⁷
1429 651 1556 697 rebus
1579 651 1623 696 in
1644 651 1734 697 vita
1754 650 1940 711 disputa-

137 723 215 777 vit,
253 720 374 782 quod
411 721 674 767 existimavit
710 717 922 766 naturae⁵⁸
959 734 1031 766 aut
1068 718 1252 766 deorum
1287 718 1539 779 perplexam
1577 736 1677 765 sane
1714 732 1756 765 et
1791 718 1940 765 multis

138 788 384 836 involutam
410 788 530 849 quasi
556 787 724 834 nebulis
750 787 1049 847 quaestionem
1077 786 1184 832 nihil
1209 785 1408 833 conferre
1434 785 1487 833 ad
1509 785 1750 846 degendam
1774 786 1941 842 vitam,e

138 871 180 904 et
208 856 357 903 multis
386 856 621 916 scripsisset
652 855 772 902 libris
803 869 844 902 et
873 852 1018 901 alios⁵⁹
1048 855 1093 900 in
1122 854 1373 910 Academia,
1404 855 1535 914 ipsius
1566 854 1808 914 gymnasio,
1843 853 1942 901 edo-

138 925 307 980 cuisset,
350 923 523 984 reliquit
562 922 742 970 tandem
780 920 1123 983 Speusippum,⁶⁰
1162 937 1371 983 nepotem
1412 940 1464 969 ex
1501 919 1700 978 sorore,‘'l
1743 922 1818 982 qui
1856 921 1938 969 sibi

139 989 438 1040 hereditario⁶²
472 991 665 1052 quodam
700 991 790 1038 iure
825 991 869 1037 in
903 990 1141 1037 Academia
1170 991 1385 1046 successit,
1420 988 1496 1037 et⁶³
1531 989 1831 1046 Aristotelem,
1865 990 1940 1051 qui

136 1058 368 1108 seorsum⁶⁴
398 1060 582 1120 Lycium
607 1059 688 1106 sibi
714 1059 989 1119 gymnasium
1019 1058 1190 1119 delegit,
1217 1059 1262 1105 in
1287 1076 1377 1119 quo
1403 1058 1727 1105 deambulando
1754 1058 1940 1119 disputa-

138 1143 215 1175 ret.
234 1129 328 1187 Qui
346 1145 450 1203 ergo
466 1127 751 1174 Aristotelem
770 1128 906 1174 secuti
920 1142 1021 1174 sunt
1040 1127 1092 1173 ab
1111 1126 1419 1174 deambulandi
1437 1126 1752 1174 consuetudine
1772 1127 1940 1203 Peripa

136 1196 271 1252 tetici,
290 1196 365 1257 qui
383 1213 490 1243 vero
508 1196 554 1242 in
574 1194 813 1243 Academia
830 1213 930 1242 cum
949 1195 1205 1256 Speusippo,
1228 1194 1336 1241 nihil
1357 1213 1409 1242 ex
1428 1194 1657 1242 Platonico
1675 1195 1940 1256 praecipien-

136 1262 216 1312 di⁶⁵
238 1279 280 1311 et
302 1263 552 1324 disputandi
575 1281 698 1310 more
722 1261 1048 1319 commutato‚⁶⁶
1073 1261 1286 1310 fuerunt⁶⁷
1307 1263 1561 1310 Academici
1583 1264 1836 1324 nuncupati.

220 1336 287 1378 En
313 1331 443 1379 habes
471 1332 646 1378 initium
671 1346 887 1378 sectarum
911 1346 953 1378 et
977 1332 1097 1391 quasi
1122 1331 1491 1392 philosophorum
1523 1331 1742 1391 quandam
1766 1331 1939 1378 seditio-

137 1397 288 1456 nem⁶⁸‚
328 1417 579 1460 quanquam
616 1399 712 1446 solo
751 1399 867 1446 inter
899 1417 942 1446 se
980 1397 1197 1446 nomine⁶⁹
1234 1398 1486 1446 differentes
1521 1399 1672 1446 eadem
1706 1400 1935 1460 principia,

136 1467 325 1515 eundem
344 1485 490 1515 rerum
510 1466 682 1514 fontem
699 1467 987 1514 sectabantur.
1007 1467 1226 1514 Aberrant
1245 1468 1363 1514 enim
1382 1468 1456 1528 qui
1471 1482 1629 1528 putant
1647 1482 1814 1514 veteres
1830 1471 1938 1514 Aca-

136 1536 330 1583 demicos
369 1536 443 1595 (sic
479 1536 597 1582 enim
634 1535 740 1582 dicti
773 1550 874 1582 sunt
909 1550 1093 1596 propter
1129 1553 1282 1591 novos,
1320 1535 1373 1582 de
1409 1535 1565 1596 quibus
1603 1535 1772 1582 dicetur
1803 1535 1938 1596 paulo

134 1618 234 1665 post
254 1601 288 1628 ⁷⁰
321 1603 421 1650 ideo
454 1603 631 1650 differre
661 1621 684 1650 a
714 1604 1010 1664 Peripateticis
1039 1603 1160 1664 quod
1191 1603 1252 1649 illi
1284 1604 1514 1664 antiquum
1546 1604 1733 1651 Socratis
1764 1621 1935 1650 morem

135 1671 342 1719 omnibus
373 1672 419 1718 in
445 1671 572 1719 rebus
600 1671 858 1719 continendi
885 1672 1177 1719 assensionem
1206 1672 1459 1728 tenuissent,
1487 1669 1625 1733 quod⁷
1630 1670 1640 1696 ¹
1671 1672 1857 1719 inveniri
1885 1672 1937 1719 ab

136 1740 390 1787 hominibus
422 1737 612 1787 verum⁷²
642 1758 768 1801 posse
802 1758 894 1787 non
922 1738 1162 1801 putarent37
1164 1738 1177 1764 ³
1211 1754 1365 1787 contra
1393 1738 1534 1787 vero⁷⁴
1567 1738 1646 1786 hi⁷⁵
1679 1740 1804 1788 aliter
1831 1740 1937 1787 iudi-

134 1806 300 1855 cantes⁷
300 1806 316 1832 ⁶
348 1822 389 1855 et
419 1809 731 1855 assentirentur
760 1807 851 1855 aliis
882 1823 924 1855 et
954 1809 1034 1869 ipsi
1066 1808 1187 1869 quod
1217 1808 1410 1855 dicerent
1438 1826 1522 1869 pro
1553 1823 1675 1855 certo
1705 1808 1937 1856 confirma-

134 1874 283 1923 rent.77
310 1876 432 1923 Illam
459 1877 577 1923 enim
603 1877 869 1923 Socraticam
896 1874 1252 1923 dubitationem⁷⁸
1281 1876 1334 1923 de
1361 1877 1566 1924 omnibus
1596 1877 1723 1924 rebus
1751 1891 1793 1924 et
1819 1877 1937 1924 nulla

133 1943 430 1991 affirmatione
452 1943 647 1991 adhibita
665 1944 1028 1991 consuetudinem
1052 1944 1301 2001 disserendi,
1323 1959 1371 1992 ut
1392 1945 1450 1992 ait
1468 1939 1658 2001 Cicero,f
1675 1946 1754 1992 etsi
1775 1946 1937 1992 imitari

132 2011 308 2059 videtur
326 2011 451 2059 Plato
472 2013 517 2058 in
537 2013 623 2060 suis
646 2012 766 2060 libris
786 2027 834 2060 ut
854 2016 1077 2060 Socratem
1098 2011 1258 2060 verius7
1258 2011 1274 2038 ⁹
1297 2011 1562 2074 exprimat,⁸⁰
1583 2032 1714 2074 quem
1737 2013 1936 2075 frequen-

132 2081 295 2127 tissime
317 2080 484 2127 inducit
506 2080 816 2141 disputantem,
838 2082 912 2141 qui
932 2099 956 2128 a
974 2081 1154 2128 Platone
1173 2079 1358 2142 posteassl
1381 2096 1628 2138 manarunt,
1651 2082 1934 2142 reliquerunt.

133 2152 197 2194 Ita
210 2147 323 2194 facta
338 2162 400 2194 est
417 2147 668 2204 disserendi,
688 2148 809 2209 quod
825 2149 1007 2195 minime
1024 2152 1221 2196 Socrates
1235 2149 1464 2209 probabat,
1483 2167 1549 2196 ars
1566 2149 1779 2210 quaedam
1795 2149 1935 2210 philo-

131 2215 310 2276 sophiae
334 2230 375 2263 et
397 2233 543 2263 rerum
567 2215 680 2263 ordo
703 2231 744 2263 et
765 2215 1000 2277 descriptio
1022 2216 1285 2278 disciplinae,
1309 2235 1418 2278 quae
1439 2217 1617 2278 quidem
1637 2218 1785 2278 primo
1810 2216 1935 2265 erat⁸²

132 2283 304 2331 duobus
334 2284 589 2331 nominibus
618 2302 717 2331 una.
746 2284 873 2331 Nihil
904 2285 1022 2332 enim
1051 2286 1166 2332 inter
1191 2286 1500 2346 Peripateticos
1528 2300 1570 2333 et
1597 2285 1715 2333 illam
1743 2301 1937 2333 veterem

132 2351 418 2398 Academiam
436 2351 679 2399 differebat.
697 2352 982 2400 Abundantia
998 2352 1185 2413 quadam
1202 2354 1364 2413 ingenii
1379 2353 1638 2414 praestabat,
1654 2368 1702 2401 ut
1720 2353 1829 2400 mihi
1846 2355 1935 2414 qui-

132 2419 233 2466 dem
249 2419 437 2475 videtur,
454 2420 726 2476 Aristoteles,
743 2420 951 2468 sedidem
968 2420 1066 2468 fons
1084 2439 1229 2468 rerum
1248 2436 1337 2468 erat
1351 2422 1544 2482 utrisque
1563 2436 1604 2469 et
1620 2421 1772 2469 eadem
1788 2440 1934 2469 rerum

132 2487 476 2548 expetendarum
505 2487 896 2549 fugiendarumque
926 2490 1118 2549 partitio.
1150 2489 1254 2536 Solo
1285 2490 1415 2550 igitur
1445 2491 1625 2536 nomine
1659 2489 1937 2546 differebant,

131 2553 286 2615 quod²³³
329 2555 431 2602 hinc
470 2554 770 2616 disputando⁸⁴
810 2556 1119 2613 deambulatio,
1159 2555 1313 2604 illinc⁸⁵
1353 2558 1397 2603 in
1438 2575 1527 2618 quo
1566 2557 1691 2604 Plato
1728 2557 1936 2605 docuerat

130 2622 252 2670 locus
277 2621 486 2670 fecerat.⁸⁶
507 2624 606 2670 Fuit
630 2625 749 2671 enim
773 2625 889 2671 inter
908 2642 982 2671 eos
1006 2643 1151 2672 rerum
1173 2643 1345 2672 summa
1370 2626 1689 2673 convenientia.
1713 2630 1834 2673 Nam
1858 2627 1937 2673 etsi

130 2690 306 2738 videtur
340 2691 600 2739 Aristoteles
637 2706 679 2739 et
716 2690 866 2739 ideas⁸⁷
901 2691 1102 2753 primus⁸⁸
1145 2692 1419 2741 labefactasse
1455 2708 1496 2741 et
1534 2692 1717 2741 multis⁸⁹
1759 2694 1850 2741 aliis
1889 2695 1934 2740 in

130 2757 238 2805 locis
266 2776 289 2806 a
316 2760 523 2819 magistro
551 2759 732 2806 Platone
760 2759 1016 2816 dissensisse,
1047 2760 1151 2807 dicit
1176 2775 1324 2808 tamen
1351 2761 1475 2808 divus
1503 2762 1772 2822 Augustinus
1802 2763 1936 2808 tertio

134 2829 298 2873 Contra
326 2826 600 2874 Academicos
630 2826 798 2874 libro⁹⁰g
834 2828 1158 2888 diligentissime
1192 2843 1320 2889 atque
1352 2830 1596 2876 acutissime
1629 2830 1935 2889 interpretanti

210 3064 222 3078 ⁶
241 3060 383 3103 Cicero,
399 3060 507 3097 Acad.
527 3063 609 3098 Ι.15.

210 3110 322 3155 sarid.
344 3121 464 3156 17—18.

210 3179 225 3201 Β
241 3176 346 3223 Aug.,
369 3177 502 3213 Contra
516 3175 737 3214 Academicos
754 3179 868 3214 11119.
