2124 3458
118 183 301 217 ESSAYs
1826 175 1916 217 395

118 322 240 368 cuius
263 320 502 367 eruditioni
527 337 619 366 non
644 320 893 375 auctoritas,
917 337 1007 366 non
1033 319 1224 366 eruditio
1246 319 1368 366 desit.
1394 322 1606 366 Ceterum
1630 321 1841 380 quoniam
1867 338 1922 367 eo

116 406 291 449 semper
311 387 443 434 fueris
463 388 640 447 ingenio
658 404 835 448 prorsus
855 401 903 434 ut
925 386 1053 434 nullis
1073 405 1267 447 unquam
1290 387 1531 434 rationibus
1551 387 1708 434 adduci
1726 389 1923 448 potueris

117 474 170 503 ex
194 456 280 503 tuis
306 456 542 515 quicquam
566 454 754 515 scriptis⁴
780 455 825 500 in
850 454 993 501 lucem
1018 454 1221 514 proferri,
1247 454 1431 502 donabis
1458 454 1543 501 hoc
1568 455 1747 502 tandem
1772 473 1856 515 pro
1882 473 1926 502 re

118 524 209 584 ipsa
230 523 372 570 amori
393 522 547 569 saltem
570 536 737 578 nostro,
764 521 848 569 hoc
870 522 1049 569 Crinito
1069 536 1162 578 tuo,
1186 523 1384 582 quamvis
1407 540 1487 569 nec
1508 522 1617 568 mihi
1640 537 1829 578 tantum,
1851 522 1927 569 sed

117 591 324 651 tempori,
343 590 420 637 sed
437 591 586 637 amicis
606 589 826 645 omnibus,
846 589 922 636 sed
938 591 1117 650 patriae,
1135 604 1183 637 ut
1200 590 1376 650 patiaris
1394 604 1436 637 te
1453 589 1628 637 deflecti
1646 591 1854 651 quasique
1871 590 1924 637 de

116 658 252 719 gradu
283 659 368 705 isto
402 657 525 705 deici.
558 657 711 713 Effice,
744 658 927 704 obsecro
958 672 1001 704 te
1029 657 1150 704 Scala
1176 658 1440 714 suavissime,
1476 657 1617 713 effice,
1647 659 1841 718 inquam.
1876 658 1925 705 Id

117 744 301 787 quoquo
327 725 465 773 modo
490 743 735 781 exoremus,
761 725 882 786 quod
906 740 949 772 et
970 725 1180 773 Trebatio
1203 743 1379 787 quoque
1404 740 1558 773 nostro
1583 723 1766 773 mirum⁵
1789 744 1922 787 quam

115 794 298 855 placeat,
318 811 450 855 quam
471 793 594 841 cordi
611 795 681 850 sit,
702 808 750 841 ut
771 794 846 854 qui
867 793 1146 854 Reipublicae
1168 808 1340 841 nostrae
1361 811 1454 841 non
1474 793 1575 841 dico
1592 793 1825 850 studiosus,
1848 794 1925 841 sed

114 862 244 924 plane
265 863 319 909 sit
339 862 569 923 zelotipus,
593 880 860 923 persuasum,
886 862 1176 923 exploratum,
1200 862 1316 923 apud
1336 862 1500 909 multos
1523 880 1593 909 me
1613 862 1786 923 pridem
1810 863 1926 910 inter

116 946 217 978 tuos
237 945 478 991 receptum,
499 930 656 991 quibus
677 945 725 977 tu
744 930 923 991 quidem
944 948 1170 991 nunquam
1191 930 1368 977 voluisti
1388 931 1623 991 quicquam
1645 930 1923 991 denegatum,

115 1013 364 1059 propterea,
393 998 539 1054 credo,
569 1016 623 1045 ne
652 998 705 1045 de
732 999 824 1045 iure
853 998 1013 1045 amoris
1041 997 1208 1045 violato
1237 999 1283 1044 in
1313 999 1377 1045 ius
1405 1013 1448 1045 te
1474 1013 1683 1045 vocarent
1710 998 1921 1059 litemque

116 1066 233 1127 apud
251 1066 442 1113 iudicem
462 1081 826 1113 contestarentur.
846 1070 899 1113 Et
921 1084 1002 1113 nos
1022 1067 1154 1126 igitur
1172 1081 1367 1113 nostram
1390 1084 1565 1127 quoque
1586 1084 1767 1127 operam
1788 1066 1923 1114 libere

116 1134 171 1181 ad
187 1134 273 1181 hoc
292 1135 486 1181 muneris
504 1135 821 1194 promittimus,
843 1135 1035 1181 curaturi
1052 1152 1157 1180 mox
1176 1135 1222 1180 in
1240 1135 1484 1181 amicorum
1505 1149 1547 1181 et
1561 1135 1725 1194 patriae
1741 1135 1924 1194 gratiam

116 1202 365 1263 apologiam
387 1201 499 1249 hanc
515 1216 638 1249 tuam
655 1201 950 1262 calcographis
969 1201 1275 1258 exhibendam,
1295 1203 1370 1262 qui
1387 1219 1483 1248 eam
1501 1201 1655 1249 formis
1673 1203 1921 1262 exprimant

116 1284 207 1317 tam
232 1284 396 1326 exacte,
418 1284 508 1316 tam
533 1269 765 1330 diligenter
786 1284 835 1316 ut
859 1269 966 1315 nihil
993 1270 1180 1316 omnino
1205 1269 1406 1317 videatur
1426 1269 1479 1316 ab
1503 1269 1737 1330 archetypo
1760 1270 1928 1317 dissent-

117 1332 207 1384 ire.‘¹
228 1342 341 1384 Bene
361 1337 463 1384 vale.
485 1337 621 1384 Pridie
643 1356 744 1384 non.
767 1337 973 1384 Octobris
992 1341 1486 1385 MCCCCLXXXXVI.
1508 1338 1768 1385 Florentiae.

116 1478 229 1521 Rem
252 1473 392 1520 fecisti
415 1489 463 1520 tu
486 1473 680 1534 quidem,
706 1474 766 1520 mi
791 1473 1001 1530 Trebati,¹
1022 1473 1198 1534 dignam
1222 1489 1265 1521 te
1286 1489 1328 1521 et
1350 1489 1425 1521 tua
1448 1474 1719 1521 nobilissima
1745 1473 1923 1530 familia,

116 1543 191 1603 qui
217 1543 413 1589 restitisti
438 1541 615 1589 fortiter
636 1542 958 1589 accusatoribus
984 1543 1144 1589 nostris
1171 1560 1263 1589 non
1289 1541 1514 1589 fortunam
1542 1542 1680 1589 modo
1707 1557 1918 1599 nostram,

115 1628 225 1672 quae
243 1611 388 1658 minus
405 1611 451 1657 in
467 1628 511 1657 se
528 1610 658 1658 habet
673 1611 1021 1671 vituperationis,
1039 1610 1115 1658 sed
1126 1610 1407 1672 prudentiam
1425 1610 1706 1672 Reipublicae
1722 1611 1925 1658 adminis-

114 1679 295 1726 trandae
317 1679 664 1726 criminantibus.
692 1682 796 1738 Qua
819 1679 998 1740 quidem
1022 1680 1067 1726 in
1091 1697 1135 1726 re
1158 1694 1206 1726 ut
1228 1697 1312 1740 pro
1335 1694 1410 1727 tua
1432 1679 1647 1727 modestia
1666 1681 1809 1727 visum
1835 1697 1923 1727 esse

114 1747 197 1794 tibi
212 1747 377 1803 scribis,
398 1748 560 1808 quippe
579 1748 649 1794 cui
667 1748 812 1794 minus
830 1747 1110 1808 Reipublicae
1129 1765 1255 1794 causa
1271 1762 1377 1794 nota
1394 1747 1539 1803 fuerit,
1556 1765 1717 1808 magno
1735 1747 1923 1794 afficeris

115 1815 284 1871 dolore,
307 1815 429 1876 quod
449 1833 502 1862 ne
522 1815 603 1862 tibi
624 1815 802 1876 quidem
821 1816 1017 1876 potueris
1037 1815 1294 1872 satisfacere,
1314 1815 1478 1863 nedum
1500 1815 1724 1863 nonnullis
1748 1816 1921 1876 quibus·

115 1901 216 1930 cum
239 1883 320 1930 tibi
342 1901 408 1930 res
429 1883 526 1939 fuit,
547 1884 622 1943 qui
644 1898 897 1943 arroganter
915 1883 1025 1930 adeo
1047 1884 1181 1943 magis
1203 1902 1334 1944 quam
1354 1902 1455 1930 vere
1476 1885 1521 1930 in
1544 1883 1802 1944 dignitatem
1824 1902 1920 1930 nos·

115 1966 206 1998 trae
227 1952 415 1998 civitatis
433 1969 513 2011 per
534 1951 824 1998 ambitionem
849 1966 890 1998 et
912 1950 1086 2007 fastum,
1109 1966 1158 1998 ut
1179 1966 1278 1998 utar
1297 1952 1382 1998 tuis
1403 1951 1561 2007 verbis,
1586 1951 1919 1998 invehebantur.

115 2019 317 2079 Petisque
335 2036 358 2065 a
374 2037 444 2066 me
462 2033 510 2065 ut
527 2020 667 2079 gravis
682 2019 884 2066 videlicet
900 2019 1034 2066 cliens
1050 2034 1093 2066 te
1108 2019 1315 2066 edoceam
1333 2019 1439 2080 quid
1456 2020 1501 2065 in
1519 2037 1645 2066 causa
1659 2020 1713 2066 sit
1731 2020 1922 2080 apertius

116 2105 170 2134 ne
197 2102 240 2134 te
267 2088 492 2134 inveniant
520 2087 766 2143 adversarii,
791 2088 826 2134 si
852 2088 907 2134 sit
934 2105 1079 2134 rursus
1108 2087 1481 2148 congrediendum
1510 2102 1557 2134 ut
1585 2087 1736 2144 modo,
1766 2087 1921 2134 rudem

116 2155 435 2215 indoctumque
455 2155 744 2202 defensorem.
764 2158 929 2202 Geram
946 2173 1053 2202 vero
1070 2155 1151 2202 tibi
1167 2174 1338 2202 morem
1358 2156 1492 2216 magis
1510 2155 1634 2212 adeo,
1650 2170 1698 2202 ut
1717 2174 1858 2216 neque
1877 2157 1923 2202 in

116 2223 215 2279 hoc,
235 2238 451 2284 quantum
471 2224 516 2269 in
534 2241 604 2270 me
622 2238 699 2279 est,
716 2223 853 2270 desim
871 2225 1049 2284 patriae,
1068 2242 1199 2284 quam
1215 2239 1258 2271 te
1275 2223 1518 2271 instruendi
1535 2225 1636 2271 satis
1652 2223 1925 2271 confidentia

115 2292 315 2352 quamvis
335 2309 384 2338 ea
401 2309 526 2338 causa
545 2306 606 2339 est
627 2306 789 2347 nostra,
811 2293 855 2338 in
875 2310 960 2352 qua
978 2293 1110 2339 etiam
1129 2310 1221 2339 non
1242 2292 1524 2339 mediocriter
1541 2292 1700 2339 eruditi
1719 2292 1924 2353 eloquen-

114 2360 199 2406 tiae
220 2359 302 2406 sibi
327 2359 502 2406 laudem
528 2361 572 2406 in
598 2375 719 2407 tanta
742 2361 904 2407 iustitia
927 2375 1185 2407 consecutos
1211 2360 1334 2407 facile
1356 2360 1495 2407 videri
1517 2375 1714 2421 possunt.
1743 2363 1814 2407 De
1838 2378 1924 2421 qua

115 2427 295 2488 quidem
316 2429 402 2475 iam
424 2428 566 2475 dicere
585 2429 806 2489 incipiam,
828 2429 863 2475 si
884 2428 937 2475 de
955 2428 1133 2476 fortuna
1151 2429 1284 2489 prius,
1308 2446 1416 2489 quae
1438 2430 1500 2488 (ut
1521 2429 1657 2488 aiunt)
1680 2443 1821 2476 versat
1838 2446 1919 2476 suo

193 2651 211 2675 ‘¹
228 2656 345 2694 There
363 2658 390 2694 is
406 2671 426 2694 a
442 2656 500 2694 l'm
516 2656 558 2694 of
573 2658 792 2695 corrections
809 2671 861 2694 on
877 2657 953 2701 b6r,
970 2658 1164 2705 beginning
1182 2658 1234 2694 ‘in
1248 2657 1340 2695 calce
1357 2670 1392 2695 et
1408 2657 1498 2695 illud
1514 2657 1783 2694 admonendum
1802 2671 1922 2705 graeca

115 2709 223 2746 verba
247 2709 347 2757 quod
371 2709 490 2747 latinis
515 2711 623 2747 etiam
648 2724 808 2768 expressa
832 2710 958 2748 litteris
983 2710 1128 2754 fuerint,
1154 2710 1249 2748 haud
1274 2710 1310 2748 id
1333 2724 1510 2759 quaquam
1538 2711 1687 2753 auctori,
1711 2710 1773 2747 sed
1798 2710 1924 2768 opifici

114 2761 319 2798 ascribatur.
339 2761 502 2798 Aberant
519 2762 618 2798 enim
636 2763 750 2809 graeci
766 2773 847 2799 tum
866 2761 1092 2799 carachteroe.
1113 2764 1304 2800 Caeterum
1322 2761 1394 2799 loci
1412 2775 1555 2810 quoque
1575 2761 1629 2798 illi
1646 2762 1704 2809 (ne
1723 2775 1801 2799 non
1816 2762 1862 2799 sit
1881 2762 1921 2798 in

114 2813 286 2851 omnibus
299 2825 399 2861 grato
412 2812 622 2861 satisfatum)
637 2826 877 2862 apponentur,
891 2815 930 2851 in
942 2814 1070 2863 quibus
1084 2815 1235 2862 contigit
1247 2815 1474 2873 impressor&
1488 2813 1696 2858 allucinari’‚
1709 2813 1780 2851 and
1791 2813 1923 2862 ending

116 2867 223 2902 ‘Tum
242 2877 278 2902 et
295 2864 361 2902 alia
379 2865 416 2903 id
432 2879 552 2913 genus,
572 2879 660 2914 quae
679 2866 769 2903 boni
786 2865 938 2903 assolent
956 2878 1030 2903 tam
1049 2880 1236 2914 agnoscere
1255 2880 1361 2914 quam
1381 2867 1585 2914 ignoscere)

195 2923 302 2961 ²The
317 2923 471 2971 identity
487 2923 529 2961 of
540 2923 603 2961 the
617 2923 910 2972 pseudonymous
930 2924 1140 2962 ‘Trebatius'
1156 2925 1184 2962 is
1199 2936 1265 2962 not
1282 2924 1432 2967 known,
1447 2923 1621 2972 although
1637 2923 1708 2961 he
1698 2938 1725 2961 is
1740 2923 1923 2972 evidently

115 2989 161 3012 an
172 2976 334 3013 eminent
346 2975 490 3023 lawyer,
503 2975 545 3013 of
555 2975 789 3014 ‘nobilissima
802 2975 947 3014 familia’
959 2976 1030 3014 and
1041 2991 1061 3014 a
1071 2976 1324 3014 Savonarolan:
1337 2975 1496 3025 possibly
1511 2979 1703 3013 Francesco
1717 2975 1920 3013 Gualterot·

114 3029 143 3065 ti
167 3042 212 3066 or
236 3030 422 3066 Giovanni
445 3030 643 3073 Cerretani,
668 3029 793 3067 Scala’s
817 3029 970 3067 relation
992 3030 1041 3078 by
1065 3031 1245 3078 marriage.
1273 3031 1402 3067 Cicero
1428 3030 1546 3067 writes
1570 3029 1611 3067 of
1634 3029 1688 3066 his
1711 3029 1829 3066 friend
1853 3028 1923 3066 and

114 3080 398 3129 correspondent
436 3081 632 3118 Trebatius:
672 3081 894 3129 ‘probiorem
931 3081 1129 3125 hominem,
1167 3081 1355 3119 meliorem
1392 3082 1522 3125 virum,
1558 3081 1812 3129 pudentiorem
1850 3095 1922 3118 esse

115 3133 310 3169 neminem.
335 3132 484 3170 Accedit
507 3134 626 3176 etiam,
652 3132 750 3181 quod
773 3132 945 3171 familiam
967 3133 1066 3171 ducit
1091 3134 1130 3170 in
1152 3134 1228 3171 iure
1250 3133 1357 3176 civili,
1378 3132 1547 3181 singulari
1570 3133 1756 3176 memoria,
1779 3146 1920 3170 summa

113 3184 273 3221 scientia'
292 3184 399 3231 (Fam.
417 3184 541 3232 VII,3).
