2124 3458
220 173 312 214 426
1810 178 1947 211 PART
1973 179 2024 212 vl

1116 330 1139 370 5

913 400 988 437 DE
1008 400 1340 438 ARBORIBUS

304 491 376 541 M⁴‚
403 492 487 533 fols.
517 496 728 532 102r-114v
756 491 902 544 (copied
928 492 979 544 by
1003 491 1148 532 Alessio
1177 491 1398 544 Lapaccin1);
1425 490 1494 540 N²;
1520 495 1604 540 Mo,
1630 491 1696 532 fol.
1724 496 1778 540 4r,
1803 507 1823 532 a
1846 491 1944 532 draft

305 550 457 589 version
474 548 518 589 of
531 548 825 596 ll.725-3o-730‚
845 548 938 588 with
958 563 1004 588 an
1021 561 1161 588 extract
1179 547 1366 600 probably
1385 547 1459 588 also
1479 547 1634 600 relating
1651 561 1692 588 to
1710 547 1785 588 this
1803 554 1946 600 poem.²

305 604 501 645 Emended
538 604 589 657 by
623 604 926 652 P.O.Kristeller‚
965 603 1139 644 Scaevola
1171 604 1355 652 Mariotti,
1394 603 1467 644 and
1500 603 1610 644 Silvia
1646 605 1776 644 Rizzo.
1816 606 1946 656 Paper.

303 662 469 701 Written
486 660 559 701 and
572 660 763 701 dedicated
778 674 819 700 to
836 663 1010 700 Lorenzo
1025 660 1063 700 di
1077 659 1352 700 Pierfrancesco
1369 659 1426 700 de'
1441 659 1582 700 Medici
1599 659 1836 712 (Popolano)‚
1853 659 1947 700 after

308 720 412 765 1494,
431 716 620 769 probably
639 717 679 756 in
703 720 878 764 1496-97,
897 716 961 756 the
979 731 1069 768 year
1085 715 1129 756 of
1145 715 1276 756 Scala's
1295 715 1417 764 death3
1440 731 1486 756 an
1505 729 1645 756 extract
1663 717 1692 756 is
1711 715 1885 756 enclosed
1906 717 1945 755 in

304 773 436 814 Scala's
453 788 569 826 poem
585 786 626 813 to
645 773 944 821 M.Giannarini,
961 788 1020 813 see
1034 775 1146 821 V1‚29
1166 772 1290 813 below
1308 772 1381 812 and
1395 775 1495 820 1,244
1514 772 1645 812 above.
1660 771 1772 820 Scala,
1795 775 1945 821 121‚273

342 967 568 1014 Arboreos
593 967 748 1023 cultus,
772 966 1010 1027 Populane,
1036 981 1076 1014 et
1099 966 1205 1014 ditia
1224 966 1341 1014 dona

340 1040 539 1082 Naturae
561 1035 788 1096 aggredior
807 1034 924 1082 silvis
947 1049 1150 1095 operatus
1174 1049 1215 1081 et
1236 1035 1359 1081 arvis.

342 1104 533 1164 Porrige,
558 1103 740 1160 Bacche,
762 1121 943 1150 manum
969 1104 1148 1164 coeptis,
1173 1121 1268 1163 rege
1291 1102 1378 1159 fila,
1400 1102 1566 1159 Thalia,

341 1177 394 1219 Et
417 1190 509 1229 vos,
534 1190 562 1219 o
585 1171 744 1228 faciles,
767 1171 995 1219 concedite
1017 1172 1223 1228 carmina,
1244 1170 1497 1232 Nymphae.

341 1246 496 1288 Vestra
516 1259 638 1302 paro,
662 1241 815 1288 vestris
837 1241 1088 1301 cupientem
1112 1240 1330 1288 admittite
1350 1241 1492 1296 sacris,
1890 1255 1908 1286 5

341 1310 504 1357 Ducite
527 1324 568 1357 et
591 1309 818 1356 insolitum
842 1327 921 1370 per
942 1309 1067 1356 devia
1087 1327 1186 1356 rura
1207 1323 1449 1369 vagantem.

341 1380 409 1425 Tu
434 1396 625 1439 quoque,
650 1378 870 1434 Laurenti,
892 1378 1008 1438 potis
1032 1395 1074 1424 es
1097 1395 1193 1424 mea
1213 1377 1308 1424 vela
1326 1376 1520 1424 secundo

341 1451 394 1493 Et
418 1464 563 1506 regere
585 1447 779 1507 auspicio
804 1461 845 1493 et
865 1460 1047 1506 portum
1072 1445 1294 1506 indulgere
1318 1446 1500 1492 carinae.

341 1517 404 1562 Te
426 1515 519 1562 sine
542 1529 665 1562 muta
687 1515 795 1562 iacet
817 1514 926 1560 mihi
951 1532 1073 1561 mens
1096 1532 1176 1561 nec
1198 1532 1374 1561 carmen
1396 1514 1441 1560 in
1464 1532 1539 1561 ore
1562 1528 1636 1561 est.

342 1587 382 1630 A
405 1598 447 1630 te
467 1584 736 1644 principium
762 1582 1010 1630 studiorum
1036 1597 1077 1630 et
1096 1583 1239 1643 prima
1262 1583 1452 1639 iuventa;
1872 1597 1910 1628 10

342 1656 466 1698 Haec
487 1669 663 1712 quoque
688 1651 905 1698 debentur
925 1650 1005 1698 tibi
1028 1651 1113 1697 iam
1136 1665 1177 1697 et
1197 1665 1420 1711 postrema
1441 1664 1651 1697 senectus.
1898 1663 1905 1671 ·

342 1720 566 1779 Principio
588 1720 707 1766 varia
727 1733 788 1766 est
812 1718 939 1765 rebus
962 1733 1117 1765 natura
1137 1719 1302 1765 creatis:

341 1787 514 1847 Frigida
536 1805 638 1834 nam
662 1801 830 1834 certant
852 1786 999 1834 calidis
1021 1801 1149 1847 atque
1172 1786 1352 1833 humida
1373 1787 1494 1833 siccis

342 1859 726 1916 Commutantque
751 1856 866 1902 vices
888 1855 1107 1902 contraria
1127 1855 1293 1902 semina
1316 1854 1470 1902 mundi

342 1923 652 1985 Bellanturque
674 1923 803 1970 simul
828 1924 1098 1984 vincuntque
1121 1938 1162 1970 et
1183 1924 1298 1970 victa
1318 1922 1525 1970 residunt.
1872 1937 1908 1968 15

342 1993 539 2054 Iuppiter
562 1992 636 2040 has
655 1993 851 2053 primum
876 1992 1002 2053 leges,
1026 2010 1126 2039 cum
1151 1991 1348 2039 condidit
1371 1991 1539 2048 orbem,

342 2062 571 2122 Imposuit,
596 2062 754 2108 veteris
775 2060 965 2108 referens
986 2061 1164 2121 vestigia
1186 2060 1325 2108 molis:

340 2131 409 2177 Sic
431 2130 680 2177 alternatim
702 2129 891 2176 didicere
913 2147 1130 2190 capessere
1154 2130 1276 2186 iussa3

340 2203 462 2245 Nam
487 2198 614 2245 rebus
637 2198 757 2245 dedit
779 2197 848 2244 ille
871 2197 1028 2244 ducem
1051 2212 1092 2244 et
1112 2215 1262 2258 parere
1286 2215 1455 2244 necesse
1478 2212 1554 2253 est,

342 2267 435 2325 Qui
458 2266 597 2313 solem
622 2266 770 2312 medio
794 2265 1033 2326 fulgentem
1058 2284 1229 2312 currere
1252 2265 1371 2312 caelo
1868 2279 1909 2310 20

342 2335 549 2390 Instituit,
573 2334 777 2381 duodena
797 2333 889 2394 poli
912 2333 1092 2381 lustrare
1113 2333 1275 2394 pericla

342 2406 547 2462 Imperat,
569 2401 685 2448 unde
709 2402 806 2448 orbi
830 2416 871 2449 et
893 2419 1039 2448 rerum
1061 2416 1297 2461 pertractat
1319 2401 1505 2447 habenas

340 2474 478 2516 Nunc
501 2469 584 2516 alte
607 2470 831 2529 insurgens
855 2469 989 2525 caelo,
1012 2487 1130 2515 nunc
1154 2470 1240 2515 ima
1261 2469 1463 2524 revisens,

340 2542 478 2584 Nunc
502 2537 646 2584 media
666 2537 810 2583 lucem
834 2555 1076 2597 exaequans
1098 2537 1273 2596 regione
1297 2536 1500 2592 tenebris,

341 2610 394 2651 Et
417 2606 554 2652 variat
576 2623 745 2651 menses
768 2623 895 2651 cursu
919 2619 959 2652 et
981 2604 1250 2651 discriminat
1273 2622 1451 2651 annum.
1867 2618 1907 2649 25

340 2677 509 2719 Nonne
533 2672 667 2729 vides,
690 2673 835 2720 cancri
855 2672 919 2719 sol
944 2690 1044 2719 cum
1069 2672 1370 2719 conscenderit
1393 2671 1478 2719 alta

342 2741 566 2797 Culmina,
592 2759 693 2788 cum
717 2755 863 2788 curtae
884 2742 1067 2788 veniunt
1091 2740 1143 2788 de
1165 2740 1390 2787 montibus
1415 2740 1610 2796 umbrae,

342 2814 560 2857 Arescunt
585 2809 742 2856 herbae
764 2810 922 2870 passim
948 2824 1076 2870 atque
1098 2809 1294 2856 exuritur
1314 2810 1488 2856 arvum?

341 2877 602 2925 Defendunt
624 2878 806 2925 umbrae
830 2877 1049 2924 fervorem
1073 2892 1113 2924 et
1136 2877 1296 2937 frigora
1317 2892 1491 2937 captant

301 3091 313 3105 ²
340 3089 424 3123 ‘una
450 3086 528 3123 alba
552 3098 587 3123 et
614 3087 713 3134 nigra
738 3100 780 3123 ex
807 3085 933 3123 eodem
960 3085 1106 3134 palmite
1131 3097 1298 3122 manente
1323 3085 1505 3133 utriusque
1533 3096 1659 3121 natura
1684 3082 1881 3121 inconfusa.
1910 3085 1962 3120 Ut
1986 3082 2030 3120 de

222 3137 381 3186 Cephiso
397 3150 432 3175 et
446 3137 554 3185 (Mela
567 3137 646 3185 del.)
661 3137 758 3175 Mela
770 3138 808 3174 in
822 3138 945 3174 Boetia
958 3138 1019 3185 qui
1032 3137 1221 3174 commixti
1236 3137 1287 3183 (ex
1300 3136 1492 3184 commisti)
1507 3148 1630 3173 tamen
1642 3147 1790 3183 uterque
1802 3148 1903 3172 suam
1914 3146 2030 3172 servat

221 3192 410 3232 naturam,'
430 3193 508 3226 Mo.
