2124 3458
205 169 297 210 430

327 318 376 360 In
398 313 549 360 baccas
571 313 733 360 abeunt
756 312 872 359 oculi
896 313 940 358 in
964 311 1255 373 frondemque
1280 311 1436 373 capilli3

326 386 379 429 Et
402 396 588 429 teretem
609 399 735 428 crura
756 381 801 427 in
824 395 1031 427 truncum
1055 394 1295 436 mutantur,
1320 380 1515 427 inhaeret

327 449 480 496 Planta
498 449 595 496 solo
621 467 672 495 ex
694 448 989 509 membrisque
1016 448 1207 495 hominis
1231 463 1392 495 terram
1414 448 1544 495 arbor
1566 462 1733 509 opacat.

326 519 463 578 Virgo
488 517 570 565 fuit
593 517 789 564 formosa
809 518 929 578 prius
953 517 1111 564 Peneia
1128 516 1285 577 puella,

326 591 463 633 Nunc
487 586 618 646 capiti
641 603 760 632 raros
782 586 941 632 victori
961 584 1139 645 praebet
1164 584 1353 631 honores

327 658 476 714 Atque
499 653 594 700 altis
616 654 782 712 insigne
805 653 925 699 venit
947 652 1120 699 laudata
1140 652 1386 712 triumphis.

328 721 403 768 Illa
425 736 466 768 et
489 720 755 768 carminibus
780 719 931 767 reddet
950 738 1025 767 sua
1046 721 1240 780 praemia
1261 720 1433 776 nostris,

326 791 369 837 Si
391 807 524 850 quem
546 789 722 836 Parnasi
744 788 960 836 delectant
981 788 1097 835 culta
1116 789 1310 844 virentis,

326 863 380 905 Et
401 872 555 919 potare
579 858 697 904 iuvat
719 858 911 904 Dircaeo
933 875 954 904 e
977 855 1100 904 fonte
1122 856 1324 917 liquores.

328 995 407 1042 Oh
430 1013 511 1055 ego
531 995 566 1042 si
587 995 753 1055 possim
779 993 884 1041 tales
906 995 1116 1054 attingere
1138 993 1282 1040 fontes

326 1063 658 1124 Frondentique
682 1080 829 1109 comas
852 1062 1176 1109 circumvestire
1199 1064 1375 1109 corona!

328 1137 478 1192 Regna
499 1146 541 1178 et
562 1145 805 1192 gemmatae
828 1148 978 1191 regum
1000 1130 1154 1191 procul
1179 1144 1266 1177 este
1288 1148 1489 1177 coronae:

327 1201 420 1247 Sint
444 1199 568 1256 mihi,
592 1200 678 1246 sint
703 1199 849 1246 dulces
871 1199 1041 1259 tutique
1064 1199 1109 1244 in
1131 1199 1325 1258 gramine
1348 1199 1507 1254 somni,

326 1268 433 1316 silva
455 1268 576 1315 cibos
600 1267 852 1315 inconditos
877 1267 1115 1327 hortusque
1140 1267 1370 1323 ministret,

327 1338 506 1397 Frigora
529 1336 634 1383 dent
655 1335 786 1383 valles
808 1350 966 1383 aestate
987 1350 1028 1382 et
1048 1335 1207 1396 pocula
1228 1335 1419 1396 limphae

328 1406 524 1465 Otiaque
547 1404 765 1451 umbrosis
791 1418 963 1464 captem
984 1404 1224 1463 gratissima
1245 1403 1375 1458 silvis,

328 1472 517 1520 Panibus
542 1472 761 1519 admixtus
783 1471 911 1518 simul
938 1486 978 1518 et
999 1471 1166 1518 levibus
1188 1471 1424 1531 Satyriscis3

327 1540 483 1588 Exulet
507 1540 692 1588 ambitio
714 1540 843 1600 longe
868 1554 909 1586 et
931 1554 1153 1586 certamen
1174 1539 1411 1595 honorum,

328 1609 489 1656 Absint
512 1609 707 1656 luxuriae
730 1608 879 1655 sordes
903 1622 944 1655 et
965 1607 1093 1655 turba
1115 1607 1327 1654 malarum

328 1681 550 1725 Curarum
576 1678 792 1724 intereant
814 1677 1050 1737 animoque
1074 1676 1251 1723 inimica
1274 1674 1450 1723 facessat

327 1746 508 1802 Seditio,
531 1764 709 1793 morum
733 1745 872 1792 valeat
895 1744 1110 1792 discordia
1132 1744 1322 1792 demens.

328 1820 421 1875 Ipse
444 1815 560 1861 inter
579 1813 816 1874 Nymphas
841 1828 882 1860 et
904 1813 1086 1860 numina
1109 1812 1403 1860 silvicolarum

326 1884 486 1930 Vivere
509 1900 654 1929 amem
675 1896 934 1942 sanctosque
959 1881 1101 1928 colam
1125 1895 1358 1928 contentus
1382 1898 1563 1927 amores.

329 1952 512 1997 Circum
534 1964 659 2010 prata
680 1949 831 2005 modo,
857 1949 995 1996 modo
1018 1950 1182 1995 circum
1206 1947 1392 1995 flumina
1414 1962 1601 2003 cantem,

328 2023 484 2066 Factus
506 2018 605 2065 olor
628 2019 730 2079 ripis
752 2017 982 2065 Maeandri
1003 2016 1212 2064 candidus
1234 2016 1329 2064 ales.

330 2092 419 2134 Iam
443 2086 552 2133 mihi
575 2086 814 2134 Maenalias
835 2085 990 2133 videor
1008 2085 1228 2146 pascendo
1249 2103 1328 2146 per
1350 2084 1502 2131 herbas

330 2160 393 2202 Ire
416 2170 544 2216 atque
567 2154 774 2215 agricolas
797 2155 912 2201 inter
931 2169 1022 2201 sata
1040 2153 1151 2201 laeta
1171 2153 1354 2200 colonus

328 2223 538 2270 Excolere
561 2237 690 2283 atque
713 2221 865 2269 inflare
888 2222 1013 2269 tubas
1036 2236 1077 2268 et
1099 2222 1268 2282 cingere
1290 2221 1406 2268 vallo

329 2291 520 2339 Castella
541 2306 582 2338 et
604 2290 740 2338 fortes
762 2309 928 2338 armare
952 2291 996 2336 in
1017 2289 1185 2351 proelia
1207 2304 1383 2336 turmas.

330 2365 453 2407 Haec
474 2378 554 2420 ego
575 2361 609 2407 si
633 2377 806 2420 nequeo
827 2363 1055 2406 Musarum
1080 2358 1282 2405 accedere
1302 2357 1431 2414 dona,

328 2433 381 2476 Et
403 2429 489 2475 sint
513 2428 635 2475 laeva
654 2427 764 2474 mihi
788 2445 884 2474 mea
904 2426 1057 2483 sidera,
1078 2427 1112 2474 si
1134 2445 1210 2474 sua
1232 2444 1450 2487 quemque

328 2501 433 2544 Fata
454 2511 649 2553 manent,
672 2510 789 2543 certa
808 2495 1004 2543 substant
1027 2496 1062 2542 si
1085 2509 1241 2542 cuncta
1262 2509 1426 2551 catena,

328 2569 472 2612 Duret
495 2579 537 2612 at
560 2565 645 2612 hoc
667 2564 797 2612 silvae
819 2564 1013 2611 studium
1037 2563 1288 2624 fructusque
1311 2562 1498 2619 colendi,

329 2637 459 2692 Quos
484 2648 639 2680 natura
661 2632 780 2680 dedit
802 2632 930 2679 nullis
954 2631 1209 2692 cogentibus
1234 2632 1335 2692 ipsa.

330 2702 418 2748 Hic
441 2701 551 2747 mihi
573 2719 769 2748 securam
792 2701 1017 2760 contingat
1040 2699 1196 2746 ducere
1217 2700 1352 2746 vitam

330 2774 397 2816 Ac
419 2769 547 2816 finire
570 2769 660 2816 dies
682 2768 849 2816 dederit
872 2786 981 2829 quos
1004 2771 1135 2815 Parca
1155 2767 1338 2814 futuros.

330 2842 427 2884 Hae
449 2837 603 2884 saltem
626 2851 831 2884 maneant
853 2836 1000 2883 laudes
1022 2850 1063 2883 et
1083 2835 1228 2896 palma
1249 2834 1450 2890 secunda,

329 2907 371 2952 Si
395 2906 561 2952 maiora
584 2905 694 2951 mihi
718 2904 822 2951 deus
844 2919 885 2951 et
907 2922 1003 2951 mea
1025 2903 1112 2951 fata
1132 2904 1341 2963 negarint.

330 3041 414 3088 Sed
436 3042 521 3088 iarn
544 3041 662 3088 dona
683 3041 797 3087 Iovis
820 3058 1003 3100 quercus
1025 3057 1100 3086 sua
1122 3040 1315 3086 carmina
1334 3053 1536 3099 poscunt,

330 3114 467 3156 Nunc
490 3108 686 3156 Dodona
708 3123 836 3155 vocat
858 3107 1068 3168 divaeque
1089 3107 1143 3154 ad
1161 3125 1279 3154 sacra
1299 3106 1540 3153 columbae.

332 3182 455 3224 Haec
476 3176 702 3237 quondam
724 3177 877 3236 primis
902 3175 1108 3222 alimenta
1130 3175 1312 3235 orbique
1337 3174 1500 3220 recenti

1795 174 1933 208 PART
1958 175 2009 208 VI

1835 530 1895 562 160

1836 869 1894 902 165

1836 1281 1896 1312 170

1837 1621 1895 1652 175

1837 1962 1896 1992 180

1837 2302 1895 2334 185

1836 2644 1896 2675 190

1837 3051 1895 3082 195
