2124 3458
117 184 299 218 ESSAYS
1820 171 1910 211 357

115 334 397 382 putaverunt,
434 318 551 366 unde
587 333 629 365 et
664 318 716 365 ab
753 334 970 364 annorum
1009 317 1232 363 saturitate
1265 316 1426 371 Cicero
1461 315 1628 362 dictum
1664 322 1919 370 autumat,‘³‘³

117 387 477 450 quandoquidem
511 386 671 433 divisae
703 399 804 432 sunt
841 402 985 432 rerum
1019 398 1255 445 potestates
1286 398 1328 431 et
1359 382 1536 444 singulis
1573 383 1658 430 iam
1691 400 1818 430 suum
1855 397 1917 429 est

118 474 283 504 numen
317 455 370 503 ab
402 455 661 515 antiquitate
692 453 974 501 attributum?
1010 452 1142 500 Haud
1173 451 1302 499 docte
1334 469 1413 499 nos
1447 450 1690 507 fecerimus,
1724 466 1771 498 ut
1806 450 1914 497 mihi

116 524 295 586 quidem
318 523 506 579 videtur,
526 523 561 569 si
585 539 694 583 quae
717 521 777 568 illi
798 536 899 568 sunt
923 520 1171 581 singulatim
1195 534 1317 567 tanta
1335 520 1555 580 prosecuti
1578 519 1814 579 diligentia,
1838 519 1916 579 ipsi

116 591 460 646 confuderimus,
483 591 662 651 antiqua
680 604 914 637 tractantes
929 589 1197 649 praesertim,
1219 588 1325 635 dum
1347 589 1408 635 rei
1428 605 1513 648 qua
1533 587 1585 634 de
1605 588 1770 647 agimus
1792 587 1916 634 omni

88 684 96 691 ·
116 659 254 707 modo
278 659 539 719 inquirimus
563 658 821 704 veritatem.'

202 731 351 774 ‘Recte
367 741 415 773 tu
433 725 641 786 quidem,'
664 725 820 785 inquit,
841 724 1127 771 ‘addubitasse
1145 723 1253 770 mihi
1271 723 1442 770 videris.
1461 723 1545 770 Sed
1563 740 1654 769 rem
1673 722 1914 769 admodum

116 794 399 856 implicatam,
420 793 654 854 multisque
674 792 921 853 ambiguam
943 791 1179 839 involucris
1199 806 1240 838 et
1259 792 1378 852 quasi
1397 791 1635 852 praestigiis
1654 790 1914 851 quibusdam

116 862 317 910 inanibus
340 877 470 922 atque
490 860 874 916 inextricabilibus,
898 875 946 907 ut
967 859 1089 907 soleo
1110 859 1267 915 dicere,
1289 860 1333 905 in
1356 859 1698 920 disputationem
1723 858 1914 914 adducis3

115 948 196 977 nec
215 947 325 990 quae
347 929 448 976 huic
468 929 674 989 tempori,
699 928 800 975 huic
819 929 1013 975 sermoni
1035 928 1280 974 conveniat.
1301 927 1410 973 Satis
1430 927 1549 973 enim
1571 926 1709 973 modo
1730 925 1918 981 videtur,

113 999 203 1045 sive
221 997 266 1044 id
284 997 336 1044 ab
355 1001 472 1052 Iove,
489 997 578 1043 sive
597 995 650 1043 ab
668 995 754 1043 alio
772 996 927 1056 quovis
945 995 1130 1042 deorum
1150 994 1194 1041 id
1210 995 1279 1050 sit,
1298 994 1442 1054 legum
1459 993 1703 1054 primordia
1722 1011 1746 1040 a
1762 993 1916 1040 divini-

114 1081 203 1113 tate
230 1083 317 1112 esse
345 1064 545 1125 profecta
570 1063 813 1111 ostendere.
843 1063 982 1122 Quod
1009 1078 1051 1110 et
1078 1081 1227 1110 earum
1256 1077 1453 1110 auctores
1480 1063 1603 1109 vario
1631 1061 1769 1109 modo
1798 1061 1914 1122 apud

114 1134 308 1181 diversos
323 1132 740 1193 comprobaverunt,
759 1131 991 1178 nonmodo
1007 1132 1109 1191 quia
1122 1131 1183 1178 sic
1194 1145 1459 1191 putaverunt
1474 1147 1599 1191 posse
1616 1129 1806 1190 populos
1825 1129 1917 1176 red-

114 1202 215 1249 dere
234 1201 476 1262 praeceptis
494 1201 581 1248 suis
603 1200 961 1261 obsequentiores
985 1199 1242 1247 auctoritate
1262 1199 1519 1260 interposita
1541 1197 1740 1255 deorum,
1762 1216 1916 1245 verum

113 1271 246 1318 etiam
263 1284 311 1317 ut
331 1269 376 1316 id
394 1269 515 1330 quod
535 1286 615 1316 nos
633 1286 763 1329 supra
780 1268 969 1315 diximus
988 1268 1041 1315 de
1058 1286 1160 1315 vera
1175 1267 1320 1328 legum
1339 1268 1505 1328 origine
1527 1267 1592 1314 his
1611 1267 1915 1314 accommoda-

113 1339 276 1386 tissime
297 1337 500 1385 confictis
519 1337 675 1384 fabulis
693 1336 1000 1397 significarent.
1023 1340 1077 1383 Et
1096 1338 1349 1383 Zoroastres
1369 1335 1562 1396 quidem,
1584 1336 1659 1396 qui
1678 1336 1916 1382 Bactrianis

112 1406 225 1467 leges
244 1405 423 1453 tradidit
444 1420 486 1452 et
506 1406 656 1461 Persis,
679 1405 965 1452 Oromasium
994 1404 1054 1464 (id
1073 1419 1135 1451 est
1156 1405 1274 1451 enim
1295 1404 1411 1464 apud
1432 1404 1528 1451 illos
1548 1403 1709 1464 grande
1731 1404 1910 1463 numen)

113 1491 268 1521 eorum
289 1491 398 1534 quae
417 1472 661 1520 tradidisset
681 1487 1127 1519 commonstratorem
1149 1471 1400 1528 affirmavit3
1421 1471 1694 1527 Charondas‚
1715 1472 1790 1532 qui
1810 1475 1914 1518 Car-

113 1541 469 1602 thaginiensibus,
491 1544 740 1588 Saturnum.
763 1541 1032 1601 Trismegisti
1052 1558 1227 1601 quoque
1247 1555 1309 1587 est
1329 1539 1444 1601 apud
1462 1540 1705 1600 Aegyptios
1726 1540 1771 1586 in
1790 1557 1917 1587 vene-

113 1611 283 1657 ratione
320 1610 485 1670 ingenti
522 1609 623 1656 alibi
661 1606 876 1665 numen,⁹⁸
913 1609 1002 1656 sive
1039 1609 1127 1669 ipse
1164 1609 1409 1655 Mercurius
1446 1607 1543 1664 fuit,
1578 1609 1667 1655 sive
1703 1609 1915 1655 Mercurii

111 1678 265 1733 scriba,
291 1692 340 1724 ut
366 1677 545 1737 quidam
571 1677 810 1724 memoriae
835 1676 1081 1737 prodidere.
1108 1681 1188 1723 Eas
1214 1691 1344 1732 certe,
1369 1694 1473 1737 quas
1499 1674 1615 1723 illis⁹⁹
1644 1676 1764 1723 dedit
1788 1675 1914 1736 leges,

112 1745 293 1792 dictasse
314 1746 588 1792 Mercurium
612 1744 787 1805 populis
812 1745 1036 1805 persuasit3
1062 1743 1438 1805 quemadmodum
1465 1748 1686 1804 Lycurgus
1713 1743 1919 1790 Lacedae-

112 1814 274 1861 moniis
294 1812 566 1874 Apollinem;
590 1816 771 1860 Dracon
790 1827 831 1860 et
848 1812 984 1860 Solon
1007 1812 1349 1860 Atheniensibus
1369 1813 1632 1859 Minervam.
1654 1811 1910 1873 Pompilius,

112 1899 187 1929 rex
215 1886 455 1937 Romanus,
489 1899 589 1928 cum
619 1882 771 1941 Egeria
796 1881 1012 1942 Nympha
1040 1895 1204 1928 secreta
1231 1880 1410 1928 consilia
1439 1881 1590 1937 inibat,
1621 1878 1912 1936 Zalmoxis,¹⁰⁰

110 1947 424 2010 Scytharum¹⁰¹
464 1949 737 2010 legumlator,
774 1967 875 1996 cum
910 1953 1054 1997 Vesta.
1090 1953 1361 1996 Maumettus
1396 1949 1574 1996 tandem
1607 1949 1686 1996 sub
1724 1950 1912 2010 imperio

110 2018 278 2066 Arabes
300 2018 518 2066 Gabrielis
540 2018 848 2074 contubernio,
873 2017 994 2079 quod
1016 2018 1200 2065 iactabat
1222 2033 1264 2065 et
1285 2036 1385 2065 cum
1409 2036 1499 2079 quo
1521 2033 1628 2065 esset
1652 2018 1691 2065 ei
1712 2017 1917 2079 frequens

111 2086 399 2142 consuetudo,
427 2086 697 2142 continebat;
723 2101 765 2133 et
790 2086 942 2146 angeli,
970 2086 1015 2133 id
1039 2101 1101 2133 est
1127 2086 1298 2133 divinae
1325 2087 1627 2142 nuntiationis,
1655 2087 1915 2133 auctoritate

110 2154 351 2201 obnoxiam
375 2154 458 2201 sibi
483 2169 525 2201 et
546 2155 787 2214 praeceptis
811 2154 1191 2215 obtemperantem
1215 2155 1302 2201 suis
1326 2154 1554 2201 barbaram
1582 2154 1911 2202 multitudinem

110 2221 361 2282 effingebat,
391 2236 520 2282 atque
548 2221 658 2268 adeo
686 2221 864 2282 quidem
892 2237 940 2269 ut
969 2237 1011 2269 et
1040 2222 1094 2269 ad
1120 2237 1315 2269 nostram
1345 2223 1431 2269 iam
1461 2237 1648 2269 aetatem
1674 2223 1911 2269 Maumetti

110 2289 313 2350 improba
332 2304 449 2336 secta
462 2291 711 2349 pervenerit
730 2289 971 2350 audeatque
988 2291 1119 2337 etiam
1137 2308 1237 2337 curn
1259 2291 1417 2337 nostris
1436 2290 1585 2337 multis
1603 2291 1818 2350 variisque
1834 2308 1914 2350 per

108 2357 353 2417 superiores
385 2375 523 2404 annos
554 2355 715 2404 elata¹02
747 2358 941 2404 victoriis
972 2357 1024 2404 de
1052 2358 1233 2404 veritate
1263 2357 1482 2418 religionis
1513 2357 1653 2418 deque
1683 2376 1909 2404 armorum

108 2424 246 2484 gloria
268 2424 549 2471 contendere.

194 2495 322 2551 Quae
340 2492 519 2552 quidem
539 2493 690 2539 omnia
707 2492 809 2539 illuc
827 2492 1014 2539 tendunt
1031 2492 1248 2553 profecto,
1266 2508 1314 2540 ut
1331 2511 1461 2569 supra
1478 2493 1582 2549 dixi,
1598 2508 1647 2540 ut
1665 2493 1809 2553 legum
1827 2494 1912 2553 pri·

110 2559 311 2607 mordia
300 2577 345 2606 in
365 2559 642 2607 divinitatem
660 2559 915 2607 referantur.
935 2561 1075 2620 Quod
1092 2579 1173 2621 ego
1191 2562 1427 2608 convenire
1444 2579 1545 2608 cum
1564 2576 1639 2608 tua
1658 2561 1729 2608 illa
1744 2576 1914 2608 senten·

108 2628 169 2674 tia
203 2628 378 2688 opinor,
418 2646 503 2688 qua
538 2629 583 2674 in
620 2628 933 2704 cognoscendis
971 2629 1106 2676 causis
1143 2643 1271 2689 atque
1307 2628 1548 2676 iudicandis
1585 2644 1786 2676 naturam
1823 2647 1911 2676 esse

109 2695 371 2742 audiendam
407 2713 710 2772 proposueras.
752 2700 873 2743 Nam
912 2697 972 2743 ita
1006 2711 1198 2744 versatos
1234 2715 1322 2744 esse
1360 2696 1665 2773 legumlatores
1704 2698 1906 2744 omnium

107 2761 299 2824 prope¹⁰³
334 2765 565 2811 nationum
600 2782 701 2811 cum
732 2764 812 2811 diis
844 2764 1096 2812 familiarius
1127 2765 1233 2825 quid
1263 2765 1379 2812 aliud
1409 2766 1750 2826 interpretemur
1778 2783 1910 2826 quam

109 2832 259 2878 citasse
278 2849 352 2878 eos
373 2847 588 2888 naturam,
610 2850 719 2892 quae
737 2850 821 2893 pro
840 2832 1087 2880 diversitate
1106 2833 1366 2893 religionum
1389 2832 1557 2880 diversa
1576 2834 1758 2880 nomina
1780 2834 1916 2893 accip-

110 2900 167 2946 iat
187 2914 229 2946 et
250 2917 359 2959 quae
381 2900 493 2946 ratio
514 2915 643 2955 recta,
664 2918 773 2960 quae
792 2900 1073 2947 simulacrum
1096 2915 1158 2947 est
1179 2901 1450 2948 divinitatis
1440 2919 1484 2946 1n
1507 2901 1646 2956 nobis,
1670 2901 1913 2956 dictaverit,

109 2966 362 3022 decrevisse,
385 2966 506 3027 quod
528 2982 569 3014 et
590 2982 638 3014 tu
658 2967 791 3028 paulo
814 2982 913 3014 ante
934 2967 986 3014 de
1003 2971 1149 3015 Minoe
1170 2969 1215 3014 in
1238 2969 1351 3015 Iovis
1374 2968 1573 3029 alloquiis
1595 2969 1773 3015 sensisse
1797 2969 1912 3015 visus

187 3184 221 3207 Ἦ
239 3181 380 3223 Cicero,
398 3182 453 3218 De
470 3180 629 3218 natdeor.
650 3183 692 3224 II,
710 3195 792 3224 xxv,
810 3184 864 3218 64.
