2124 3458
139 168 1946 224 Q———AE

138 312 345 373 pericula,
372 313 416 358 in
443 326 606 358 mortes
630 329 714 372 pro
736 311 871 358 salute
896 326 938 358 et
962 311 1286 371 magnificentia
1308 313 1494 359 civitatis
1516 327 1759 359 ceterarum
1782 313 1945 360 oblitos

140 398 286 427 rerum
310 379 453 426 solent
478 379 715 440 impellere,
737 380 771 426 si
796 379 952 440 quibus
977 380 1111 426 animi
1134 379 1289 426 adsunt
1310 379 1512 440 periculis
1538 381 1723 427 maiores
1746 395 1787 427 et
1808 381 1946 428 virtus

138 465 188 495 ea
211 448 326 507 viget
354 448 398 493 in
422 461 617 507 pectore,
643 465 752 507 quae
777 448 912 507 possit
942 465 1042 494 cum
1067 465 1274 508 supremo
1303 448 1434 494 etiam
1460 462 1626 495 terrore
1653 448 1945 495 humanarum

140 532 286 562 rerum
303 532 453 561 secura
470 532 571 561 cum
588 514 725 574 gloria
744 514 988 561 decernere.
1007 518 1169 561 Arcem
1188 516 1374 562 iustitiae
1390 515 1502 575 leges
1519 515 1734 576 appellare
1752 519 1943 563 Cosmus

138 583 381 638 consuevit,
409 600 513 642 quo,
542 599 643 629 cum
672 596 1012 643 oppugnaretur,
1042 597 1090 629 ut
1116 597 1211 630 tuta
1235 597 1342 630 esset
1370 601 1394 630 a
1418 583 1460 629 vi
1489 583 1605 630 illata
1630 598 1759 644 atque
1786 584 1943 631 iniuria

139 650 354 711 refugeret
372 650 509 711 (quod
525 665 674 697 tamen
690 665 738 697 tu
754 651 928 698 noveris
945 665 1122 711 oportet
1139 651 1306 707 melius,
1326 652 1400 712 qui
1417 669 1517 698 cum
1536 669 1589 698 eo
1603 652 1749 699 vixisti
1765 651 1944 699 familia-

139 719 321 778 rius),“¹¹¹¹
349 718 425 765 sed
452 718 584 774 illam,
615 736 716 766 cum
745 736 900 766 omnes
926 737 1064 780 prope
1093 734 1242 779 gentes
1268 719 1493 780 quondam
1523 719 1734 767 inferrent
1763 720 1943 777 bellum,

137 786 316 834 desertis
339 787 465 834 terris
490 787 552 847 (ut
577 787 737 834 Graeci
758 787 911 847 aiunt),
937 787 1174 834 ascendisse
1198 788 1242 834 in
1267 787 1448 844 caelum,
1475 806 1556 835 nec
1576 789 1696 849 prius
1721 803 1948 836 verentem

136 856 227 901 vim
246 856 406 902 reverti
422 854 477 902 ad
493 873 573 902 nos
589 855 776 903 voluisse
797 873 928 916 quam
947 855 1072 916 leges,
1090 855 1246 916 quibus
1265 870 1463 903 uteretur
1477 856 1532 903 ad
1545 856 1744 913 salutem,
1764 857 1945 904 conder-

136 938 278 970 entur.
298 922 439 982 Quod
456 923 635 984 quidem
652 923 738 971 dici
755 923 865 970 mihi
883 942 974 971 non
990 924 1231 985 prudenter
1247 924 1385 972 modo
1402 939 1444 972 et
1460 925 1649 985 graviter
1661 925 1800 973 videri
1815 925 1940 982 solet,

134 991 211 1039 sed
233 1009 411 1039 summo
438 993 569 1039 etiam
597 1010 697 1039 cum
723 992 872 1053 lepore
898 1010 947 1040 ac
969 1008 1208 1049 venustate,
1234 1008 1282 1040 ut
1308 993 1467 1041 referre
1489 994 1550 1041 sic
1575 993 1698 1041 facile
1722 997 1940 1041 Cosmum

136 1059 322 1106 dixerim
354 1060 573 1107 excultam
603 1060 722 1107 illam
755 1078 863 1121 quae
896 1061 940 1107 in
972 1064 1147 1108 Socrate
1178 1061 1259 1108 fuit
1290 1061 1397 1108 olim
1430 1076 1718 1122 ornatamque
1750 1062 1944 1110 Platonis

137 1127 302 1175 mellita
323 1127 481 1175 deinde
502 1128 752 1175 elocutione
774 1129 1045 1189 sapientiam.

221 1196 335 1254 Quis
351 1214 506 1243 verum
523 1197 718 1256 primum
738 1196 885 1243 tulerit
902 1196 1027 1256 leges,
1045 1211 1093 1244 ut
1110 1197 1348 1244 multarum
1367 1216 1543 1258 quoque
1559 1213 1783 1258 praeterea
1796 1217 1943 1246 rerum

135 1264 402 1319 inventores,
428 1264 473 1309 in
499 1264 706 1324 ambiguo
731 1279 807 1310 est.
833 1265 986 1311 Cereri
1009 1264 1186 1325 quidem
1211 1265 1411 1312 tribuunt
1436 1283 1532 1312 eam
1555 1265 1754 1326 gloriam,
1781 1281 1823 1313 et
1846 1266 1944 1327 legi-

135 1330 273 1378 feram
306 1348 355 1378 ea
385 1332 521 1391 gratia
553 1331 716 1378 dictam
745 1346 916 1392 putant.
952 1332 1174 1379 Nonnulli
1210 1333 1494 1380 Phoroneum
1531 1334 1679 1381 Inachi
1712 1333 1855 1381 filiurn
1891 1353 1943 1382 ex

133 1399 299 1455 Niobe,
329 1400 404 1459 qui
429 1400 558 1459 Argis
584 1400 850 1460 imperitavit
877 1418 951 1447 rex
975 1400 1248 1448 secundus.¹¹¹¹
1271 1405 1370 1448 Nos
1395 1406 1602 1462 Moysem
1630 1400 1813 1463 quem‚⁹⁴
1839 1421 1941 1450 cum

133 1470 235 1514 Deo
258 1466 399 1514 fertur
420 1467 607 1523 locutus,
633 1482 681 1515 ut
706 1469 870 1515 amicus
894 1468 948 1515 ad
968 1470 1159 1516 amicum
1183 1469 1308 1526 solet,
1333 1470 1499 1517 tabulas
1524 1470 1715 1518 dictante
1737 1472 1941 1518 Domino

134 1552 239 1595 quas
272 1536 508 1595 scripsisset
543 1550 779 1596 postquam
816 1554 916 1583 cum
952 1555 1006 1584 eo
1041 1537 1324 1598 quadraginta
1356 1537 1446 1585 dies
1479 1538 1756 1599 totidemque
1790 1538 1938 1587 fuisset

134 1618 299 1659 noctes,
323 1603 481 1664 quibus
505 1603 684 1664 quidem
707 1622 787 1651 nec
808 1623 968 1665 panem
991 1606 1242 1666 gustavisset
1266 1621 1338 1653 aut
1361 1624 1532 1667 aquam,
1554 1606 1779 1654 tradidisse
1803 1607 1942 1655 homi-

133 1671 261 1718 nibus
284 1672 480 1732 primum
508 1671 620 1732 leges
643 1673 713 1732 pie
738 1673 969 1729 credimus3
996 1674 1074 1720 etsi
1096 1675 1299 1721 Minoem
1325 1674 1410 1731 alii,
1437 1675 1640 1722 nonnulli
1669 1675 1943 1723 Rhadaman-

131 1753 228 1786 tum
247 1740 417 1800 primos
438 1740 484 1786 in
506 1743 640 1787 Creta
656 1741 848 1801 posuisse
871 1741 983 1802 leges
1002 1741 1196 1798 tradunt,
1215 1757 1257 1789 et
1275 1743 1478 1790 Minoem
1500 1742 1616 1790 fama
1635 1758 1696 1791 est
1716 1762 1818 1791 cum
1840 1748 1943 1791 Iove

130 1822 254 1867 patre
273 1807 488 1864 locutum,
512 1808 564 1855 ab
586 1826 640 1855 eo
661 1809 782 1869 quod
803 1809 960 1856 deinde
980 1809 1159 1857 referret
1179 1811 1224 1857 in
1245 1811 1357 1871 leges
1377 1812 1602 1872 accepisse,
1622 1826 1670 1858 ut
1693 1827 1741 1859 tu
1762 1830 1938 1873 quoque

130 1875 264 1936 paulo
291 1890 391 1922 ante
416 1875 600 1923 dicebas.
629 1881 803 1923 Bonum
833 1877 1010 1938 quidem
1038 1877 1161 1924 illum
1189 1877 1369 1925 virum⁹⁵
1399 1880 1647 1940 iustumque
1676 1898 1835 1940 regem,
1862 1882 1941 1927 etsi

130 1958 287 2003 poetae
301 1944 480 2004 quidam
496 1944 801 2001 Athenienses,
818 1945 950 1993 credo
964 1960 1012 1993 ut
1026 1961 1300 2007 oppugnatae
1316 1948 1480 2007 patriae
1493 1948 1670 1995 iniurias
1685 1948 1939 1996 ulcisceren-

131 2025 216 2067 tur,
235 2012 455 2058 immitem
475 2027 516 2058 et
533 2012 693 2059 durum
713 2014 950 2060 cecinerint
967 2014 1013 2059 in
1031 2014 1276 2074 tragoediis;
1295 2015 1651 2062 Rhadamantum
1669 2034 1776 2062 vero
1792 2017 1935 2076 ipsum

131 2096 223 2125 non
247 2079 492 2126 condidisse
514 2079 640 2140 leges,
664 2098 805 2141 neque
827 2081 1035 2141 regnandi
1055 2083 1281 2129 scientiam
1304 2082 1515 2139 didicisse,
1537 2083 1614 2130 sed
1633 2101 1687 2130 eo
1707 2101 1835 2131 usum
1858 2085 1941 2130 Mi-

131 2164 265 2193 noem
285 2148 489 2194 ministro
509 2162 638 2208 atque
656 2149 893 2209 interprete
911 2150 955 2195 in
974 2149 1081 2197 urbe
1100 2153 1258 2197 Gnoso
1278 2151 1323 2197 in
1342 2169 1427 2212 qua
1444 2152 1638 2212 regnavit
1657 2170 1811 2199 eorum
1832 2170 1941 2213 quae

130 2232 153 2261 a
173 2233 217 2261 se
240 2219 342 2262 Iove
365 2231 639 2263 monstrante
661 2231 784 2277 patre
805 2217 1157 2275 decernerentur,
1178 2219 1555 2280 quemadmodum
1578 2220 1703 2277 Talo,
1727 2235 1775 2268 ut
1797 2239 1866 2268 eas
1887 2221 1942 2268 ad

130 2282 236 2329 alios
254 2301 430 2344 quoque
450 2283 639 2331 deferret
651 2285 841 2346 populos
861 2286 1018 2346 quibus
1036 2287 1277 2347 imperabat
1294 2289 1436 2335 aeneis
1453 2289 1606 2336 incisas
1623 2288 1780 2336 tabulis
1795 2289 1935 2350 publi-

129 2366 333 2411 caretque
355 2351 481 2412 leges,
506 2353 723 2400 utebatur.
747 2358 850 2401 Hoc
874 2369 989 2401 certe
1012 2370 1182 2402 constat
1204 2357 1484 2403 Cretensium
1508 2356 1620 2417 leges
1643 2357 1850 2405 omnibus
1875 2373 1939 2405 to-

128 2419 214 2466 tius
233 2420 443 2467 Graeciae
458 2420 623 2480 legibus
644 2420 772 2468 fuisse
792 2423 1059 2483 antiquiores
1078 2438 1120 2470 et
1137 2423 1190 2470 ad
1206 2423 1456 2484 longissima
1476 2426 1608 2472 etiam
1626 2440 1829 2486 tempora
1843 2444 1937 2487 per-

129 2486 316 2543 durasse,
333 2502 381 2534 ut
397 2503 504 2548 puta
519 2507 629 2549 quae
645 2493 761 2546 Iove,
778 2489 963 2537 deorum
981 2492 1182 2538 omnium
1204 2493 1412 2549 maximo,
1432 2493 1730 2541 conderentur
1744 2509 1935 2542 auctore.

129 2558 279 2613 Quem
302 2556 337 2602 si
361 2557 456 2616 quis
479 2574 620 2604 errare
642 2558 858 2605 existimat
879 2560 1071 2619 potuisse
1096 2564 1173 2617 [et]
1192 2561 1445 2608 secretiores
1465 2562 1667 2622 antiquae
1688 2562 1935 2623 theologiae

129 2624 339 2682 mysticos
371 2642 519 2671 sensus
553 2626 783 2685 ignorasse,
819 2627 980 2674 merito
1011 2645 1034 2674 a
1064 2627 1335 2675 doctioribus
1370 2629 1774 2690 reprehenderetur.
1808 2634 1936 2690 Quae

128 2691 246 2737 enim
272 2706 399 2751 putas
425 2710 550 2739 causa
573 2707 635 2740 est
660 2711 738 2740 cur
761 2712 841 2741 nos
865 2695 1062 2755 quotidie
1089 2696 1224 2756 (quod
1249 2711 1291 2744 et
1314 2697 1405 2744 aliis
1430 2715 1605 2758 quoque
1631 2697 1819 2745 vereor9⁶
1845 2717 1937 2746 eve·

130 2758 222 2804 nire
239 2758 391 2805 itidem
407 2760 669 2820 civitatibus)
689 2761 921 2809 condimus
937 2762 1049 2822 leges
1063 2781 1212 2819 novas,
1231 2764 1489 2824 abrogamus
1506 2765 1718 2822 conditas,
1734 2767 1815 2813 nisi
1833 2767 1934 2826 quia

208 2965 258 2980 “¹¹¹¹
283 2963 348 2999 On
371 2962 497 3000 Scala’s
521 2962 615 3001 close
642 2963 875 3013 relationship
898 2965 988 3003 with
1013 2967 1162 3004 Cosimo
1187 2966 1243 3005 de’
1269 2967 1412 3012 Medici,
1438 2968 1543 3012 Scala,
1570 2972 1678 3006 34—41
1706 2972 1857 3015 [22-25}
1885 2984 1937 3007 on

128 3014 501 3104 ξιοῖἰιιέὶίἷεέῃὲεὶιξέὄ
493 3016 532 3052 in
549 3015 628 3059 law,
647 3018 841 3060 A.Brown,
859 3017 1067 3055 ‘Platonism
1085 3019 1124 3055 in
1140 3018 1499 3068 Fisteenth-Century
1516 3020 1710 3065 Florence,'
1733 3021 1799 3059 The
1811 3021 1935 3059 Media·

208 3128 242 3143 ¹²¹¹
267 3126 329 3160 An
356 3125 525 3163 ancestral
553 3125 666 3174 figure
693 3127 732 3163 in
757 3126 818 3165 the
845 3129 978 3175 Argive
1003 3128 1187 3173 tradition,
1213 3143 1270 3167 see
1297 3129 1554 3178 Apollodorus,
1588 3130 1654 3169 Yhe
1677 3131 1832 3179 Library,
1862 3135 1936 3175 H.1,

128 3176 306 3223 Hyginus,
326 3176 481 3220 Fabulae,
503 3181 577 3221 143,
599 3181 674 3215 145.
