2060 3450
86 183 335 217 SERMONS
1793 177 1885 218 467

85 320 301 368 solatione
326 320 394 367 de’
418 321 577 375 miseri,
601 338 629 366 o
651 319 860 366 conforto
882 337 904 366 e
925 320 1061 367 salute
1084 320 1151 367 de’
1173 321 1407 381 peccatori,
1430 320 1568 381 degna
1588 338 1667 381 per
1687 321 1727 368 la
1747 336 1895 368 vostra

86 403 241 436 natura
261 387 505 435 liberatrice
527 387 792 435 dell’umana
813 388 1107 448 generatione,
1130 388 1268 448 degna
1287 406 1367 449 per
1387 388 1427 435 la
1447 403 1595 436 vostra
1617 389 1892 436 acerbissima

83 457 298 517 passione,
325 455 463 516 degna
483 473 564 516 per
585 455 624 503 la
646 470 792 503 vostra
814 455 1109 503 crudelissima
1133 471 1276 504 morte
1299 474 1321 503 e
1343 456 1532 517 gloriosa
1558 458 1889 514 resurrectione,

83 524 326 585 perdonate
348 542 372 571 a
392 524 468 571 noi
491 524 636 571 miseri
656 524 891 585 peccatori,
913 524 1113 571 exaudite
1132 528 1169 571 e'
1190 524 1359 585 prieghi
1380 525 1424 572 di
1446 525 1600 572 coloro
1623 529 1659 572 e’
1682 525 1798 586 quali
1820 526 1888 573 col

83 593 279 653 pretioso
299 609 459 652 sangue
481 593 519 639 ci
538 593 801 652 comperasti
822 610 844 639 e
862 610 941 653 per
959 592 1195 640 l’advenire
1214 607 1335 640 tanta
1354 592 1548 640 fortezza
1566 608 1726 650 vostra,
1747 593 1791 641 di
1810 594 1890 641 che

82 661 305 721 possiamo
336 677 416 720 per
443 659 484 706 13
512 675 659 707 vostra
687 661 822 720 gratia
848 664 885 707 a‘
917 660 1120 707 diabolici
1152 661 1300 708 insulti
1331 662 1525 708 resistere
1555 679 1577 708 e
1606 662 1823 709 servando
1852 666 1889 709 e’

83 729 212 775 tuo‹i›
228 728 424 788 precepti
442 727 523 775 alla
539 745 742 788 suprema
759 728 896 788 gloria
915 743 957 775 et
974 743 1122 775 eterna
1139 728 1299 776 felicita
1312 730 1554 790 pervenire.
1576 734 1735 776 Amen.
1755 731 1885 777 Finis.

973 870 998 911 3

174 939 561 978 EXHORTATIO
582 940 664 978 AD
686 939 1084 979 PENITENTIAM
1105 940 1488 980 BARTOLOMEI
1509 942 1585 980 DE
1606 942 1797 981 SCALIS

776 1030 848 1079 M⁵,
870 1031 954 1072 fols.
978 1036 1193 1073 146r-147r.

79 1135 267 1190 Sicome,
297 1135 524 1182 reverendi
547 1135 673 1196 padri
700 1150 742 1182 et
769 1137 1054 1183 amantissimi
1084 1135 1255 1193 fratelli,
1283 1138 1359 1184 noi
1387 1152 1558 1184 mentre
1586 1137 1666 1184 che
1693 1139 1888 1185 viviamo

81 1202 194 1250 nella
217 1204 456 1264 contagion
481 1203 549 1251 del
575 1222 713 1264 corpo
738 1222 760 1251 e
785 1203 898 1252 nella
921 1204 1112 1252 humana
1137 1204 1322 1266 fragilita
1344 1220 1464 1253 tutto
1488 1205 1533 1253 di
1556 1224 1579 1253 e
1603 1224 1627 1253 a
1650 1207 1753 1267 ogni
1781 1206 1889 1254 hora

79 1274 147 1318 co’
171 1272 310 1318 nostri
334 1271 537 1319 demeriti
557 1290 579 1319 e
602 1287 749 1319 nostre
773 1272 958 1333 iniquita
977 1272 1251 1320 offendiamo
1272 1273 1548 1330 l'Altissimo‚
1574 1274 1716 1322 talche
1737 1274 1791 1322 da
1810 1276 1886 1322 noi

79 1338 101 1386 ὲ
125 1339 315 1386 alienato
338 1357 360 1386 e
380 1339 457 1400 piu
481 1340 595 1387 nella
614 1358 690 1387 sua
711 1342 989 1401 protectione
1014 1359 1105 1388 non
1126 1343 1286 1389 stiamo
1307 1360 1387 1402 per
1406 1360 1500 1389 non
1525 1342 1696 1390 habitar
1715 1344 1792 1390 noi
1816 1343 1886 1390 nel

77 1425 159 1454 suo
177 1407 413 1463 adiutori03
434 1407 524 1454 cosi
542 1426 586 1455 se
605 1407 778 1455 infinite
796 1408 915 1456 volte
933 1427 956 1456 e
975 1427 999 1456 a
1015 1410 1118 1470 ogni
1139 1409 1247 1456 hora
1266 1411 1312 1456 in
1332 1425 1487 1471 questo
1504 1410 1669 1458 devoto
1688 1412 1886 1458 oratorio

78 1476 468 1535 acongregassimo,
492 1475 665 1523 infinite
683 1476 803 1523 volte
822 1494 846 1524 a
866 1478 941 1524 noi
960 1481 1168 1538 s’aspecta
1186 1478 1214 1524 il
1234 1496 1367 1525 nome
1387 1496 1468 1525 suo
1487 1478 1662 1526 laudare
1680 1497 1702 1526 e
1721 1481 1883 1539 magni-

78 1541 210 1589 ficare
233 1561 255 1589 e
281 1544 357 1590 noi
381 1543 609 1590 medesimi
635 1562 658 1591 a
679 1562 781 1591 vera
801 1546 1045 1605 penitentia
1067 1563 1088 1592 e
1112 1545 1405 1593 satisfactione
1429 1546 1497 1593 de'
1523 1548 1662 1594 nostri
1686 1547 1889 1594 demeriti

79 1611 287 1658 rivocare.
310 1614 393 1658 Per
412 1611 453 1658 la
472 1611 571 1672 qual
594 1630 694 1659 cosa
713 1612 885 1659 avendo
906 1614 996 1669 noi,
1020 1615 1318 1670 amantissimi,
1343 1615 1388 1660 in
1410 1630 1561 1675 questa
1580 1633 1673 1662 sera
1691 1615 1887 1663 secondo

79 1694 228 1726 nostra
249 1679 566 1727 consuetudine
589 1698 674 1727 con
694 1680 863 1741 psalmi,
887 1682 1058 1737 cantici,
1079 1681 1235 1742 hymni
1257 1697 1299 1729 et
1318 1683 1510 1729 orationi
1530 1683 1725 1730 secondo
1746 1683 1774 1729 il
1792 1702 1886 1744 pre-

77 1761 208 1807 cepto
229 1746 298 1793 del
321 1747 546 1794 Psalmista
568 1748 746 1795 laudato
767 1766 789 1795 e
812 1749 1094 1809 magnificato
1115 1750 1152 1797 el
1175 1768 1308 1797 nome
1332 1750 1448 1797 dello
1471 1751 1721 1798 immortale
1744 1752 1885 1808 Iddio,

77 1813 99 1861 ὲ
131 1814 169 1861 31
200 1830 401 1875 presente
435 1833 527 1862 non
558 1815 799 1863 solamente
834 1818 1124 1864 conveniente
1157 1836 1228 1865 ma
1259 1818 1296 1865 al
1327 1833 1448 1865 tutto
1480 1821 1721 1866 necessario
1753 1820 1833 1867 che
1865 1838 1889 1867 a

76 1881 225 1942 quello
246 1897 346 1929 acto
364 1882 650 1943 devegnamo,
673 1883 700 1929 il
722 1884 847 1944 quale
865 1884 958 1945 puo
979 1885 1019 1932 le
1040 1900 1187 1932 nostre
1209 1886 1394 1946 iniquita
1412 1904 1456 1933 se
1476 1887 1587 1933 bene
1608 1905 1700 1934 non
1722 1888 1885 1935 cancel-

75 1948 177 2006 lare,
216 1949 418 1997 almanco
457 1950 717 2011 alleggerire‚
753 1952 913 2012 perche
952 1971 1078 2000 come
1115 1953 1326 2014 vogliono
1366 1955 1509 2002 oscuri
1547 1954 1744 2016 theologi
1783 1955 1805 2002 ὲ
1844 1959 1881 2003 3’

76 2017 349 2079 delinquenti
374 2019 415 2066 13
438 2037 552 2079 pena
577 2020 803 2067 attribuita
824 2021 1019 2068 secondo
1045 2021 1085 2068 13
1109 2022 1272 2082 qualita
1296 2040 1318 2069 e
1343 2024 1484 2083 specie
1512 2023 1580 2070 del
1605 2038 1788 2084 peccato
1812 2042 1834 2071 e
1861 2042 1885 2071 a

75 2085 219 2146 quella
241 2104 341 2133 cosa
362 2086 403 2134 la
424 2105 538 2147 pena
559 2088 594 2134 si
618 2087 758 2135 debbe
783 2089 1009 2136 attribuite
1032 2089 1072 2136 la
1096 2090 1220 2150 quale
1245 2090 1300 2137 ha
1321 2106 1516 2151 peccato.
1539 2095 1575 2137 E
1600 2092 1882 2139 conoscendo

75 2154 151 2200 noi
168 2153 347 2201 l’anima
364 2170 514 2202 nostra
532 2173 645 2203 esser
660 2157 938 2204 immaculata
954 2175 975 2204 e
992 2157 1104 2205 dalla
1118 2159 1379 2219 contagione
1397 2158 1466 2206 del
1484 2177 1623 2220 corpo
1640 2159 1883 2221 deturpata,

72 2221 182 2282 pero
209 2223 243 2269 si
273 2223 467 2270 ricercha
490 2223 570 2270 che
598 2224 740 2284 quella
766 2243 865 2272 cosa
892 2225 1175 2286 castighiamo
1203 2226 1282 2274 che
1309 2227 1487 2274 l'anima
1514 2242 1676 2284 nostra,
1703 2246 1783 2289 per
1807 2246 1883 2276 sua

75 2304 230 2336 natura
252 2308 363 2350 pura
389 2309 411 2337 e
438 2292 631 2347 innoxia,
659 2310 743 2339 con
770 2294 866 2339 vitii
891 2311 913 2340 e
940 2293 1160 2341 mondane
1187 2294 1398 2342 brutterie
1425 2295 1622 2356 deturpa;
1648 2314 1670 2343 e
1698 2296 1797 2357 qual
1823 2297 1884 2344 sia

74 2357 217 2417 quella
234 2376 334 2405 cosa
352 2359 432 2405 che
450 2359 534 2406 tale
553 2359 715 2407 effecto
728 2361 925 2421 produca
944 2379 1125 2418 amesso,
1147 2380 1238 2409 non
1257 2378 1524 2410 certamente
1541 2363 1563 2410 ὲ
1581 2363 1749 2411 dubbio
1770 2382 1883 2411 esser

74 2440 229 2486 questo
260 2441 415 2474 nostro
446 2445 584 2488 corpo
617 2427 670 2475 da
698 2428 858 2476 carnali
889 2429 1089 2477 desiderii
1119 2431 1316 2487 incitato,
1348 2431 1459 2478 nelle
1490 2433 1591 2479 vani
1621 2433 1878 2493 cogitationi

72 2511 331 2550 sommerso,
357 2495 474 2542 dallo
494 2497 691 2556 appetito
710 2497 750 2543 13
771 2498 945 2557 ragione
966 2499 1244 2559 soggiogante
1268 2517 1533 2556 commosso,
1558 2518 1580 2547 e
1602 2500 1712 2548 dalle
1731 2501 1879 2548 diabo-

72 2560 185 2608 liche
208 2562 361 2609 insidie
385 2564 602 2623 instigato.

157 2628 189 2674 ss
212 2629 292 2676 che
313 2630 402 2676 cosi
426 2631 608 2678 essendo
630 2649 651 2678 e
671 2632 912 2692 sappiendo
937 2634 1012 2680 noi
1034 2634 1079 2679 in
1102 2635 1310 2681 contrarii
1330 2638 1397 2681 co'
1418 2653 1494 2682 sua
1516 2637 1725 2682 contrarii
1745 2654 1882 2683 essere

71 2697 231 2752 vocati,
256 2715 341 2744 con
368 2697 507 2745 ferma
529 2698 713 2746 volonta
738 2714 779 2747 et
803 2700 1108 2748 ardentissimo
1132 2701 1347 2749 desiderio
1371 2702 1414 2749 di
1440 2703 1660 2763 ricuperar
1683 2703 1723 2751 la
1745 2705 1881 2764 gratia

72 2763 140 2811 del
156 2765 337 2825 Signore
354 2765 422 2826 gia
436 2768 649 2823 smarrita,
666 2785 757 2814 non
773 2768 1064 2829 perdonando
1081 2769 1135 2816 ad
1149 2769 1307 2817 alcuno
1324 2770 1550 2831 corporale
1568 2772 1872 2828 incommodo,

70 2831 329 2892 piglieremo
351 2833 391 2881 la
410 2834 638 2895 disciplina
657 2835 918 2893 volontaria,
940 2837 1121 2884 daremo
1141 2855 1164 2884 a
1182 2853 1337 2898 questo
1357 2856 1495 2899 corpo
1516 2839 1628 2886 dalla
1645 2840 1876 2887 sensualita

71 2900 198 2947 vinto
218 2901 401 2961 qualche
419 2902 642 2959 battitura‚
661 2903 777 2950 siche
796 2922 890 2951 esso
909 2923 1036 2952 come
1054 2905 1335 2966 delinquente
1354 2907 1562 2966 castigato
1577 2908 1612 2953 si
1633 2907 1782 2954 riduca
1799 2907 1880 2954 alla

72 2968 141 3014 via
163 2968 275 3015 della
294 2969 445 3026 salute,
466 2971 501 3017 si
526 2971 739 3018 riconcilii
764 2990 849 3019 con
873 2972 944 3019 chi
965 2973 1021 3020 l’a
1043 2973 1087 3020 di
1110 2988 1224 3020 terra
1245 2989 1405 3030 creato,
1425 2975 1606 3021 scan‹n›i
1630 2974 1874 3035 l'appetito,

72 3037 305 3082 extermini
327 3037 368 3083 la
389 3038 620 3085 sensualita
642 3057 664 3085 e
687 3039 773 3086 allo
798 3041 984 3100 'mperio
1010 3040 1121 3087 della
1140 3059 1241 3088 vera
1263 3042 1437 3102 ragione
1461 3043 1496 3089 si
1517 3043 1830 3103 sottopongha3
1858 3061 1880 3090 e

72 3120 96 3149 a
120 3103 177 3150 tal
203 3122 303 3151 cosa
330 3104 433 3161 fare,
459 3107 759 3162 amantissimi,
788 3125 879 3154 non
905 3109 939 3154 si
967 3108 1097 3155 vuole
1123 3127 1202 3169 per
1225 3109 1270 3156 lo
1298 3109 1477 3169 indugio
1506 3110 1586 3156 che
1611 3111 1722 3157 vitio
1746 3111 1876 3171 piglia

73 3170 295 3227 ritardare‚
318 3190 410 3219 non
434 3172 456 3220 ὲ
480 3173 534 3220 da
556 3174 718 3221 ritrarsi
741 3174 852 3222 dalla
872 3176 1058 3236 impresa
1080 3176 1148 3237 pel
1173 3177 1347 3232 timore,
1372 3177 1672 3224 crudelissimo
1697 3179 1875 3225 tiranno
