2124 3464
119 171 350 206 PRIVATE
375 170 604 205 LETTERS
1866 163 1923 203 77

119 313 157 357 e’
176 310 306 357 cenni
322 308 436 356 della
449 308 655 369 battaglia
670 307 725 355 da
740 307 882 364 Colle,
902 322 944 355 et
958 307 1255 368 pignevamoli
1274 308 1452 355 innanzi
1469 325 1549 368 per
1565 308 1789 355 mostraisi
1808 311 1845 355 a’
1865 309 1926 354 ni-

119 378 223 425 mici
247 392 290 424 et
310 395 391 438 per
411 376 513 424 dare
535 375 686 424 favore
708 379 746 423 a'
771 376 923 432 nostri,
948 393 1075 423 come
1098 375 1304 423 abbiamo
1328 375 1447 423 facto
1467 376 1570 436 ogni
1593 375 1715 423 volta
1737 376 1883 423 insino
1908 394 1932 423 a

119 446 207 507 qui.
231 449 310 492 Ma
328 443 603 492 intendendo
623 443 704 492 che
723 443 765 491 13
784 443 990 504 battaglia
1005 444 1040 490 si
1061 444 1273 504 spiccava‚
1291 461 1372 504 per
1392 461 1484 490 non
1504 443 1686 504 perdere
1707 458 1864 504 questo
1883 443 1927 490 di

118 515 158 562 ci
174 513 406 561 levavamo
425 530 553 560 verso
572 512 787 560 Ganbassi
808 511 890 559 alla
906 526 1051 559 scorta
1068 511 1179 559 delle
1197 511 1466 573 vectuvaglie
1483 526 1526 559 et
1545 511 1613 559 de’
1633 511 1782 559 bufali.
1803 516 1930 559 Man-

118 582 249 630 damo
274 582 370 629 Pier
389 581 599 642 Vespucci
624 581 667 627 in
690 581 954 641 compagnia,
977 580 1193 628 stimando
1216 598 1371 628 ancora
1393 579 1468 641 pisi
1492 581 1773 628 sicuramente
1794 595 1945 641 potere

117 651 214 711 oggi
233 649 446 697 condurre
466 649 503 696 le
524 667 634 705 cose,
655 663 783 696 attesa
802 648 1114 709 l'occupatione
1134 648 1199 695 de'
1221 649 1377 695 nimici.
1399 649 1518 709 Ogni
1538 666 1636 696 cosa
1653 666 1732 709 per
1749 649 1879 709 gratia
1897 648 1940 695 di

116 719 207 765 Dio
228 735 252 765 a
271 717 395 765 buon
415 735 491 764 ora
510 734 616 764 vene
637 734 661 764 a
679 716 954 765 salvamento.
975 719 1024 762 E'
1046 715 1179 764 bufali
1197 734 1307 763 sono
1329 717 1571 776 consegnati
1591 717 1666 777 qui
1687 734 1711 764 a
1730 716 1813 763 due
1835 716 1942 764 della

116 801 239 842 terra,
261 789 297 832 e'
320 785 434 846 quali
453 786 804 832 continuamente
825 784 1108 831 conduranno
1130 788 1165 831 e'
1186 784 1390 845 legname,
1412 799 1453 831 et
1475 784 1790 845 l'Anghiarinoc
1812 785 1928 831 insie-

116 871 187 901 me
208 871 293 901 con
312 853 410 900 loro
430 852 589 900 aiutera
608 870 632 900 3
651 866 797 913 questa
816 870 928 909 cura,
949 852 985 899 el
1006 852 1128 913 quale
1148 852 1171 899 ὲ
1190 852 1268 900 util
1286 870 1470 913 persona
1488 870 1513 900 a
1532 853 1633 913 ogni
1653 870 1761 900 cosa.

201 921 427 969 Credemo
446 935 602 982 potere
624 920 842 968 condurre
862 938 948 968 con
971 923 1070 982 que’
1092 919 1228 968 bufali
1249 921 1348 981 oggi
1369 920 1410 968 la
1430 920 1746 977 bombardella,
1766 920 1928 982 perche

114 994 225 1038 s'era
251 990 418 1050 scripto
447 1007 471 1036 a
499 990 704 1036 Antonio
734 990 865 1036 Pucci
893 989 934 1036 la
962 988 1186 1036 mandasse
1216 1007 1240 1036 a
1267 989 1510 1036 Gambassi.
1545 989 1785 1036 Crediamo
1815 988 1927 1036 fusse

115 1058 265 1105 buona
290 1058 471 1118 cagione
494 1056 656 1118 perche
682 1075 775 1104 non
801 1056 842 1104 la
866 1056 1044 1104 mando.
1070 1058 1335 1104 Domattina
1357 1058 1647 1104 scriverremo
1673 1075 1697 1105 a
1722 1058 1927 1104 Antonio

115 1126 229 1173 della
243 1119 386 1173 Renad
404 1125 484 1172 che
502 1125 778 1172 intendiarno
796 1124 819 1172 ὲ
835 1143 859 1172 3
875 1124 1070 1172 Castello
1086 1129 1271 1181 Nuovo,
1291 1125 1372 1172 che
1388 1126 1600 1186 s’ingegni
1619 1124 1727 1173 farla
1742 1125 1928 1173 condur-

116 1212 160 1241 re
180 1212 204 1241 a
220 1193 453 1241 Gambassi
471 1193 594 1240 3661ὸ
612 1193 692 1240 che
711 1193 756 1240 di
773 1194 862 1254 qui,
883 1193 1055 1240 avendo
1073 1193 1256 1254 qualche
1274 1194 1517 1250 occasione,
1538 1193 1578 1240 la
1595 1193 1809 1240 facciamo
1827 1212 1929 1240 con-

115 1262 245 1310 durre
267 1262 343 1323 qui
362 1280 387 1309 a
405 1261 691 1309 salvamento.
715 1264 898 1309 Doman
920 1261 975 1309 da
990 1279 1085 1309 sera
1106 1276 1369 1309 metteremo
1391 1262 1436 1308 in
1458 1263 1635 1309 camino
1656 1261 1694 1310 el
1714 1263 1925 1323 pregione

114 1331 195 1378 che
219 1330 423 1378 serbamo
447 1331 566 1387 vivo,
591 1329 753 1391 perche
777 1345 949 1391 potesse
976 1330 1203 1378 intendere
1228 1330 1338 1378 costi
1363 1330 1401 1378 el
1426 1349 1546 1378 vero.
1573 1331 1720 1378 Prima
1745 1349 1838 1378 non
1863 1330 1923 1378 s'e

111 1414 276 1461 potuto
295 1417 377 1460 per
395 1399 519 1446 buon
544 1399 745 1460 rispecto.

198 1468 385 1528 Bisogna
407 1467 447 1514 ci
468 1466 689 1514 mandiate
707 1485 788 1528 per
807 1482 912 1514 octo
933 1467 979 1513 in
1002 1466 1114 1514 dieci
1133 1466 1178 1514 di
1197 1472 1281 1514 200
1301 1467 1553 1515 marraiuoli
1576 1467 1752 1515 almeno
1775 1482 1817 1515 et
1838 1467 1924 1515 for-

114 1536 273 1583 nirasse
303 1536 349 1582 in
378 1535 527 1582 buona
556 1550 680 1596 parte
708 1535 752 1582 di
780 1534 1020 1583 fortificare
1047 1550 1198 1597 questa
1226 1550 1353 1583 terra.
1382 1535 1633 1583 Gl’uomini
1664 1536 1708 1584 di
1739 1537 1814 1597 qui
1840 1555 1923 1584 son

110 1603 246 1665 pochi
265 1618 307 1651 et
323 1603 467 1651 molto
484 1603 689 1660 afaticati,
703 1618 746 1651 et
761 1603 1038 1651 nondimeno
1056 1603 1193 1651 fanno
1211 1605 1573 1652 continuamente
1591 1604 1662 1652 61ὸ
1677 1604 1757 1652 che
1771 1623 1921 1666 posso-

112 1690 187 1729 no,
211 1690 283 1719 ma
303 1689 397 1719 non
419 1671 552 1719 basta.
575 1672 762 1732 Bisogna
781 1671 1024 1733 provedere
1046 1672 1091 1719 di
1112 1672 1234 1720 costi.

177 1740 422 1788 ,Abbiamo
443 1741 634 1802 repetito
653 1740 805 1788 alcune
826 1758 925 1788 cose
944 1740 988 1788 di
1008 1740 1150 1802 quelle
1168 1742 1212 1788 vi
1230 1742 1266 1789 si
1284 1742 1502 1789 scrissono
1525 1742 1623 1802 oggi
1642 1759 1723 1803 per
1740 1741 1859 1790 fante
1879 1741 1923 1789 di

111 1813 229 1856 Luca
248 1808 303 1856 da
319 1809 450 1865 Rieti‚
470 1808 591 1856 3661ὸ
610 1808 689 1856 che
709 1827 802 1856 non
822 1808 994 1856 avendo
1013 1824 1143 1857 avuta
1159 1809 1303 1871 quella
1319 1809 1487 1866 lettera,
1506 1828 1598 1858 non
1617 1811 1661 1857 vi
1681 1810 1922 1858 manchino

111 1877 253 1938 questi
277 1878 396 1933 avisi,
422 1892 464 1924 et
484 1877 744 1938 preghiamo
770 1877 809 1925 le
832 1878 1028 1938 Signorie
1053 1882 1212 1925 Vostre
1237 1879 1281 1925 vi
1305 1878 1504 1939 degniate
1528 1879 1815 1940 risponderne
1841 1879 1922 1926 alle

111 1959 260 1992 nostre
278 1944 440 2006 perche
460 1945 735 1992 intendiamo
755 1945 916 2006 meglio
937 1945 1085 2007 quello
1105 1946 1185 1994 che
1204 1946 1410 1994 abbiamo
1432 1965 1455 1994 a
1474 1946 1578 2003 fare,
1597 1947 1677 1994 che
1698 1948 1925 1995 continua-

110 2028 259 2060 mente
279 2014 440 2060 stiamo
465 2014 510 2060 in
532 2013 816 2074 grandissima
836 2014 997 2075 gelosia
1019 2014 1063 2062 di
1087 2033 1179 2062 non
1201 2033 1357 2072 errare,
1378 2030 1420 2063 et
1440 2033 1521 2092 per
1539 2015 1580 2063 la
1603 2016 1788 2092 risposta
1810 2015 1921 2063 delle

108 2082 305 2142 Signorie
323 2099 495 2143 sempre
515 2082 823 2130 intenderemo
841 2082 986 2144 meglo
1005 2083 1085 2130 che
1103 2084 1316 2131 avessimo
1334 2102 1358 2131 a
1373 2085 1539 2145 seguire
1559 2084 1639 2132 che
1657 2085 1701 2131 vi
1716 2085 1919 2146 piacesse.

109 2150 516 2198 Rachomandianci
532 2150 612 2198 alle
627 2151 824 2211 Signorie
840 2155 1013 2199 Vostre.
1031 2156 1096 2198 Ex
1111 2155 1273 2199 Sancto
1289 2153 1532 2209 Cassiano,
1549 2152 1618 2200 die
1634 2158 1684 2199 21
1705 2153 1920 2200 Octobris

113 2223 218 2265 1479
242 2218 351 2265 hora
373 2218 462 2266 fere
483 2223 537 2266 3⁸.
563 2219 900 2267 Bartholomeus
922 2219 1043 2267 Scala
1062 2235 1104 2267 et
1124 2221 1252 2267 Piero
1272 2222 1465 2268 Vectori.

987 2362 1037 2403 81

651 2430 729 2470 TO
750 2431 1030 2471 LORENZO
1053 2432 1143 2470 DE'
1164 2433 1376 2472 MEDICI

606 2500 688 2538 San
710 2499 997 2551 Gimignano,
1018 2502 1069 2539 25
1093 2499 1290 2540 October
1314 2503 1419 2540 1479

190 2592 304 2630 ΜΑΡ
317 2593 378 2639 34,
381 2594 464 2631 548.
479 2591 665 2643 Original.
679 2593 884 2644 Secretary’
885 2607 903 2632 3
917 2591 1031 2633 hand.
1051 2595 1168 2633 Verso:
1182 2593 1431 2646 TMagnifiko
1446 2595 1542 2634 Viro
1556 2595 1759 2635 Laurentio
1773 2594 1835 2643 [de

190 2645 364 2695 MediJcis
384 2647 484 2699 patn'
502 2660 538 2688 et
559 2647 821 2697 be[nefactori]
840 2648 1208 2690 observandissime!
1230 2649 1344 2690 Recd
1346 2653 1393 2690 27
1415 2651 1615 2691 Oct.1479.

107 2749 345 2810 Magnifice
366 2751 435 2797 vir
454 2765 495 2798 et
516 2750 774 2799 benefactor
791 2752 853 2798 mi
874 2752 1222 2813 singularissime.
1247 2753 1348 2801 Sara
1367 2768 1619 2815 aportatore
1642 2754 1685 2801 di
1707 2769 1859 2815 questa
1878 2754 1916 2802 el

107 2817 361 2865 cancelliere
382 2818 426 2865 di
448 2823 564 2866 Luca
586 2819 641 2866 da
660 2820 791 2876 Rieti‚
813 2820 850 2867 el
874 2820 1000 2881 quale
1020 2821 1055 2868 si
1076 2836 1206 2882 porta
1228 2822 1303 2882 qui
1323 2822 1707 2869 benissimamente
1733 2837 1775 2869 et
1795 2840 1917 2870 serve

186 3068 275 3107 ⁶.OE
294 3069 401 3108 letter
415 3073 471 3114 71,
490 3082 577 3108 note
594 3070 626 3119 c)
645 3071 770 3109 above.

185 3122 202 3147 ‘¹
221 3129 287 3166 On
305 3127 369 3166 the
385 3142 482 3167 same
500 3128 570 3177 day
589 3129 652 3167 the
671 3130 777 3168 Dieci
794 3142 909 3168 wrote
926 3142 967 3168 to
988 3132 1156 3169 Antonio
1174 3131 1342 3180 ordering
1360 3131 1438 3169 him
1457 3144 1497 3170 to
1516 3131 1647 3170 discuss
1668 3133 1919 3181 provisioning

106 3179 198 3217 with
212 3179 276 3218 the
292 3181 400 3218 Vicar
415 3180 458 3218 of
471 3183 542 3219 San
557 3182 726 3226 Miniato,
743 3183 848 3220 Dieci
864 3183 1010 3220 Missive
1031 3182 1280 3227 10‚fol.145r.
