2124 3458
139 168 323 201 ESSAYS
1847 162 1938 203 329

960 309 1026 351 72.
1050 306 1127 351 Dii

138 409 366 468 Diagoras,
391 408 466 468 qui
489 425 513 455 a
534 408 715 455 Graecis
737 408 850 455 ‘Sine
873 407 971 455 deo'
996 422 1058 455 est
1080 409 1429 468 cognominatus,
1457 426 1557 456 cum
1583 408 1871 457 descendisset
1894 410 1948 457 ad

139 475 304 523 inferos
322 490 364 523 et
380 493 552 523 causam
569 475 747 532 diceret,
763 475 884 536 quod
902 476 1136 536 impietatis
1154 476 1490 533 insimularetur,
1511 476 1668 524 multas
1684 495 1769 538 pro
1786 477 1867 524 diis
1885 496 1945 525 ar-

137 544 491 604 gumentationes
514 561 670 604 magna
691 561 791 591 cum
815 545 1130 591 asseveratione
1152 545 1197 590 in
1220 544 1415 591 medium
1439 544 1655 592 attulerat.
1677 548 1796 592 Cum
1820 546 1945 593 mira-

139 626 292 659 rentur
320 611 482 659 iudices
511 629 559 659 ac
586 612 753 658 crimen
783 611 837 659 ad
862 629 905 659 se
935 611 1128 659 delatum
1158 611 1265 659 falso
1296 613 1382 660 iam
1410 627 1629 674 putarent:
1661 613 1808 660 ‘Unde
1840 631 1944 674 ergo

138 679 289 727 Atheo
305 679 386 726 tibi
403 697 653 739 cognomen
672 694 734 726 est
752 679 979 727 inditum?’
999 680 1221 740 rogabant.
1241 680 1484 741 Respondit
1504 681 1687 728 Atheos:
1708 683 1812 728 ‘Etsi
1832 683 1945 729 ratio

138 748 269 807 cogit,
292 747 388 807 quis
411 746 558 794 credat
577 762 726 794 tamen
748 765 835 794 esse
857 747 962 794 deos
984 747 1098 795 hisce
1121 748 1352 795 moribus?

902 889 968 931 73.
992 888 1181 931 Munera

136 987 323 1032 Procera
335 984 539 1045 populus,
561 1003 662 1032 cum
681 984 822 1032 excidi
836 985 1000 1032 radices
1014 986 1226 1042 sensisset,
1242 1004 1365 1033 versa
1382 987 1427 1032 in
1444 987 1699 1034 occisorem:
1722 987 1941 1035 ‘Herculis

134 1070 232 1100 sum
252 1053 411 1109 arbor,'
433 1054 590 1114 inquit,
611 1057 680 1100 ‘ne
695 1054 946 1114 percutito.'
965 1057 1084 1101 Cum
1101 1069 1299 1115 pergeret
1315 1069 1464 1102 tamen
1482 1073 1623 1116 neque
1641 1055 1766 1103 fieret
1784 1057 1942 1103 iniuria

135 1121 372 1181 quicquam
412 1122 608 1168 numinis
651 1122 894 1168 reverentia
932 1120 1218 1178 remissior,¹⁷⁹
1265 1123 1486 1170 invocavit
1527 1123 1781 1170 Herculem.
1825 1126 1943 1171 Tum

135 1189 318 1236 occisor:
342 1188 646 1236 ‘Simulacrum
669 1189 763 1245 tibi,
783 1204 872 1236 sate
890 1207 1098 1250 supremo
1119 1194 1221 1237 Iove
1242 1190 1468 1247 Hercules,
1489 1190 1603 1238 facio
1623 1209 1675 1238 ex
1694 1206 1770 1238 tua
1788 1192 1944 1239 arbore

135 1271 183 1304 ut
212 1257 355 1304 colare
382 1275 466 1317 pro
496 1258 663 1304 meritis
693 1275 742 1304 ac
769 1275 951 1305 munera
980 1259 1162 1319 accipias
1189 1258 1424 1306 divorum.’
1459 1259 1631 1306 ‘Ubivis
1662 1277 1766 1320 ergo
1795 1260 1946 1307 caedas

134 1324 265 1381 licet,’
289 1325 515 1386 respondit
539 1325 764 1373 Hercules.

903 1468 969 1509 74.
994 1466 1177 1510 Corona

134 1566 253 1610 Cum
280 1563 401 1611 docti
425 1563 604 1625 quidam
628 1563 883 1625 philosophi
913 1579 955 1612 et
978 1583 1126 1626 graves
1151 1565 1204 1612 de
1226 1566 1340 1613 vitae
1364 1567 1479 1613 inter
1500 1584 1544 1613 se
1571 1566 1867 1614 incommodis
1895 1585 1944 1614 ac

130 1631 336 1693 periculis
361 1632 648 1693 disputarent,
673 1651 772 1680 ecce
793 1633 1110 1694 percommode
1134 1634 1269 1695 lepus,
1296 1653 1428 1696 quem
1453 1634 1582 1682 multi
1606 1636 1795 1683 venatici
1817 1653 1944 1683 canes

133 1697 535 1761 insequerentur‚¹⁸⁰
572 1700 740 1761 fugiens
775 1716 874 1749 ante
907 1702 1224 1763 disputantium
1263 1703 1414 1750 oculos
1447 1705 1686 1764 praeteriit,
1721 1722 1941 1765 quemque

132 1769 278 1816 Diana
301 1768 481 1816 saltibus
507 1769 661 1816 cinctis
686 1769 887 1830 indagine
914 1788 962 1817 ac
984 1788 1203 1831 percusso,
1232 1771 1277 1817 in
1304 1789 1394 1832 quo
1421 1771 1714 1828 delitescebat,
1740 1773 1940 1833 caespite,

133 1837 409 1884 excitaverat.
444 1840 635 1884 Gratum
672 1837 983 1899 aliquantisper
1016 1839 1312 1900 spectaculum
1349 1839 1431 1887 fuit
1469 1855 1510 1887 et
1544 1839 1715 1901 longius
1752 1840 1939 1888 laborio-

131 1905 304 1966 siusque
343 1920 579 1952 certamen.
614 1905 688 1953 Ad
721 1921 997 1967 postremum
1034 1906 1268 1955 ludificatis
1304 1908 1638 1956 insectatoribus
1673 1908 1814 1970 lepori
1850 1910 1941 1956 vita

132 1973 292 2020 mansit
316 1973 562 2021 incolumis.
590 1978 651 2021 At
673 1975 832 2031 Diana,
855 1976 1067 2022 revocatis
1088 1975 1279 2032 canibus,
1306 1977 1447 2037 inquit
1472 1976 1527 2023 ad
1545 1976 1755 2038 leporem:
1782 1981 1944 2025 ‘Macte

132 2059 237 2102 ergo
257 2042 434 2098 virtute;
455 2043 517 2089 sic
538 2043 583 2089 in
606 2042 845 2104 Olympiis,
870 2044 931 2091 sic
952 2044 997 2090 in
1020 2061 1171 2105 agone,
1195 2045 1269 2106 qui
1291 2045 1520 2092 certaverit
1540 2063 1726 2093 coronas
1748 2045 1926 2093 tulerit.’

850 2185 915 2227 75.
941 2181 1225 2228 Conscientia

130 2280 356 2326 Diuturna
374 2279 557 2327 luctatio
575 2280 657 2327 fuit
675 2298 776 2328 cum
795 2285 953 2328 Nomo
972 2282 1153 2343 Culpae.
1174 2283 1408 2330 Petebatur
1423 2283 1567 2344 Culpa
1586 2283 1640 2331 ad
1654 2284 1933 2345 supplicium,

131 2347 254 2408 quod
276 2348 419 2394 Nomi
445 2363 601 2395 contra
623 2349 858 2409 imperium
883 2350 1165 2398 transiluisset
1190 2352 1377 2398 moenia.
1402 2355 1466 2398 Ex
1491 2353 1617 2412 nigro
1641 2351 1785 2413 Culpa
1809 2370 1938 2413 equo,

131 2433 263 2476 quem
289 2416 617 2473 conscenderat,
642 2417 779 2464 modo
802 2435 883 2478 per
905 2417 1123 2466 deserta181
1148 2418 1294 2480 fugam
1321 2419 1458 2467 modo
1482 2420 1662 2468 latibula
1686 2420 1937 2468 formidinis

130 2501 180 2530 ac
196 2483 503 2544 trepidationis
521 2484 651 2545 plena
666 2486 958 2546 perquirebat.
978 2488 1118 2534 Nocti
1137 2487 1315 2534 tandem
1333 2506 1434 2535 cum
1453 2506 1537 2549 pro
1555 2488 1691 2536 salute
1708 2489 1939 2536 sacrificas-

129 2566 208 2608 set,
230 2551 396 2599 destitit
418 2552 597 2613 quidem
619 2553 672 2600 ab
696 2554 966 2615 insequendo
987 2559 1179 2611 Nomus,
1205 2570 1246 2603 at
1267 2557 1423 2616 Erynis
1447 2558 1590 2617 agitat.

879 2695 944 2737 76.
970 2694 1190 2751 Regnum⁰

131 2793 235 2846 Leo,
257 2790 467 2838 contione
492 2790 717 2848 advocata,
740 2791 1073 2853 quadrupedum
1095 2794 1155 2840 sic
1177 2793 1310 2841 verba
1332 2793 1447 2841 fecit:
1470 2798 1731 2856 ‘Quousque
1757 2795 1937 2842 tandem

130 2855 419 2905 abutentur¹⁸²
448 2860 660 2919 patientia
686 2875 848 2916 nostra,
877 2861 1249 2909 commilitones?p
1276 2865 1522 2923 Quousque
1552 2864 1713 2910 erimus
1744 2864 1936 2911 inversae

211 3118 227 3133 ⁰
244 3115 306 3153 Ed.
327 3115 398 3153 and
413 3115 535 3153 transl.
555 3118 631 3160 Par,
652 3120 795 3155 113-14.

211 3176 227 3199 Ρ
245 3172 448 3217 Cf.Cicero,
471 3175 583 3211 Cam.
