2118 3444
137 167 320 202 ESSAYS
1846 157 1931 198 311

139 320 235 352 rato
266 305 610 351 intervenerunt.
643 307 814 363 Lupum
850 317 1001 357 mater,
1033 302 1206 348 leonem
1237 301 1393 362 pullus,
1429 299 1647 348 ridiculo⁴²
1681 300 1944 348 effinxerant

137 372 265 420 ludos
299 373 358 419 ita
388 371 441 418 de
475 368 710 418 hostibus⁴³
746 369 992 416 referentes.
1026 369 1165 428 Quod
1197 387 1276 429 per
1306 387 1380 416 eos
1413 369 1503 416 dies
1534 369 1775 416 Saturnalia
1807 384 1945 424 erant,

137 440 273 488 animi
299 439 436 499 gratia
461 439 519 486 ita
540 438 820 498 vagabantur.
847 438 1002 484 Statim
1028 437 1174 497 primo
1202 451 1454 497 conspectu,
1482 436 1689 484 dissoluta
1716 437 1940 492 contione,

137 525 292 555 omnes
321 505 629 567 diffugerunt⁴⁴
656 520 703 552 ut
733 523 786 552 ne
814 506 971 552 amotis
999 504 1177 565 quidem
1205 504 1332 552 larvis
1361 505 1555 551 revocari
1582 505 1770 565 quirent.
1798 507 1943 564 Dryas

137 590 299 631 autem,
321 592 430 635 quae
450 592 471 621 e
492 592 654 635 quercu
673 587 955 634 spectaverat,
976 574 1131 620 mirata
1149 587 1239 619 tam
1257 572 1446 635 subitam
1468 590 1613 619 rerum
1635 573 1944 628 mutationem,

139 644 294 704 inquit:
319 646 433 689 ‘Hos
454 642 655 689 videlicet
677 639 769 688 ita⁴⁵
792 642 835 687 in
857 655 956 688 tuto
977 640 1112 687 fortes
1131 640 1272 687 larvae
1292 658 1467 701 quoque
1491 641 1535 686 in
1555 639 1758 701 periculis
1779 654 1945 700 pertur-

137 712 263 759 batos
286 714 447 771 agunt.’

900 850 962 891 17.
986 846 1188 891 Timores

138 950 406 1010 Peregrinari
431 952 693 995 Portentum
718 966 819 994 cum
846 947 1103 994 decrevisset
1126 962 1168 994 et
1188 947 1449 1008 perlustrare
1474 947 1643 1003 orbem,
1669 947 1830 1007 paratis
1852 948 1946 1003 [eis]

137 1036 247 1078 quae
268 1035 379 1077 opus
401 1016 456 1063 ad
475 1017 557 1063 iter
573 1016 744 1076 longius
765 1016 935 1076 putavit
957 1033 1047 1076 quo
1068 1030 1175 1062 esset
1194 1016 1287 1062 viae
1306 1015 1431 1062 labor
1450 1015 1603 1070 levior,
1626 1014 1778 1062 eadem
1794 1033 1943 1061 secum

138 1086 182 1132 in
219 1085 347 1132 raeda
379 1084 654 1144 Religionem
692 1084 924 1143 coniugem
961 1098 1002 1130 et
1036 1101 1088 1130 ex
1123 1101 1171 1130 ea
1203 1080 1385 1130 natam⁴⁶
1418 1100 1541 1129 suam
1576 1083 1942 1143 Superstitionem

137 1153 384 1201 collocavit.
412 1152 605 1199 Raedam
630 1151 790 1199 nobilis
816 1151 1016 1199 clientela
1039 1151 1250 1207 Umbrae,
1275 1151 1563 1212 Suspiciones,
1591 1151 1830 1207 Vanitates,
1857 1154 1943 1198 Cu-

138 1223 367 1276 riositates,
391 1225 622 1276 Rumores,
647 1221 870 1267 Insomnia
893 1235 934 1266 et
952 1234 1146 1266 sescenta
1167 1219 1418 1266 huiusmodi
1441 1219 1747 1279 sequebantur.
1771 1223 1946 1279 Agmen

137 1290 279 1337 larvae
309 1288 568 1336 claudebant
600 1287 862 1348 multiplices
894 1303 1023 1348 atque
1051 1288 1285 1347 omnigena
1316 1302 1513 1334 monstra
1543 1286 1791 1334 referentes.
1821 1290 1945 1346 Quo-

137 1375 326 1418 cumque
344 1356 601 1412 advenisset,
617 1355 778 1403 effusae
793 1374 931 1416 paene
944 1355 1217 1416 populariter
1233 1356 1409 1402 obviarn
1426 1356 1626 1402 nationes
1642 1355 1883 1402 adorabant
1900 1373 1949 1402 ac

137 1426 353 1480 certatim,
377 1424 546 1471 collatis
570 1424 775 1480 donariis,
803 1423 967 1484 templa
990 1423 1269 1470 exstruebant
1294 1441 1374 1470 nec
1400 1441 1492 1470 non
1517 1441 1569 1470 ex
1593 1423 1737 1470 solido
1764 1438 1946 1483 argento

137 1508 267 1554 atque
296 1511 404 1540 auro
434 1492 760 1539 constituebant
791 1492 1032 1539 simulacra.
1064 1491 1136 1538 Ad
1166 1491 1442 1552 Heliopolim
1474 1506 1621 1538 autem
1654 1492 1718 1551 (ea
1746 1506 1807 1538 est
1835 1491 1946 1538 Solis

137 1562 302 1621 civitas)
327 1579 428 1608 cum
453 1561 654 1616 venisset,
679 1560 1001 1620 Heliopolitani
1024 1574 1173 1620 portas
1196 1559 1454 1607 clauserunt.
1481 1559 1621 1618 Quod
1643 1559 1822 1620 quidem
1846 1562 1948 1606 Por-

103 1659 105 1661 ·
136 1644 264 1676 tento
294 1629 595 1675 necessitatem
623 1627 725 1675 fecit
753 1627 1120 1688 experiundarum
1150 1628 1323 1674 virium.
1357 1632 1410 1674 Et
1439 1627 1561 1688 quod
1590 1642 1712 1674 erant
1738 1628 1946 1688 perpauci

138 1698 253 1744 intra
277 1714 427 1743 muros
454 1695 717 1752 defensores,
745 1695 861 1743 haud
885 1713 1045 1756 magno
1072 1696 1250 1756 negotio
1275 1710 1625 1756 expugnaturum
1655 1710 1811 1742 ratum.
1838 1697 1946 1742 Tor-

138 1765 298 1811 mentis
315 1765 510 1824 primum
532 1763 831 1824 machinisque
852 1763 1055 1819 admotis,
1074 1778 1122 1810 ut
1139 1763 1294 1810 urbem
1316 1763 1524 1810 dederent
1538 1763 1801 1823 postulabat.
1823 1766 1942 1810 Cum

138 1832 427 1879 nihilominus
448 1846 739 1891 repugnarent
758 1830 906 1887 fortes,
923 1832 1108 1878 maiores
1127 1831 1262 1877 hostis
1278 1830 1421 1877 multo
1437 1845 1620 1877 conatus
1634 1845 1771 1891 parat.
1787 1833 1948 1877 Terrae

138 1899 333 1947 motibus
360 1917 463 1960 ergo
488 1913 529 1946 et
552 1898 782 1960 lapidibus,
810 1898 966 1960 quibus
991 1916 1122 1960 super
1145 1898 1300 1945 urbem
1324 1898 1517 1959 pluebat,
1543 1913 1585 1945 et
1609 1894 1856 1945 cornibus⁴⁷
1882 1916 1947 1958 ag·

136 1986 302 2029 gressus
323 1983 365 2014 et
386 1967 556 2014 ardenti
574 1967 694 2014 caelo
715 1966 916 2014 infestior
936 1967 1230 2028 comparebat.
1251 1963 1383 2014 Nec⁴⁸
1404 1966 1546 2013 larvae
1565 1968 1709 2013 minus
1732 1966 1947 2013 terribiles

138 2035 384 2083 inferebant
402 2036 535 2096 signa,
555 2053 679 2096 quae,
697 2036 843 2082 nescio
862 2035 983 2096 quod
999 2050 1144 2096 pacto,
1164 2036 1376 2082 maiorem
1395 2035 1526 2082 etiam
1545 2053 1676 2095 quam
1694 2035 1785 2081 veri
1804 2049 1947 2081 metus

137 2105 543 2151 consternationem
576 2103 719 2151 solent
755 2103 924 2150 afferre.
958 2104 1040 2150 His
1076 2104 1119 2149 in
1154 2102 1487 2150 difficultatibus
1522 2103 1748 2150 oraculum
1785 2102 1946 2150 obsessi

137 2172 352 2219 adierunt.
370 2175 629 2219 Pervetusto
645 2187 791 2219 autem
809 2173 854 2218 in
872 2171 1042 2232 templo
1059 2171 1278 2232 Apollinis
1297 2186 1435 2218 sortes
1453 2171 1723 2218 colebantur.
1743 2174 1871 2230 Quae
1889 2189 1949 2218 re—

136 2240 411 2301 sponderunt
437 2240 720 2287 admitterent
743 2240 1018 2300 Religionem
1042 2254 1170 2300 atque
1191 2236 1367 2287 aditus⁴⁹
1390 2254 1539 2287 tamen
1560 2239 1678 2286 urbis
1703 2239 1946 2300 diligenter,

138 2326 192 2356 ne
214 2308 343 2355 turba
364 2326 540 2368 quoque
566 2309 739 2368 irrepat,
762 2308 1046 2355 custodirent.

847 2449 908 2491 18.
934 2444 1244 2491 Immortalitas

138 2545 270 2592 Filius
290 2544 474 2592 familias
493 2545 645 2592 beatus
662 2544 879 2600 fortunae,
898 2546 1095 2605 corporis
1116 2559 1157 2592 et
1175 2560 1352 2592 naturae
1369 2545 1617 2592 commodis
1639 2544 1946 2591 Immortalita-

138 2627 229 2659 tem
248 2612 532 2659 desiderabat.
551 2616 756 2659 Parentes
772 2630 962 2673 quoque,
981 2627 1029 2659 ut
1048 2627 1155 2659 esset
1172 2627 1399 2673 superstes,
1420 2612 1596 2673 diesque
1615 2626 1656 2659 et
1674 2626 1826 2659 noctes
1842 2626 1947 2659 vota

139 2679 346 2728 facientes
360 2680 546 2727 deorum
564 2680 934 2728 advolutabantur
947 2681 1041 2728 aris.
1060 2684 1191 2728 Forte
1207 2695 1352 2728 autem
1370 2680 1454 2736 illa,
1471 2698 1572 2727 cum
1590 2679 1643 2727 de
1658 2698 1782 2727 more
1800 2679 1948 2727 lustra·

141 2763 204 2796 ret
226 2763 375 2805 terras,
399 2748 454 2796 ad
476 2748 555 2796 hos
581 2748 771 2796 divertit.
794 2753 847 2796 Et
871 2748 992 2810 quod
1016 2763 1123 2796 esset
1148 2748 1291 2796 forma
1315 2749 1560 2809 augustiore
1586 2763 1627 2796 et
1650 2748 1794 2795 multo
1816 2766 1946 2809 supra

140 2817 379 2864 humanam
403 2818 607 2877 speciem,
628 2818 776 2878 primo
799 2818 946 2864 statim
969 2817 1159 2864 adventu
1180 2817 1362 2864 horrore
1386 2817 1537 2864 omnia
1559 2816 1811 2877 complevit.
1835 2820 1946 2863 Mox

139 2903 241 2932 cum
270 2884 493 2932 advenisse
521 2885 903 2932 Immortalitatem
933 2886 1252 2946 cognovissent,
1283 2885 1386 2932 deae
1414 2884 1611 2932 advoluti
1636 2884 1821 2946 pedibus
1850 2902 1946 2945 sup-

138 2953 272 3014 plices
299 2953 509 3014 petebant
539 2968 587 3000 ut
617 2968 769 3000 natum
801 2954 1009 3014 reciperet
1039 2954 1153 3000 inter
1179 2971 1279 3000 suos
1310 2968 1439 3014 atque
1467 2970 1491 3000 a
1520 2967 1677 3009 morte,
1708 2952 1829 3013 quod
1858 2952 1950 2999 sola

138 3035 356 3082 praestare
379 3022 469 3081 ipsa
490 3036 650 3081 posset,
675 3021 928 3068 vindicaret.
950 3021 1126 3080 Quibus
1151 3021 1242 3068 dea:
1267 3024 1357 3067 ‘Me
1380 3035 1428 3067 ut
1451 3024 1595 3076 amet,’
1621 3020 1861 3081 respondit,
1888 3023 1944 3067 ‘et

140 3106 422 3149 quocumque
445 3106 677 3144 vocavero,
698 3103 872 3149 praesto
892 3090 946 3136 sit
970 3106 1138 3136 necesse
1161 3104 1236 3135 est:
1259 3088 1496 3148 obvigilet.'
