2118 3444
199 162 290 203 232
1784 169 1921 202 PART
1946 169 2000 202 111

1094 312 1117 352 5

325 382 600 422 ORATION
621 381 699 420 To
722 381 836 420 THE
856 382 1278 420 AMBASSADORS
1301 382 1376 420 OF
1399 382 1658 421 CHARLES
1680 383 1784 421 v111
1806 383 1882 421 012

981 450 1228 488 FRANCF?

969 519 990 556 6
1012 519 1113 568 May
1136 519 1241 556 1494

283 611 371 650 Min
394 613 449 658 16,
469 609 553 650 fols.
572 613 733 650 37r-39r
752 609 973 662 (autograph
992 608 1116 661 draft),
1135 607 1215 649 LC²
1237 608 1436 662 (chancery
1454 624 1553 662 copy
1573 609 1624 662 by
1642 612 1742 650 Luca
1757 609 1923 658 Fabiani,

284 666 411 707 Scribe
427 665 492 718 D),
510 665 593 706 fols.
614 669 828 714 105r-107r;
846 665 903 706 ed.
921 666 1189 706 G.Canestrini
1204 665 1277 706 and
1290 665 1570 718 A.Desjardins‚
1586 666 1837 718 Negotiations
1849 665 1924 718 dip-

283 722 510 775 lomatiques,
530 725 546 761 1
568 721 693 774 (Can),
714 725 869 770 411-13,
888 722 979 770 Viti,
1001 723 1100 762 ‘Due
1120 722 1293 762 orazioni
1310 721 1348 762 di
1367 723 1459 762 B.S.'
1482 721 1569 774 (Vx),
1590 725 1745 762 317-19.
1766 722 1925 763 Tit.‘Re-

285 794 469 832 sponsum
490 778 631 819 factum
653 791 833 831 quattuor
852 777 1066 818 oratoribus
1087 777 1397 818 Christianissimi
1418 778 1511 830 regis
1530 781 1777 818 Francorum.
1796 778 1870 818 Die
1887 778 1927 818 vi

283 834 712 939 llvggiiUlkg-wcfcclxxxxiiii.
737 836 807 874 Per
828 835 1020 874 Dominos
1043 849 1088 874 ex
1110 833 1267 874 consilio
1292 833 1502 874 Florentini
1522 836 1701 874 Senatus.’
1727 833 1789 874 Cf.
1809 833 1922 883 Scala,

199 995 360 1042 Tribus
386 992 635 1055 praecipuel
663 994 708 1040 in
735 993 876 1050 rebus,
903 993 1251 1040 excellentissimi
1277 994 1381 1054 regii
1407 1008 1614 1050 oratores,
1640 994 1675 1040 si
1700 1007 1815 1040 recte
1840 993 2010 1054 collegi-

201 1081 311 1120 mus,
338 1077 507 1110 versata
527 1077 588 1109 est
613 1063 758 1109 omnis
781 1077 924 1109 vestra
944 1061 1144 1109 hesterna
1165 1060 1495 1122 elegantissima²
1520 1062 1676 1118 oratio,
1701 1079 1785 1122 qua
1806 1061 2012 1109 mandata

201 1131 255 1179 ad
271 1149 352 1178 nos
369 1145 525 1187 vestra,
544 1149 653 1191 quae
671 1149 694 1177 a
711 1130 1087 1177 Christianissimo
1106 1128 1393 1177 Francorum³
1415 1148 1510 1190 rege
1529 1130 1802 1190 acceperatis,
1818 1129 2011 1177 deferen-

201 1199 256 1247 da
286 1199 371 1247 huc
404 1199 674 1260 exposuistis:
713 1199 758 1244 in
789 1198 924 1245 salute
957 1197 1099 1245 danda
1128 1196 1269 1258 regiis⁴
1300 1198 1456 1254 verbis,
1490 1198 1535 1244 in
1567 1197 1829 1245 declarando
1858 1198 2009 1245 animo

200 1265 615 1328 benignissimaque5
639 1281 786 1314 mente
806 1266 918 1313 illius
938 1284 1036 1327 erga
1053 1267 1275 1313 civitatem
1292 1281 1502 1322 nostram,
1522 1265 1701 1313 demum
1721 1267 1766 1312 in
1785 1266 2010 1326 exquiren-

202 1336 260 1383 do
279 1335 386 1396 quid
403 1353 484 1382 nos
504 1333 675 1382 animo⁶
695 1334 966 1391 haberemus,
988 1334 1094 1395 quid
1111 1352 1298 1381 essemus
1319 1335 1456 1381 acturi
1472 1335 1507 1381 si
1526 1333 1678 1381 Gallus
1698 1334 1837 1394 regius
1855 1334 2013 1381 exerci-

201 1402 288 1451 tus7
311 1403 366 1451 ad
386 1402 735 1463 recuperandum
757 1402 1106 1463 Neapolitanum
1131 1420 1313 1462 regnum
1337 1403 1382 1448 in
1404 1401 1572 1449 Italiam
1593 1401 1876 1449 descenderit.

287 1471 463 1531 Quibus
494 1489 574 1518 nos
604 1470 776 1527 eodem,
806 1489 895 1531 quo
925 1488 948 1518 a
975 1470 1100 1518 vobis
1131 1470 1247 1517 dicta
1270 1485 1385 1527 sunt,
1415 1469 1583 1527 ordine,
1615 1488 1703 1531 quo
1733 1467 2008 1517 dilucidiora⁸

202 1540 311 1588 fiant
342 1538 469 1601 quae⁹
501 1539 703 1587 dicentur
732 1557 755 1586 a
785 1539 925 1595 nobis,
957 1537 1244 1599 singillatim¹⁰
1275 1538 1648 1599 respondebimus.
1682 1537 1874 1585 Salutem
1903 1537 2008 1585 dicit

202 1608 330 1655 nobis
359 1608 503 1655 verbis
532 1608 684 1654 vestris
709 1608 1040 1668 potentissimus
1073 1606 1142 1654 ille
1170 1625 1218 1654 ac
1245 1606 1640 1653 Christianissimus
1672 1605 1905 1653 Gallorum
1934 1624 2010 1653 rex

202 1691 331 1737 atque
366 1676 678 1723 humanissime
717 1675 966 1735 alloquitur.
1004 1673 1162 1734 Quidll
1201 1692 1280 1721 nos
1315 1674 1454 1722 facere
1488 1674 1696 1721 debemus
1729 1673 1886 1734 pluris?
1923 1677 2009 1721 Pro

202 1762 393 1805 quanam
424 1762 468 1791 re
498 1744 685 1790 maiores
717 1743 874 1790 habere
904 1743 1079 1803 gratias?
1107 1747 1228 1789 Nam
1258 1743 1292 1790 si
1324 1742 1393 1789 ille
1422 1742 1517 1789 talis
1545 1756 1778 1803 tantusque
1806 1742 2010 1803 princeps

202 1812 371 1860 dederit
388 1812 588 1868 salutem,
611 1812 706 1872 quis
727 1811 881 1859 audeat
900 1825 1054 1858 contra
1070 1811 1293 1872 possitque
1317 1810 1528 1858 damnum
1549 1810 1708 1857 inferre
1729 1824 1802 1857 aut
1822 1809 2008 1857 malum?

202 1884 354 1940 Quem
382 1880 452 1927 ille
478 1898 565 1927 esse
591 1879 759 1927 salvum
785 1879 988 1936 voluerit,
1017 1897 1148 1940 quem
1172 1877 1378 1935 texerit‚¹²
1404 1878 1544 1926 salvus
1566 1878 1722 1940 procul
1750 1878 1886 1926 dubio
1911 1878 2007 1934 erit,

202 1967 344 2010 neque
370 1967 529 1996 nocere
555 1946 825 2009 quicquam¹³
851 1949 1028 2009 poterit.
1055 1951 1205 2007 Quare
1230 1965 1310 1995 nos
1334 1947 1402 1994 vel
1428 1947 1634 1994 omnibus
1661 1946 1872 1994 thesauris
1898 1946 2010 1994 hanc

203 2018 312 2078 regis
335 2017 521 2064 salutem
546 2017 856 2077 anteponimus
883 2031 1011 2077 atque
1035 2015 1244 2063 habemus
1269 2015 1331 2062 illi
1353 2034 1436 2077 pro
1461 2030 1582 2062 tanta
1603 2015 1717 2075 regIa
1740 2014 2011 2062 humanitate

203 2103 473 2146 munereque
497 2086 664 2146 gratias.
688 2083 845 2132 Nam¹⁴
870 2084 922 2132 de
945 2084 1206 2132 declarando
1227 2084 1376 2131 animo
1400 2085 1445 2130 in
1468 2102 1548 2131 nos
1571 2084 1703 2144 regio,
1729 2084 1807 2130 etsi
1828 2083 2009 2143 gratissi·

203 2172 275 2201 ma
291 2153 373 2201 fuit
391 2171 521 2214 supra
540 2172 605 2200 res
622 2171 776 2200 omnes
795 2171 903 2214 quae
922 2153 1175 2213 contingere
1194 2152 1320 2199 nobis
1340 2151 1424 2199 hoc
1443 2151 1621 2212 quidem
1639 2166 1838 2212 tempore
1854 2165 2007 2212 potue-

204 2223 306 2279 rint,
335 2221 657 2269 beneficiorum
690 2222 736 2268 in
766 2239 846 2268 nos
877 2222 1096 2282 regiorum
1128 2221 1207 2268 ista
1236 2217 1655 2277 commemoratio‚¹⁵
1686 2234 1834 2267 tamen
1864 2219 2009 2266 minus

203 2291 442 2338 necessaria
466 2291 609 2338 oratio
633 2291 723 2337 visa
747 2305 821 2337 est.
846 2294 1022 2337 Frustra
1045 2290 1163 2337 enim
1189 2289 1321 2336 verba
1345 2288 1458 2336 fiunt
1480 2288 1557 2336 ubi
1582 2306 1647 2336 res
1671 2289 1762 2349 ipsa
1786 2289 1831 2334 in
1857 2301 2010 2349 aperto

202 2360 385 2415 steterit;
406 2373 677 2419 quapropter
696 2377 776 2405 nos
799 2358 910 2405 hanc
930 2358 1110 2405 alteram
1128 2357 1355 2418 legationis
1375 2372 1541 2404 vestrae
1558 2371 1729 2417 partem
1750 2374 1843 2403 non
1862 2355 2007 2403 solum

203 2428 441 2487 accipimus
459 2444 620 2486 magno
638 2426 845 2487 applausu
863 2426 1112 2486 laetitiaque
1128 2425 1474 2486 incomparabili,
1492 2424 1568 2472 sed
1583 2441 1788 2484 augemus
1806 2441 1915 2484 quae
1931 2441 2010 2470 vos

204 2495 384 2551 dixistis,
408 2512 616 2542 ornamus
639 2509 681 2541 et
702 2494 974 2541 cumulamus
995 2512 1078 2555 pro
1099 2493 1276 2550 viribus,
1301 2508 1342 2540 et
1361 2490 1498 2540 Deo¹⁶
1521 2492 1875 2548 clementissimo,
1898 2491 2009 2552 opti-

204 2581 294 2619 mo,
318 2564 528 2619 maximo,
551 2564 716 2623 agimus
738 2563 906 2623 gratias,
927 2563 1001 2623 qui
1022 2577 1063 2609 et
1084 2561 1184 2609 huic
1205 2561 1370 2609 Carolo
1390 2558 1696 2608 Francorum¹⁷
1720 2561 1808 2620 regi
1826 2559 2011 2607 eandem

204 2631 373 2678 dederit
394 2629 625 2678 mentem18
647 2648 745 2691 erga
762 2630 1063 2677 Florentinam
1086 2630 1307 2677 civitatem
1326 2647 1411 2690 qua
1430 2628 1663 2676 Gallorum
1684 2628 1816 2675 ceteri
1833 2645 2009 2688 quoque

204 2718 336 2760 reges,
360 2700 435 2760 qui
457 2717 558 2746 eum
580 2713 895 2760 precesserunt,
920 2699 964 2745 in
988 2698 1099 2745 hanc
1119 2698 1274 2745 urbem
1298 2698 1492 2745 extitere.

285 3025 297 3039 ²
321 3020 473 3059 Berauld
495 3023 624 3065 Stuart,
647 3020 730 3058 lord
751 3020 793 3058 of
813 3020 996 3069 Aubigny,
1020 3020 1132 3057 Denis
1154 3019 1193 3057 di
1215 3018 1351 3063 Bidaut,
1372 3021 1459 3066 Jean
1480 3017 1676 3056 Matheron
1695 3016 1734 3055 di
1755 3016 1916 3065 Silignac,
1940 3015 2011 3054 and

205 3074 324 3112 Peron
347 3073 391 3112 de
416 3073 558 3118 Basche,
583 3074 640 3117 Vi,
666 3076 743 3117 313,
770 3085 856 3110 note
880 3076 910 3110 6.
937 3074 1001 3110 On
1024 3071 1086 3110 the
1110 3071 1248 3109 French
1270 3071 1429 3119 embassy
1454 3082 1494 3108 to
1519 3069 1582 3108 ask
1603 3069 1662 3108 for
1684 3068 1757 3107 free
1778 3082 1917 3118 passage
1943 3067 2014 3106 and

204 3127 410 3174 provisions
425 3125 485 3163 for
500 3125 562 3163 the
579 3124 827 3172 forthcoming
843 3124 1051 3172 expedition
1066 3123 1107 3161 of
1124 3123 1270 3161 Charles
1286 3126 1366 3160 VIII
1382 3134 1421 3160 to
1439 3121 1584 3170 Naples,
1600 3135 1657 3159 see
1675 3123 1775 3158 H.·F.
1795 3118 2010 3163 Delaborde,

204 3177 435 3226 L'expedition
454 3177 497 3214 de
516 3176 654 3214 Charles
676 3179 756 3213 VIII
767 3190 809 3214 en
827 3175 933 3219 Italic,
953 3176 1057 3219 Paris,
1079 3178 1176 3218 1888,
1196 3178 1273 3218 364;
1293 3176 1383 3218 Can,
1401 3176 1546 3211 410-11.
