2118 3444
197 151 283 192 168
1821 149 1960 183 PART
1984 150 1999 182 1

196 295 382 350 honore,
412 307 454 340 et
480 310 572 339 non
600 291 809 338 dubitate.
837 290 869 336 Il
896 304 1049 337 tenore
1076 303 1117 336 et
1141 289 1267 349 copia
1294 287 1405 335 della
1428 288 1516 334 mia
1540 287 1694 334 lettera
1715 286 1753 334 al
1778 285 2004 334 Pontefice

194 362 289 410 sara
311 362 387 422 qui
408 361 463 408 da
482 359 566 420 pie.
592 360 723 406 Circa
744 358 825 405 alla
847 357 1046 418 dispensa
1065 356 1125 404 ad
1141 356 1227 403 duo
1246 374 1326 416 per
1348 355 1375 401 il
1398 356 1490 402 mio
1513 369 1689 415 nepote,
1714 354 1774 401 ho
1795 355 1960 414 scripto
1982 371 2007 401 a

195 435 364 477 Messer
384 427 702 475 Bartholomeo
724 426 804 473 che
826 425 934 473 faeci
954 424 1042 472 fare
1061 424 1102 472 13
1121 423 1438 485 supplicatione
1462 423 1507 469 in
1529 422 1678 469 buona
1699 421 1844 469 forma
1865 435 1907 469 et
1927 420 2007 468 che

196 499 236 546 la
258 498 328 545 dia
348 497 430 545 alla
449 501 611 544 Vostra
630 493 977 555 Magnificentia,
999 493 1039 540 la
1059 492 1183 554 quale
1203 491 1387 553 priegho
1407 491 1448 538 13
1469 490 1577 538 faeci
1594 508 1770 551 segnare
1792 489 1830 537 al
1850 493 2007 537 Ponte-

197 567 279 614 fice
307 583 405 613 cum
434 563 620 612 clausula
650 559 753 617 illa‚¹
783 562 902 623 quod
925 561 1062 609 littere
1087 560 1362 622 expediantur
1385 563 1516 620 gratis
1536 573 1617 620 pro
1647 572 1793 619 nepote
1819 561 2006 605 Domini

196 633 484 682 Bartholomei
503 632 652 686 Scalae,
674 630 897 679 Familiari
913 628 1268 677 Reverendissimi
1284 631 1469 676 Domini
1489 626 1689 675 Iohannis
1705 626 1757 674 de
1770 626 1956 683 Medicis,
1977 625 2006 673 il

198 704 278 751 che
301 701 488 750 doverra
509 719 645 749 essere
668 700 792 748 facile
813 717 836 747 a
856 704 1016 747 Vostra
1037 697 1380 759 Magnificentia.

283 794 490 852 [sequitur
511 790 670 850 ‘Copia
693 788 805 836 della
823 788 978 835 lettera
996 787 1033 835 al
1055 785 1295 834 Pontefice’
1322 785 1465 846 (letter
1483 790 1565 832 206
1587 784 1760 845 above)]

198 885 247 928 Io
265 881 327 926 mi
346 878 486 926 rendo
504 878 748 926 certissimo
767 876 846 924 che
864 876 904 924 la
919 880 1080 923 Vostra
1097 874 1429 936 Magnificentia
1442 892 1521 935 per
1538 874 1630 921 mio
1649 891 1797 921 amore
1813 873 1848 921 si
1866 873 2007 934 ingeg-

199 948 304 996 nera
325 947 393 995 col
414 946 642 994 Pontefice
664 945 770 993 farei
790 945 919 1006 degni
940 944 984 992 di
1005 958 1153 1006 queste
1176 943 1259 991 due
1280 957 1427 991 nostre
1452 942 1633 990 honeste
1653 942 1861 1003 petitioni
1880 959 1961 1003 per
1979 940 2008 988 il

199 1018 291 1064 mio
314 1015 488 1064 fratello
509 1030 550 1063 et
571 1029 732 1076 nepote
753 1029 794 1062 et
814 1032 838 1061 3
856 1014 931 1060 voi
952 1013 1013 1059 mi
1035 1012 1341 1060 raccomando.
1364 1016 1428 1058 Ex
1449 1008 1733 1059 Cancelleria2
1753 1010 2009 1058 Florentina

199 1085 268 1132 die
290 1085 350 1131 xii
371 1083 645 1131 Novembris
674 1087 791 1130 1489.
815 1086 971 1129 Vester
991 1080 1327 1128 Bartholomeus
1350 1079 1481 1127 Scala.

579 1275 657 1315 TO
679 1265 951 1315 NICCOLO
973 1207 1340 1313 MIgIC-lgELOZZI
1361 1275 1426 1312 IN
1448 1274 1629 1312 ROME*

914 1342 964 1379 17
980 1341 1171 1390 January
1194 1340 1298 1378 1490

285 1433 372 1479 GC,
395 1430 461 1471 fol.
485 1433 543 1471 52.
566 1428 751 1482 Original.
775 1428 892 1469 Hand
912 1427 955 1469 of
972 1427 1120 1481 Filippo
1145 1427 1305 1468 Redditi.
1336 1430 1452 1468 Verso:
1475 1427 1805 1468 ‘Praestantissimo
1829 1426 1924 1467 Viro

283 1490 349 1528 Ser
371 1486 537 1528 Nicolao
563 1486 810 1527 Micheloctio
838 1485 955 1538 Apud
980 1487 1180 1526 Summum
1206 1483 1431 1525 Pontificem
1457 1484 1579 1524 Fratri
1602 1485 1676 1524 Suo
1703 1483 1921 1524 Carissimo.

283 1546 455 1584 Romae.'
475 1546 583 1583 Note
604 1542 648 1583 of
664 1543 815 1595 receipt:
838 1544 896 1582 ‘24
918 1542 1093 1582 Gennaio
1117 1544 1220 1590 1490,
1241 1542 1400 1594 risposta
1422 1544 1461 1580 11
1483 1540 1585 1580 Feb!

198 1644 545 1692 Prestantissime
578 1644 646 1690 vir
676 1658 886 1703 tanquam
920 1641 1053 1689 frater
1082 1642 1143 1688 mi
1176 1640 1448 1697 honorande,
1480 1640 1676 1688 salutem.
1712 1639 1934 1687 Havendo
1964 1640 2009 1687 io

199 1730 448 1760 commesso
478 1730 502 1759 3
527 1716 695 1758 Messer
721 1710 1037 1758 Bartholomeo
1065 1703 1277 1766 Redditi,b
1304 1709 1548 1756 exhibitore
1578 1708 1689 1756 della
1710 1722 1926 1769 presente,
1954 1707 2008 1755 al-

199 1799 310 1828 cune
345 1780 625 1841 expeditione
655 1797 735 1840 per
766 1778 945 1826 Andrea
976 1779 1067 1825 mio
1102 1777 1274 1825 fratello
1305 1792 1346 1825 et
1377 1795 1469 1824 uno
1501 1778 1593 1824 mio
1627 1791 1788 1837 nepote
1819 1775 1930 1824 costi
1962 1777 2008 1822 in

199 1863 336 1904 corte,
358 1866 485 1895 come
503 1847 579 1908 pisi
602 1865 626 1894 3
641 1848 777 1907 pieno
799 1846 853 1894 da
871 1865 975 1907 epso
994 1851 1162 1893 Messer
1180 1845 1496 1893 Bartholomeo
1513 1845 1659 1906 potrai
1679 1844 1920 1900 intendere,
1940 1843 2010 1891 de-

198 1916 378 1963 siderrei
396 1915 475 1962 che
494 1930 542 1962 tu
559 1915 617 1975 gli
633 1915 835 1975 prestassi
854 1914 953 1975 quel
972 1914 1135 1970 favore,
1154 1913 1278 1974 quale
1297 1914 1341 1960 io
1360 1914 1664 1960 meritamente
1681 1913 1743 1958 mi
1759 1930 1892 1973 posso
1909 1930 2009 1973 pro-

199 1998 385 2031 mettere
405 1983 450 2031 di
468 1998 525 2039 te3
547 1997 588 2030 et
608 1982 777 2030 benche
798 1982 827 2029 il
847 1981 1114 2030 Lanfredino
1135 1982 1196 2028 mi
1216 1982 1277 2029 sia
1296 1988 1532 2038 mancato,c
1550 1980 1578 2027 il
1600 1980 1724 2042 quale
1746 1979 2009 2028 affirmative

200 2053 261 2099 mi
295 2052 490 2113 promise
528 2051 657 2099 farmi
693 2050 895 2098 exaudire
929 2050 997 2098 dal
1032 2049 1248 2098 Pontifice
1283 2049 1393 2097 delle
1428 2050 1513 2097 mie
1548 2048 1782 2106 domande,
1819 2066 1912 2096 non
1947 2047 2007 2096 ho

199 2122 372 2168 minore
397 2138 606 2181 speranza
631 2134 673 2167 et
696 2119 792 2167 fede
816 2119 929 2167 nella
953 2137 1085 2180 opera
1107 2133 1182 2166 tua
1205 2118 1284 2166 che
1308 2119 1352 2166 io
1378 2119 1439 2165 mi
1464 2118 1629 2166 havessi
1654 2117 1767 2165 nella
1787 2135 1875 2165 sua.
1903 2118 2010 2165 Giu-

199 2189 300 2237 dico
318 2207 454 2236 essere
473 2188 700 2250 superfluo
722 2188 749 2235 il
769 2187 1117 2236 raccomandarti
1133 2187 1171 2235 le
1190 2206 1288 2235 cose
1308 2188 1408 2244 mie,
1426 2190 1633 2248 quoniam
1646 2200 1789 2248 peccat
1804 2189 1882 2248 qui
1897 2204 2006 2234 com-

197 2257 494 2305 mendandum
519 2275 559 2305 se
574 2271 702 2318 putat
724 2275 801 2304 esse
823 2260 918 2304 suis.
945 2261 993 2304 Io
1016 2257 1049 2304 ti
1072 2257 1297 2304 scriverrei
1321 2256 1365 2303 di
1388 2257 1475 2303 mia
1499 2274 1646 2312 mano,
1671 2273 1714 2303 se
1738 2255 1776 2303 le
1799 2269 1920 2316 gotte
1946 2255 2007 2301 mi

198 2326 458 2373 lasciassino.
487 2330 566 2372 Ma
589 2344 613 2372 a
637 2326 739 2386 ogni
767 2325 905 2372 modo
931 2326 992 2371 mi
1019 2326 1158 2372 rendo
1182 2325 1423 2372 certissimo
1451 2324 1530 2371 che
1554 2339 1602 2371 tu
1628 2323 1734 2371 farai
1756 2323 1904 2384 quello
1927 2340 2009 2384 per

199 2395 292 2441 mio
319 2393 493 2441 fratello
521 2408 562 2440 et
590 2408 751 2454 nepote
778 2393 857 2440 che
884 2408 932 2440 tu
960 2392 1109 2440 facessi
1133 2411 1213 2453 per
1235 2397 1403 2440 Messer
1428 2391 1650 2439 Bernardo
1677 2385 1791 2448 tuo,‘¹
1817 2405 1858 2438 et
1885 2390 1940 2438 da
1963 2405 2006 2438 te

200 2480 292 2509 non
311 2476 488 2523 aspecto
505 2480 548 2509 se
567 2479 659 2508 non
677 2461 735 2522 gli
754 2460 901 2509 effecti
917 2460 961 2508 di
979 2460 1126 2522 quello
1142 2461 1287 2522 potrai
1305 2459 1406 2508 fare.
1425 2464 1536 2507 Non
1554 2459 1667 2507 altro
1684 2463 1720 2507 a’
1738 2459 1900 2521 piaceri
1918 2473 2004 2507 tua.

197 2535 262 2576 Ex
285 2530 466 2577 Pinthio
490 2530 558 2577 die
580 2531 670 2576 xvii
691 2530 878 2577 Ianuarii
904 2534 1021 2577 1489.
1047 2529 1382 2576 Bartholomeus
1405 2528 1536 2576 Scala.

279 2737 291 2751 ²
307 2735 392 2770 Sent
409 2744 449 2770 to
469 2735 585 2770 Rome
606 2733 658 2769 ‘in
672 2731 924 2781 supplemento
943 2745 1015 2770 con
1032 2731 1186 2769 Iohanni
1202 2730 1430 2769 Lanfredino’
1448 2730 1539 2768 with
1553 2744 1573 2768 a
1589 2730 1823 2768 commission
1841 2728 1947 2768 dated
1963 2732 2007 2767 25

197 2788 402 2875 ἓῖν1489,
420 2784 579 2822 ‘essendo
595 2798 754 2822 successo
772 2783 797 2821 11
812 2798 890 2822 caso
907 2783 999 2822 della
1011 2783 1333 2822 inconvalescentia
1344 2782 1382 2821 di
1396 2783 1581 2821 Giovanni
1594 2781 1823 2826 Lanfredini,'
1837 2779 1925 2826 LC2,
1940 2780 2004 2819 fol.

278 2890 294 2915 ¹³
312 2898 374 2934 See
390 2895 497 2933 letter
512 2899 579 2933 207
597 2895 721 2940 above,
741 2907 828 2933 note
845 2894 888 2944 a).

279 2960 292 2974 ⁶
311 2955 498 2993 Giovanni
514 2954 722 2992 Lanfredini
735 2954 818 2992 died
836 2955 876 2991 in
893 2957 1008 2992 Rome
1028 2968 1079 2991 on
1095 2958 1114 2992 5
1130 2957 1285 3002 January
1306 2956 1402 2998 1490;
1421 2967 1477 2991 see
1496 2955 1582 2990 ASF
1598 2952 1749 3000 Signori,
1769 2953 1875 2995 Otto,
1893 2951 2008 2995 Dieci,

199 3009 430 3055 Leg.Comm.
452 3007 551 3044 Miss.
572 3007 727 3055 Risp.11‚
746 3006 810 3044 fol.
829 3010 893 3044 46r
911 3006 961 3054 (N
966 3005 1193 3047 ‚Michelozzi
1209 3017 1249 3043 to
1269 3009 1432 3043 Lorenzo
1449 3004 1505 3043 de’
1523 3004 1667 3048 Medici,
1688 3008 1707 3042 5
1722 3002 1915 3051 Jan.149o).

278 3060 294 3084 ‘¹
320 3065 501 3103 Bernardo
525 3065 754 3109 Michelozzi,
781 3064 967 3103 Niccolo's
992 3064 1152 3108 brother,
1176 3064 1261 3102 who
1284 3063 1409 3112 taught
1435 3063 1619 3101 Giovanni
1639 3062 1695 3100 de'
1720 3061 1854 3100 Medici
1875 3060 1946 3099 and
1969 3061 2009 3098 in

201 3121 355 3156 1492-93
373 3131 444 3155 was
460 3117 657 3166 appointed
670 3116 724 3154 his
738 3128 952 3165 procurator
966 3116 1036 3154 and
1047 3128 1233 3164 secretary,
1246 3130 1303 3153 see
1319 3117 1405 3153 G.B.
1421 3116 1561 3158 Picotti,
1575 3117 1624 3152 La
1634 3117 1834 3162 giovinezza
1847 3113 1886 3151 di
1897 3116 2010 3151 Leone

196 3173 241 3213 X,
264 3172 523 3213 12-13,548-49
545 3169 644 3216 (note
665 3168 753 3216 165).
