2106 3444
118 176 350 211 PRIVATE
376 175 604 209 LETTERS
1872 165 1922 206 11

1004 317 1055 358 14

547 388 626 428 ΤΟ
648 388 824 427 PIERO
846 387 909 426 DI
932 388 1162 426 COSIMO
1184 387 1275 425 DE'
1295 387 1508 426 MEDICI

751 454 977 501 Florence,
998 458 1047 495 31
1071 457 1172 507 May
1195 458 1302 494 1464

202 553 316 591 ΜΑΡ
338 554 480 599 17,415.
499 549 685 602 Original.
704 549 943 602 Autograph.
969 551 1085 589 Verso:
1105 548 1356 601 ‘[Magnifico]
1374 549 1469 588 Viro
1488 550 1600 588 Petro
1621 549 1757 588 Cosmi
1774 547 1848 596 [de’

202 607 376 656 MJedicis
397 620 577 659 tanquam
598 607 697 658 patri
716 618 752 645 et
772 605 964 653 [domino]
985 620 1072 645 meo
1092 604 1410 656 singularissimo.’
1432 603 1546 652 Scala,
1567 608 1615 644 34
1633 607 1722 652 [22].

118 698 358 760 Magnifice
379 699 448 745 vir
467 713 679 759 tanquam
699 712 825 758 pater
843 712 884 745 et
906 697 1086 744 domine
1108 697 1182 744 mi.
1206 700 1283 744 Ser
1303 701 1519 753 Lorenzo,
1543 696 1801 757 cappellano
1822 695 1935 743 della

118 767 284 829 capella
310 766 423 814 della
449 770 575 814 Parte
603 765 797 822 Guelfa,³
823 765 845 813 ὲ
871 780 988 813 stato
1016 766 1210 827 riputato
1239 765 1307 813 da'
1337 766 1544 826 Capitani
1575 765 1732 812 havere
1759 764 1938 825 grande·

119 851 268 884 mente
288 850 448 892 errato,
469 835 549 883 che
569 835 757 882 stamani
775 834 954 895 quando
974 834 1042 895 gia
1059 838 1231 881 s'aveva
1249 833 1408 881 andare
1425 834 1508 890 via,
1530 851 1622 881 non
1645 833 1811 881 haveva
1829 832 1935 881 dato

118 906 295 952 nissuna
316 905 476 952 notitia
495 903 575 951 che
592 903 633 951 la
651 902 814 964 capella
833 921 904 950 era
918 918 1029 950 stata
1045 902 1219 950 lasciata
1235 902 1303 950 da’
1322 903 1525 950 canom'ci
1543 920 1673 950 senza
1691 901 1851 950 alcuno
1870 920 1936 949 or-

119 988 345 1021 namento.
365 977 419 1020 Et
439 972 653 1019 dicevano
671 972 742 1019 chi
759 971 818 1032 gli
836 971 874 1019 el
894 990 1028 1019 aveva
1043 971 1173 1019 decto
1190 971 1231 1019 la
1247 990 1271 1018 a
1289 971 1360 1019 chi
1378 986 1653 1032 aparteneva‚
1671 971 1751 1018 che
1772 971 1938 1018 haveva

118 1043 309 1103 risposto
333 1041 371 1088 al
393 1040 532 1088 modo
553 1059 647 1088 suo.
673 1044 721 1086 E’
746 1041 953 1101 Capitani
974 1039 1123 1087 subito
1146 1039 1324 1087 feciono
1345 1040 1523 1087 ornarvi
1545 1058 1672 1087 come
1693 1040 1728 1087 si
1749 1039 1871 1100 pote,
1895 1054 1937 1087 et

116 1128 186 1157 ser
204 1114 409 1157 Lorenzo
432 1109 582 1156 hanno
604 1110 791 1156 rimosso
816 1127 902 1155 con
923 1123 1075 1169 questa
1094 1108 1366 1164 conditione,
1388 1107 1468 1155 che
1489 1109 1564 1155 voi
1586 1126 1713 1155 corne
1735 1109 1936 1169 Operaio

116 1196 169 1225 ve
192 1196 247 1225 ne
268 1177 474 1238 eleggiate
494 1195 601 1233 uno,
622 1176 824 1237 potendo
847 1176 1038 1237 eleggere
1059 1194 1219 1223 ancora
1240 1194 1335 1223 esso
1356 1175 1600 1223 medesimo
1621 1175 1829 1223 volendo.
1854 1180 1933 1223 Ho

117 1264 169 1293 ve
191 1264 246 1293 ne
267 1245 425 1292 voluto
448 1245 550 1292 dare
571 1245 731 1292 notitia
751 1244 872 1292 accio
894 1244 973 1292 che
993 1245 1187 1306 pensiate
1209 1244 1357 1305 quello
1379 1244 1524 1292 volete
1547 1243 1649 1291 fare.
1673 1245 1755 1291 Lui
1775 1262 1938 1291 ancora

118 1314 252 1361 credo
268 1331 361 1360 non
378 1313 424 1360 lo
440 1314 602 1374 sappia,
621 1313 701 1360 che
718 1313 897 1360 dissono
915 1313 1085 1360 volerlo
1100 1327 1249 1360 tenere
1264 1327 1391 1360 tanto
1405 1327 1575 1360 secreto
1591 1312 1671 1359 che
1686 1314 1935 1373 pervenisse

117 1382 200 1429 alla
218 1383 379 1429 notitia
396 1396 556 1428 vostra.
577 1385 747 1428 Franco
763 1375 999 1428 Sacchettib
1017 1382 1052 1428 si
1073 1380 1363 1428 raccomanda
1380 1399 1403 1428 a
1419 1382 1508 1437 voi,
1529 1396 1571 1428 et
1590 1381 1765 1427 dissemi
1784 1382 1828 1426 vi
1848 1399 1934 1427 rac-

117 1449 392 1498 comandassi
411 1468 491 1511 per
507 1467 584 1497 sua
601 1464 739 1510 parte,
761 1448 964 1496 havendo
982 1467 1006 1496 a
1024 1448 1113 1496 fare
1132 1467 1283 1496 nuovo
1305 1448 1544 1510 capellano,
1566 1448 1714 1510 quello
1735 1448 1815 1496 che
1834 1449 1936 1510 bap·

117 1534 215 1566 teza
233 1519 278 1565 in
299 1522 384 1565 San
406 1519 648 1574 Giovanni;
671 1536 763 1565 non
785 1519 846 1564 mi
870 1517 979 1565 disse
1000 1517 1028 1564 il
1050 1536 1182 1565 nome
1206 1536 1228 1565 e
1250 1518 1294 1565 io
1316 1536 1408 1564 non
1430 1517 1475 1564 lo
1495 1535 1558 1565 so.
1580 1517 1630 1564 El
1653 1517 1933 1578 soprasedere

117 1605 211 1634 non
234 1586 368 1634 credo
387 1587 506 1647 possi
530 1604 721 1633 nuocere
740 1604 821 1647 per
841 1587 1092 1633 acconciare
1113 1586 1153 1633 la
1174 1604 1275 1633 cosa
1296 1586 1468 1647 meglio.

117 1660 158 1702 A
180 1656 255 1703 voi
279 1656 340 1702 mi
364 1654 673 1702 raccomando.
697 1654 863 1702 Valete.
886 1659 950 1701 Ex
971 1654 1195 1702 Florentia
1215 1654 1284 1702 die
1305 1654 1467 1702 ultimo
1489 1655 1598 1702 Maii
1624 1660 1743 1702 1464.

117 1729 178 1772 La
194 1724 319 1772 festa⁶
339 1739 508 1785 quanto
527 1725 779 1785 appartiene
800 1727 837 1771 a'
858 1725 1066 1785 Capitam'
1086 1723 1109 1771 ὲ
1128 1725 1188 1771 ita
1205 1724 1316 1771 bene
1336 1739 1378 1771 et
1395 1724 1495 1771 loro
1517 1723 1667 1771 hanno
1685 1738 1867 1785 portato
1886 1723 1933 1771 lo

115 1792 368 1840 stendardo.
390 1793 588 1840 Servitor
608 1792 946 1840 Bartholomeus
968 1792 1100 1840 Scala.

989 1934 1067 1976 14a

662 2005 740 2044 TO
763 2005 1042 2045 LORENZO
1065 2006 1155 2044 DE'
1177 2006 1389 2045 MEDICI

774 2072 903 2113 After
927 2076 944 2112 1
968 2075 1143 2125 August
1167 2076 1273 2113 1464

201 2165 257 2214 L¹‚
275 2165 342 2206 fol.
358 2169 411 2206 Iv.
427 2166 667 2219 Autograph.
686 2166 918 2218 Dedicatory
933 2166 1044 2207 letter
1059 2166 1247 2207 inscribed
1262 2167 1302 2206 in
1318 2166 1383 2207 the
1399 2166 1655 2207 Collectiones
1675 2167 1846 2207 Cosmia-

201 2238 272 2263 nae
291 2222 423 2263 before
441 2222 507 2263 the
525 2222 722 2263 Praefatio:
745 2238 804 2263 see
822 2225 895 2263 V:4
915 2222 1052 2263 below.

196 2870 210 2884 ²
223 2865 301 2903 The
316 2865 428 2903 Guelf
441 2868 548 2914 Party
562 2880 633 2904 was
648 2878 782 2915 patron
794 2866 836 2904 of
846 2881 866 2904 a
880 2866 1005 2915 chapel
1018 2868 1059 2904 in
1070 2868 1221 2905 SMaria
1233 2867 1291 2905 del
1305 2868 1420 2905 Fiore:
1432 2881 1490 2905 see
1505 2869 1738 2911 D.F.Zervas‚
1758 2867 1824 2905 The
1834 2869 1936 2905 Parte

118 2917 248 2966 Guelfa.
270 2917 498 2956 anellesdn
513 2918 588 2956 and
600 2918 797 2961 Donatello,
817 2921 947 2957 Locust
964 2918 1101 2967 Valley,
1120 2922 1215 2957 New
1233 2918 1347 2963 York,
1369 2922 1467 2963 1987,
1487 2923 1611 2957 207-8.

196 2970 212 2995 ¹³
234 2976 378 3015 Elected
400 2991 471 3014 one
493 2976 535 3014 of
553 2976 616 3015 the
637 2978 795 3026 oeptains
816 2977 858 3015 of
875 2977 938 3015 the
961 2977 1072 3016 Guelf
1092 2979 1198 3026 Party
1220 2979 1260 3015 in
1280 2977 1386 3027 April
1409 2981 1507 3022 1464,
1531 2980 1618 3016 ASF
1640 2979 1810 3026 Capitani
1831 2979 1934 3015 Parte

117 3028 248 3066 Guelfa
266 3032 307 3066 18
324 3043 437 3073 rosso,
454 3028 519 3067 fol.
539 3033 616 3067 llv.
634 3031 700 3067 On
715 3029 901 3073 Sacchetti,
916 3044 973 3067 see
990 3029 1205 3078 M.Phillips,
1225 3029 1291 3068 The
1302 3033 1452 3067 Memot'r
1465 3029 1630 3078 osMarco
1645 3031 1793 3068 Parenti.
1810 3032 1841 3066 A
1861 3029 1935 3078 Life

117 3084 155 3118 in
172 3080 298 3118 Medici
316 3081 484 3125 Florence,
504 3082 709 3125 Princeton‚
729 3085 827 3125 1987,
849 3085 972 3126 55-56,
994 3085 1117 3126 59-63‚
1138 3081 1183 3119 cf.
1203 3085 1349 3126 Brown,
1365 3082 1490 3120 Medici
1510 3085 1547 3119 in
1564 3082 1732 3126 Flonnce,
1752 3086 1806 3126 56,
1826 3085 1932 3125 28411,

116 3137 222 3172 29011.

197 3196 211 3210 ‘³
228 3194 373 3240 Corpus
391 3193 558 3236 Domini,
576 3206 630 3230 on
646 3196 686 3230 31
707 3195 805 3241 May.
