2072 3450
126 157 380 193 TEXTUAL
405 156 580 191 NOTES
1092 148 1150 189 V:
1181 148 1329 189 8-VI:
1358 149 1383 188 2
1839 149 1930 188 557

251 295 341 332 xiste
357 293 444 332 rude
458 293 531 342 (del.
548 292 665 342 atque)
683 323 691 330 .
705 323 713 330 .
728 322 736 330 .
751 292 907 330 alienum
920 304 971 330 est
985 295 1022 329 in
1038 291 1222 341 margadd.
1239 294 1305 329 Mo

214 344 240 367 ¹⁷
254 347 362 395 magis
376 357 533 395 mprasoe.
551 347 617 382 Mo

213 397 239 420 ¹⁸
253 399 403 437 cederet:
419 410 506 436 esset
521 401 588 436 Mo

214 449 240 472 ¹⁹
252 451 450 489 verborum
463 462 498 488 et
511 450 645 500 scripti:
659 449 771 487 modo
786 449 938 487 verbum
951 451 1017 486 Mo

210 502 241 525 ²⁰
253 518 428 553 nequeam
442 518 482 541 α
494 504 681 552 nequerim
695 517 778 540 corr.
794 505 861 540 Mo

210 554 238 577 ²¹
253 568 395 594 nostrae
404 566 481 605 post
494 554 656 605 publicae
668 554 731 592 deL
747 557 814 592 Mo

210 607 239 630 ²²
253 624 352 659 agere
365 624 405 647 ex
417 623 581 647 excusare
594 623 677 646 corr.
694 610 760 646 Mo

210 659 239 683 ²³
252 664 308 700 Ac
321 661 498 699 lacessitus
512 663 579 699 Mo

210 713 239 736 ²⁴
252 727 303 753 est
315 727 455 764 uaprasr.
473 717 540 752 Mo

210 765 238 788 ²⁵
252 767 386 805 dedisse
401 767 555 804 veniam:
570 766 790 804 condonasse
804 768 871 803 Mo

762 975 950 1015 NOTES
971 975 1050 1015 TO
1073 975 1221 1014 PART
1240 977 1299 1014 vl

719 1034 882 1076 [Numbers
897 1034 974 1078 refer
984 1045 1016 1068 to
1028 1034 1103 1068 lines
1115 1034 1207 1078 ofthe
1214 1037 1339 1078 poem]

127 1142 160 1176 1.
206 1135 218 1159 ³
232 1137 358 1175 favete:
372 1137 489 1175 favere
502 1138 553 1174 Tr

205 1188 220 1210 ⁹
232 1202 278 1228 te:
292 1202 328 1227 te
342 1204 365 1227 ο
379 1189 476 1238 Chig

207 1241 234 1263 ¹⁴
247 1243 378 1292 lingua:
392 1243 486 1292 ligua
498 1243 548 1280 Tr

205 1294 232 1316 ⁴¹
247 1296 325 1333 aris:
340 1295 402 1333 alis
414 1296 465 1332 Tr

205 1347 233 1370 ⁸³
247 1348 354 1387 refert
367 1360 487 1387 contra
501 1360 651 1386 metrum

207 1399 249 1422 ¹⁰⁰
261 1401 386 1439 darent
399 1403 498 1445 MSS,
513 1416 597 1439 corr.
613 1402 738 1438 Rizzo.

207 1452 248 1475 ¹¹⁹
261 1455 358 1492 hinc:
371 1454 470 1492 hunc
483 1456 581 1492 MSS.

207 1505 248 1528 ¹⁵⁴
262 1519 403 1545 resonat
416 1522 455 1544 ex
467 1519 571 1544 sonat
584 1521 667 1544 corr.
683 1507 734 1544 Tr

206 1558 247 1581 ¹⁶²
261 1575 391 1598 rursus:
408 1575 485 1598 rurs
498 1561 559 1598 Tr.

122 1617 158 1651 2.
203 1611 218 1633 ⁴
231 1612 358 1662 cupide
372 1625 408 1650 te
421 1627 461 1650 ex
472 1612 584 1650 dulcis
599 1625 634 1650 te
647 1627 730 1650 corr.
747 1610 787 1650 L·

203 1665 218 1687 ⁶
230 1681 316 1704 nam
328 1681 387 1704 me
399 1677 483 1704 ante
494 1681 562 1715 pro
575 1679 611 1704 te
622 1665 685 1703 del.
702 1663 754 1710 L¹;
769 1681 864 1710 nam,
880 1681 938 1704 me
952 1666 1099 1704 custode
1113 1681 1152 1704 ex
1164 1679 1327 1716 pascente
1340 1681 1423 1704 corr.
1440 1664 1482 1703 L⁸

204 1716 217 1739 ³
230 1732 437 1768 properans:
452 1732 621 1767 properas
635 1720 704 1755 Bot

203 1769 218 1792 ⁹
230 1784 332 1821 putas
348 1774 363 1809 ?
377 1786 466 1821 quae
480 1786 519 1809 α
531 1784 635 1821 negat
648 1772 759 1809 animi
772 1786 855 1809 corr.
872 1769 914 1809 L⁸

205 1821 233 1844 ¹⁰
245 1836 348 1873 negat
361 1839 401 1862 ex
413 1836 473 1861 aut
486 1839 569 1861 corr.
586 1821 628 1861 L·

205 1875 232 1898 ¹⁴
244 1880 353 1927 Surge
366 1892 437 1926 age:
453 1880 491 1915 in
506 1877 692 1926 margadd.
708 1875 762 1922 U,
776 1892 842 1915 om.
859 1880 928 1915 Bot
941 1900 980 1906 —
993 1880 1147 1927 Iamque:
1163 1890 1306 1927 tamque
1321 1880 1390 1915 Bot

205 1927 230 1950 ¹⁸
244 1929 398 1979 cupide>
412 1944 451 1967 εκ
463 1929 575 1967 dulcis
590 1944 672 1967 corr.
689 1927 731 1967 L*

204 1981 231 2003 ¹⁹
244 1983 396 2032 longius:
412 1983 540 2032 longus
555 1986 624 2020 Bot

202 2032 231 2055 ²⁷
243 2037 351 2084 Surge
366 2065 374 2072 .
389 2065 397 2072 .
414 2065 421 2072 .
436 2065 444 2072 .
459 2035 614 2084 cupi‹d›e
627 2050 666 2072 ex
678 2036 750 2079 Eia,
765 2050 836 2084 age,
852 2035 967 2073 adhuc
979 2034 1197 2084 sup.lin.corr.
1215 2033 1270 2080 L⁸;
1285 2048 1390 2073 restes
1404 2050 1518 2073 errore
1528 2050 1601 2074 non
1612 2035 1762 2073 deletum
1775 2047 1821 2073 est
1835 2039 1872 2073 in

238 2090 302 2127 MS
315 2111 354 2116 —
367 2088 479 2126 dulcis
492 2088 555 2126 del.
572 2090 636 2126 MS
648 2111 687 2117 —
700 2101 735 2126 te
749 2088 901 2138 appellat
914 2091 1064 2127 Anance
1076 2103 1190 2127 errore
1200 2092 1237 2127 in
1252 2091 1315 2127 MS
1327 2089 1477 2127 deletum
1490 2101 1536 2127 est
1548 2112 1587 2118 —
1601 2104 1755 2139 namque
1769 2120 1776 2127 .
1793 2120 1800 2127 .
1816 2120 1823 2127 .

240 2140 355 2189 (verba
369 2140 434 2190 legi
447 2155 519 2178 non
527 2140 680 2190 possunt)
692 2152 777 2190 supr.
795 2153 830 2178 et
841 2140 904 2179 del.
921 2139 962 2178 L⁸

201 2191 229 2214 ³³
243 2195 306 2231 Eia
320 2224 327 2231 .
343 2224 350 2231 .
365 2196 540 2232 Anancen
553 2209 593 2231 ex
604 2196 723 2243 Surge,
739 2209 810 2243 age,
826 2194 912 2243 quid
927 2207 1032 2232 restas
1047 2195 1223 2232 carissima
1236 2196 1351 2244 poscit
1364 2198 1514 2233 Anance
1526 2210 1610 2233 corr.
1627 2193 1668 2232 L⁸

201 2243 230 2266 ³⁴
243 2261 288 2283 ne
301 2261 341 2283 ex
353 2246 440 2295 quid
454 2261 536 2284 corr.
554 2244 596 2284 L⁸

201 2297 274 2320 ³⁸⁴²
282 2303 440 2349 primum
455 2301 506 2337 Te
521 2301 723 2338 immutasse
739 2312 857 2349 potest
871 2301 1010 2338 animus
1024 2301 1232 2350 tristemque
1246 2313 1378 2345 tenere,
1390 2300 1517 2339 deinde
1526 2302 1577 2339 Te
1591 2302 1795 2339 immutasse
1810 2316 1873 2351 po-

249 2364 316 2389 test
330 2352 569 2401 nebulamque
584 2352 751 2390 inducere
765 2352 901 2397 fronto,
911 2364 1082 2402 postremo
1096 2354 1148 2390 Te
1160 2354 1281 2402 potuit
1294 2365 1446 2391 mutasse
1462 2366 1497 2391 et
1510 2353 1607 2402 quid,
1621 2353 1764 2391 demum
1777 2357 1898 2391 omnia

247 2405 310 2443 del.
326 2405 385 2442 hos
397 2408 551 2454 quinque
563 2409 725 2443 venusin
739 2421 844 2455 marg.
861 2405 923 2454 inf
936 2409 1041 2455 scrips.
1061 2404 1101 2443 L⁸
1117 2406 1207 2454 (v.42
1224 2410 1342 2444 recisus
1354 2418 1387 2444 et
1399 2406 1535 2456 inexpl.)

243 2458 397 2495 miricae:
412 2460 492 2495 Bot.
507 2459 631 2495 miriee
644 2455 686 2495 L⁸

200 2509 229 2530 ⁴⁴
242 2523 336 2548 sunt:
351 2510 446 2548 fiunt
460 2508 514 2555 L⁸‚
528 2514 657 2549 correxi

201 2560 230 2583 ⁵⁰
242 2565 354 2600 Nunc
367 2562 511 2612 laqueos
525 2563 641 2601 tendit
654 2578 693 2601 ex
705 2566 817 2601 Nunc
830 2564 935 2612 ponit
949 2564 1092 2613 laqueos
1107 2578 1189 2602 corr.
1206 2562 1247 2601 L·

201 2613 228 2636 ⁵³
242 2617 394 2665 tetigisse
409 2631 448 2653 ex
461 2616 624 2654 iaculasse
638 2631 721 2654 corr.
738 2614 780 2654 1.⁸

201 2665 230 2688 ⁵⁴
243 2670 327 2705 Hoc
341 2681 546 2706 monstrum
561 2683 600 2706 α
612 2671 652 2706 In
667 2681 772 2718 caput
785 2683 868 2707 corr.
885 2667 927 2706 L·

201 2719 229 2742 ⁵⁹
243 2734 278 2759 et
286 2732 363 2770 post
376 2734 476 2759 ortos
488 2721 551 2759 del.
568 2719 610 2759 L·

200 2771 230 2847 ἶ
244 2773 381 2811 rediens
394 2788 433 2811 ωε
445 2773 582 2823 fugiens
597 2788 679 2811 corr.
697 2772 738 2811 L·

200 2454 228 2477 4³

242 2839 372 2876 patruo
386 2842 425 2864 ex
437 2839 537 2876 patre
549 2842 633 2865 corr.
649 2825 691 2865 L⁸

200 2877 229 2899 ⁶⁴
243 2878 347 2916 Olim
360 2893 400 2916 ex
412 2879 558 2928 quonda
566 2882 642 2926 [sic]
651 2894 734 2917 corr.
751 2878 793 2917 L·

200 2929 228 2952 ⁶⁸
243 2944 463 2981 rumpuntur
476 2945 511 2969 at
526 2932 585 2970 ilia
597 2947 636 2970 ex
648 2945 698 2970 ast
713 2933 771 2970 ilia
785 2948 929 2982 mmpu-
943 2948 1025 2971 corr.
1043 2931 1095 2978 Ι),
1110 2935 1210 2971 Erito
1224 2948 1263 2971 ex
1275 2935 1393 2971 Eritus
1405 2948 1488 2971 corr.
1506 2931 1548 2971 L·

201 2981 229 3003 ⁷⁶
243 2983 419 3021 Melibeus
434 3013 442 3021 .
458 3014 466 3021 .
480 3013 488 3021 .
502 2985 594 3021 auris
608 2987 646 3022 in
660 2985 845 3034 marg.add.
862 2983 904 3022 L·
917 3007 955 3013 —
969 2985 1070 3023 avida
1083 2986 1175 3022 auris
1188 3000 1227 3023 ex
1239 2999 1380 3023 carmen
1395 3000 1478 3022 corr.
1494 2983 1536 3022 L·
1551 3007 1590 3013 —
1603 2985 1715 3023 modo
1730 3000 1797 3023 om.
1814 2988 1883 3023 Bot

236 3058 275 3064 —
289 3036 440 3074 imbibet
453 3051 520 3074 om.
537 3039 606 3075 Bot
618 3059 657 3066 -
671 3037 772 3075 avida
785 3038 935 3076 imbibet
949 3039 1041 3076 auris
1055 3039 1229 3076 Mariotti.

201 3086 230 3108 ⁷⁷
243 3091 435 3126 Men‹etus›
450 3092 487 3127 in
502 3089 688 3138 margadd
704 3087 746 3127 L·

201 3139 230 3162 ⁸⁰
243 3143 300 3180 cui
314 3143 424 3191 gratia
437 3142 535 3180 nulla
547 3157 586 3180 ex
598 3144 660 3192 qui
673 3144 815 3181 vincere
827 3156 944 3192 tygres
957 3159 1041 3181 corr.
1058 3141 1099 3181 L⁸
