2118 3444
193 159 282 200 166
1818 165 1956 198 PART
1981 165 1995 198 1

1056 308 1137 348 205

570 378 648 418 ΤΟ
671 378 786 416 THE
806 379 986 417 MONK
1007 379 1309 417 GIOVANNI
1331 377 1619 417 BATTISTA²

871 448 919 485 15
941 445 1194 485 November
1219 448 1323 485 1488

812 537 875 586 51¹,
897 537 979 578 fols.
1004 541 1229 578 103v-104v.
1252 540 1378 590 Copy.

191 633 529 681 Bartholomeus
550 632 670 679 Scala
687 632 841 679 Ioanni
862 632 1078 692 Baptistae
1097 630 1334 679 monach0¹
1355 631 1552 679 salutem.
1574 636 1647 679 Est
1669 631 1778 678 mihi
1796 646 2002 692 pervetus

190 720 291 749 cum
315 700 509 748 Nicolao
531 701 738 761 Burgesio
761 700 999 747 clarissimo
1023 701 1167 760 equite
1186 694 1382 747 Senensib
1407 700 1608 747 amicitia.
1631 704 1743 747 Eum
1768 714 1890 747 certo
1907 701 1999 747 scio

190 770 397 817 daturum
419 787 599 830 operam
619 783 666 815 ut
687 768 966 815 Collensibus
988 786 1148 828 organa
1166 767 1417 824 reddantur,
1436 769 1690 828 praesertim
1707 768 1742 815 si
1761 783 1808 815 tu
1829 767 1890 814 illi
1907 786 2001 829 per-

188 838 369 886 suaseris
398 837 585 885 detineri
609 837 700 884 sine
729 836 901 898 capitali
928 837 1059 884 noxia
1087 854 1177 884 non
1204 854 1342 897 posse.
1373 840 1468 883 Cur
1493 837 1611 883 enim
1638 835 1742 884 velit
1769 837 1999 897 quispiam,

189 907 295 954 dum
319 924 442 954 aures
464 905 722 953 mortalibus
746 905 935 952 oblectat
957 904 1113 961 modis,
1138 903 1534 952 immortalitatem2
1556 904 1769 952 adducere
1789 906 1834 951 in
1856 904 2000 952 discri-

191 977 313 1022 men?
332 974 482 1021 Multo
501 975 668 1021 maiora
683 988 784 1021 sunt
804 992 912 1034 quae
929 974 973 1019 in
989 973 1186 1034 periculo
1202 988 1432 1034 ponuntur
1450 991 1581 1034 quam
1599 991 1707 1034 quae
1724 973 1811 1020 ulla
1826 991 2001 1034 organa,

189 1043 265 1090 ulli
291 1042 499 1090 mortales
522 1057 763 1089 concentus
786 1043 953 1102 possint
978 1056 1206 1102 praestare.
1232 1045 1458 1098 Ceterum,
1482 1041 1603 1102 quod
1627 1041 1679 1089 de
1699 1039 1860 1102 pretio3
1883 1042 2000 1089 resti-

188 1111 358 1159 tuendo
381 1129 548 1167 mones,
576 1110 766 1158 arbitror
788 1128 879 1157 non
901 1110 1088 1171 placebit
1113 1109 1391 1157 Collensibus
1418 1109 1750 1157 hostimentum.
1776 1114 1898 1157 Nam
1922 1127 2000 1157 cur

190 1179 375 1227 redimat
399 1180 494 1239 quis
518 1197 606 1235 sua,
631 1179 665 1226 si
691 1179 921 1234 invenerit,
944 1196 1052 1239 quae
1077 1196 1168 1225 non
1191 1196 1267 1225 sua
1291 1178 1417 1238 culpa
1441 1179 1652 1225 amiserit?
1677 1177 1801 1237 Quid
1824 1178 1885 1225 rei
1907 1195 2000 1225 um-

189 1266 321 1308 quam
342 1247 424 1294 fuit
444 1247 723 1294 Collensibus
747 1265 847 1294 cum
869 1247 1106 1293 Laurentio
1122 1246 1384 1293 Tifernate?c
1403 1246 1530 1293 Adde
1548 1246 1668 1306 quod
1689 1245 2000 1293 efferatissimis

189 1317 321 1363 etiam
339 1315 462 1363 bellis
480 1315 695 1362 abstinere
713 1333 735 1362 a
752 1314 926 1375 templis
945 1314 1156 1375 rebusque
1174 1315 1302 1361 sacris
1319 1329 1655 1370 consueverunt,
1673 1329 1720 1361 ut
1737 1313 1884 1361 fecisse
1902 1332 1997 1361 nos-

188 1399 280 1431 tros
304 1383 358 1431 ad
378 1383 625 1430 Insulanam
650 1377 907 1430 Abbatiamd
932 1384 1020 1443 ipse
1043 1383 1222 1430 testaris.
1246 1386 1319 1428 An
1344 1401 1436 1439 nos,
1461 1383 1561 1443 quia
1583 1383 1716 1443 magis
1740 1381 1902 1429 fuimus
1922 1383 1999 1443 pii,

189 1452 246 1499 ob
269 1453 481 1512 pietatem
499 1451 746 1512 plectemur
767 1452 921 1511 magis?
943 1451 1070 1507 Vide,
1093 1469 1267 1511 quaeso,
1291 1469 1344 1497 ne
1367 1468 1447 1510 ego
1467 1452 1546 1497 tuo
1570 1450 1748 1497 hortatu
1770 1468 1819 1497 ea
1835 1468 1996 1510 propo-

190 1538 291 1567 nam
313 1538 422 1580 quae
443 1520 575 1566 etiam
598 1518 728 1566 rideri
748 1533 789 1566 et
808 1518 986 1579 quidem
1009 1519 1099 1565 iure
1117 1519 1298 1579 possint.
1321 1518 1405 1565 Sed
1424 1536 1515 1565 non
1537 1518 1739 1574 arbitror,
1761 1518 1842 1565 nisi
1861 1518 1922 1565 sic
1940 1518 2000 1564 vi-

188 1603 279 1636 tare
296 1588 622 1635 restitutionem
640 1587 791 1634 volent
810 1588 883 1648 qui
901 1605 1062 1648 organa
1079 1586 1254 1643 habent,
1270 1587 1410 1648 pretia
1426 1587 1700 1647 repetituros.
1719 1587 1869 1633 Sciunt
1885 1603 1929 1633 se
1944 1585 1997 1633 ab

189 1658 304 1704 iusto
332 1656 519 1703 domino
549 1674 640 1703 non
667 1656 888 1703 coemisse.
918 1655 1127 1703 Praedam
1151 1673 1194 1702 se
1219 1673 1384 1702 sacram
1411 1655 1463 1702 de
1488 1654 1605 1702 bello
1631 1654 1799 1702 nefario
1825 1669 1997 1715 captam

188 1743 444 1786 comparare
462 1739 677 1771 noverant
694 1725 825 1771 etiam
843 1742 943 1770 cum
962 1738 1342 1784 comparaverunt3
1361 1741 1461 1770 cum
1479 1724 1650 1770 cesserit
1667 1722 1769 1770 belli
1787 1722 1924 1779 furor,
1942 1740 2002 1769 re-

189 1793 314 1840 diisse
335 1791 453 1840 bello
473 1792 615 1840 ablata
630 1792 759 1839 simul
781 1810 881 1839 cum
903 1791 1192 1839 reconciliatis
1210 1809 1358 1839 amore
1378 1792 1534 1838 animis
1553 1791 1766 1852 oportuit,
1787 1805 1835 1838 ut
1854 1790 1998 1838 multo

190 1862 357 1908 maiora
379 1860 490 1908 adeo
511 1860 748 1907 liberaliter
771 1860 948 1907 rediere.
970 1861 1012 1907 Si
1032 1860 1188 1920 placet,
1213 1859 1318 1920 quid
1340 1860 1472 1920 egerit
1494 1860 1720 1919 Burgesius
1746 1877 1846 1906 cum
1870 1858 1999 1906 Clan-

189 1929 476 1985 cianensibus,
504 1930 607 1976 viris
631 1928 836 1989 profecto
860 1928 987 1975 bonis
1015 1943 1055 1975 et
1081 1928 1302 1984 modestis,
1329 1927 1666 1988 expectabimus.
1693 1926 1868 1974 Deinde
1893 1926 2000 1988 quid

189 1997 307 2045 facto
324 1999 378 2045 sit
398 2015 507 2058 opus
530 1998 575 2043 in
594 2015 832 2044 commune
855 1996 1211 2044 consultabimus.
1236 1997 1404 2043 Omnia
1424 2014 1504 2056 ego
1521 2010 1596 2043 tua
1614 2013 1739 2042 causa
1756 1996 1888 2056 cupio
1908 1994 2000 2042 effi-

189 2084 298 2113 cere.
320 2065 440 2113 Vale.
466 2070 529 2111 Ex
552 2065 719 2112 Palatio
740 2065 999 2112 Florentino
1023 2065 1091 2112 die
1113 2083 1171 2111 xv
1190 2064 1461 2112 Novembris
1490 2068 1607 2111 1488.

1055 2197 1136 2237 206

742 2266 820 2306 TO
843 2267 991 2305 POPE
1012 2265 1325 2305 INNOCENT
1346 2267 1450 2305 VIII

811 2336 864 2382 [c.
890 2337 937 2372 12
960 2333 1213 2373 November
1238 2335 1377 2381 1489J²

457 2430 543 2476 GC,
565 2427 631 2468 fol.
653 2432 710 2468 54.
732 2429 859 2480 Copy,
881 2426 1054 2467 included
1076 2427 1115 2466 in
1134 2426 1198 2467 the
1216 2440 1295 2467 text
1315 2426 1359 2467 of
1374 2426 1483 2467 letter
1502 2429 1572 2466 207
1593 2425 1728 2466 below.

189 2522 337 2569 Habet
357 2521 442 2568 hoc
461 2522 708 2582 proprium,
731 2522 980 2568 Beatissime
999 2535 1135 2582 pater,
1153 2519 1438 2581 pontificatus
1458 2521 1534 2567 iste
1554 2534 1654 2567 tuus
1672 2519 1726 2567 ad
1743 2520 1833 2566 eius
1850 2518 1997 2566 simili-

188 2590 405 2646 tudinem,
427 2591 548 2637 cuius
568 2591 612 2636 in
633 2591 757 2636 terris
776 2590 1032 2636 vicariatum
1052 2590 1174 2649 geris,
1195 2603 1243 2635 ut
1264 2590 1307 2635 in
1329 2588 1455 2635 rebus
1474 2589 1617 2648 egenis
1636 2588 1722 2635 suis
1743 2586 1998 2647 confugiant

269 2791 280 2805 ²
298 2788 457 2825 Written
474 2788 512 2824 in
530 2787 631 2836 reply
648 2799 688 2825 to
709 2788 894 2825 Giovanni
911 2787 1085 2824 Battista's
1102 2786 1206 2824 letter
1222 2785 1262 2824 of
1281 2789 1295 2823 1
1318 2788 1504 2829 Oct.1488,
1525 2783 1585 2829 Si¹,
1603 2784 1682 2822 fols.
1706 2787 1920 2822 104v-105v.

268 2839 283 2864 b
301 2844 457 2882 Niccolo
480 2844 649 2892 Borghesi
667 2844 708 2882 of
723 2846 836 2888 Siena‚
854 2857 893 2882 to
914 2844 1038 2882 whom
1057 2845 1242 2882 Giovanni
1259 2844 1404 2881 Battista
1419 2842 1568 2881 showed
1586 2842 1710 2880 Scala's
1731 2841 1932 2885 ‘mandata',
1952 2840 1996 2879 cf.

187 2898 307 2936 letters
326 2902 390 2935 203
411 2898 525 2936 above
543 2898 614 2935 and
631 2901 697 2934 222
716 2897 845 2935 below.

269 2961 282 2974 ⁰
299 2959 463 2993 Lorenzo
483 2956 643 2993 Giustini
659 2955 700 2992 of
716 2955 814 2992 Citta
829 2954 866 2992 di
882 2954 1049 2998 Casoello,
1068 2969 1087 2991 a
1103 2954 1205 3003 papal
1222 2953 1291 2991 and
1307 2957 1344 2990 N
1348 2953 1526 3002 eapolitan
1542 2952 1750 2990 condottiere
1765 2953 1804 2988 in
1818 2951 1881 2989 the
1897 2951 2000 2989 Pazzi

188 3012 283 3046 War.

268 3060 284 3084 ‘¹
301 3065 466 3103 Abbadia
483 3079 502 3103 a
520 3064 646 3109 Insula,
664 3079 749 3102 near
764 3065 909 3112 Staggia‚
926 3064 989 3102 the
1004 3078 1107 3102 scene
1123 3063 1164 3101 of
1177 3063 1330 3111 fighting
1345 3062 1474 3110 during
1489 3062 1551 3100 the
1569 3063 1671 3100 Pazzi
1689 3064 1784 3105 War,
1803 3061 1998 3109 E.Repetti,

187 3121 395 3156 Dizionario
412 3122 534 3156 storico
552 3118 642 3156 della
663 3121 819 3162 Toscana,
838 3117 1077 3165 Multigrafica
1095 3120 1221 3161 Rome,
1243 3120 1341 3160 1969,
1362 3119 1386 3160 I,
1408 3119 1459 3154 15.

270 3181 282 3195 ²
301 3176 378 3213 The
394 3175 475 3213 date
494 3177 520 3213 is
537 3175 616 3213 that
633 3175 674 3213 of
688 3175 794 3213 letter
809 3179 875 3212 207
894 3174 1022 3212 below
