<?xml version="1.0" encoding="UTF-8"?>
<!DOCTYPE html PUBLIC "-//W3C//DTD XHTML 1.0 Transitional//EN"
    "http://www.w3.org/TR/xhtml1/DTD/xhtml1-transitional.dtd">
<html xmlns="http://www.w3.org/1999/xhtml" xml:lang="en" lang="en">
 <head>
  <title>
</title>
<meta http-equiv="Content-Type" content="text/html;charset=utf-8" />
  <meta name='ocr-system' content='tesseract 3.04.00' />
  <meta name='ocr-capabilities' content='ocr_page ocr_carea ocr_par ocr_line ocrx_word'/>
</head>
<body>
  <div class='ocr_page' id='page_1' title='image "bartolomeoscalah00scaluoft_0055.png"; bbox 0 0 2118 3450; ppageno 0'>
   <div class='ocr_carea' id='block_1_1' title="bbox 123 152 1927 197">
    <p class='ocr_par' dir='ltr' id='par_1_1' title="bbox 123 152 1927 197">
     <span class='ocr_line' id='line_1_1' title="bbox 123 152 1927 197; baseline -0.003 0"><span class='ocrx_word' id='word_1_1' title='bbox 123 163 354 197; x_wconf 82' lang='lat' dir='ltr'><strong>PRIVATE</strong></span> <span class='ocrx_word' id='word_1_2' title='bbox 380 162 608 196; x_wconf 77' lang='lat' dir='ltr'>LETTERS</span> <span class='ocrx_word' id='word_1_3' title='bbox 1873 152 1927 193; x_wconf 89' lang='lat'>15</span> 
     </span>
    </p>
   </div>
   <div class='ocr_carea' id='block_1_2' title="bbox 606 303 1451 492">
    <p class='ocr_par' dir='ltr' id='par_1_2' title="bbox 606 303 1451 492">
     <span class='ocr_line' id='line_1_2' title="bbox 1006 303 1055 345; baseline 0.02 -1"><span class='ocrx_word' id='word_1_4' title='bbox 1006 303 1055 345; x_wconf 92' lang='lat'>18</span> 
     </span>
     <span class='ocr_line' id='line_1_3' title="bbox 606 373 1451 414; baseline -0.002 0"><span class='ocrx_word' id='word_1_5' title='bbox 606 374 684 414; x_wconf 89' lang='lat' dir='ltr'>TO</span> <span class='ocrx_word' id='word_1_6' title='bbox 705 373 1014 414; x_wconf 88' lang='lat' dir='ltr'><strong>AGOSTINO</strong></span> <span class='ocrx_word' id='word_1_7' title='bbox 1036 373 1176 412; x_wconf 87' lang='lat' dir='ltr'>DATI</span> <span class='ocrx_word' id='word_1_8' title='bbox 1197 375 1263 412; x_wconf 94' lang='lat' dir='ltr'>IN</span> <span class='ocrx_word' id='word_1_9' title='bbox 1284 373 1451 412; x_wconf 85' lang='lat' dir='ltr'><strong>SIENA</strong></span> 
     </span>
     <span class='ocr_line' id='line_1_4' title="bbox 816 440 1240 492; baseline -0.002 -10"><span class='ocrx_word' id='word_1_10' title='bbox 816 440 947 490; x_wconf 81' lang='lat' dir='ltr'>[after</span> <span class='ocrx_word' id='word_1_11' title='bbox 963 444 1075 492; x_wconf 89' lang='lat' dir='ltr'>June</span> <span class='ocrx_word' id='word_1_12' title='bbox 1099 443 1240 490; x_wconf 71' lang='lat'>146512</span> 
     </span>
    </p>
   </div>
   <div class='ocr_carea' id='block_1_3' title="bbox 827 534 1229 583">
    <p class='ocr_par' dir='ltr' id='par_1_3' title="bbox 827 534 1229 583">
     <span class='ocr_line' id='line_1_5' title="bbox 827 534 1229 583; baseline 0 -8"><span class='ocrx_word' id='word_1_13' title='bbox 827 534 895 575; x_wconf 90' lang='lat' dir='ltr'>Ed.</span> <span class='ocrx_word' id='word_1_14' title='bbox 915 535 1017 583; x_wconf 85' lang='lat' dir='ltr'>Dati,</span> <span class='ocrx_word' id='word_1_15' title='bbox 1039 534 1105 575; x_wconf 82' lang='lat' dir='ltr'>fol.</span> <span class='ocrx_word' id='word_1_16' title='bbox 1130 537 1229 575; x_wconf 88' lang='lat' dir='ltr'>138r.</span> 
     </span>
    </p>
   </div>
   <div class='ocr_carea' id='block_1_4' title="bbox 117 638 1937 2533">
    <p class='ocr_par' dir='ltr' id='par_1_4' title="bbox 119 638 1937 1791">
     <span class='ocr_line' id='line_1_6' title="bbox 122 638 1935 700; baseline -0.001 -12"><span class='ocrx_word' id='word_1_17' title='bbox 122 641 455 690; x_wconf 89' lang='lat' dir='ltr'>Bartolomaeus</span> <span class='ocrx_word' id='word_1_18' title='bbox 474 640 595 688; x_wconf 89' lang='lat' dir='ltr'>Scala</span> <span class='ocrx_word' id='word_1_19' title='bbox 613 640 863 700; x_wconf 87' lang='lat' dir='ltr'>Augustino</span> <span class='ocrx_word' id='word_1_20' title='bbox 887 639 1042 686; x_wconf 92' lang='lat' dir='ltr'>Datho</span> <span class='ocrx_word' id='word_1_21' title='bbox 1060 639 1244 686; x_wconf 90' lang='lat' dir='ltr'>salutem</span> <span class='ocrx_word' id='word_1_22' title='bbox 1266 638 1384 686; x_wconf 91' lang='lat' dir='ltr'>dicit.</span> <span class='ocrx_word' id='word_1_23' title='bbox 1407 638 1747 686; x_wconf 89' lang='lat' dir='ltr'>Reddidit-mihi</span> <span class='ocrx_word' id='word_1_24' title='bbox 1769 639 1935 686; x_wconf 92' lang='lat' dir='ltr'>Ciones</span> 
     </span>
     <span class='ocr_line' id='line_1_7' title="bbox 122 704 1935 770; baseline -0.002 -13"><span class='ocrx_word' id='word_1_25' title='bbox 122 704 269 757; x_wconf 72' lang='lat' dir='ltr'>Ravib¹</span> <span class='ocrx_word' id='word_1_26' title='bbox 296 710 523 770; x_wconf 90' lang='lat' dir='ltr'>utriusque</span> <span class='ocrx_word' id='word_1_27' title='bbox 551 723 752 755; x_wconf 89' lang='lat' dir='ltr'>nostrum</span> <span class='ocrx_word' id='word_1_28' title='bbox 780 708 1100 755; x_wconf 88' lang='lat' dir='ltr'>amantissimus</span> <span class='ocrx_word' id='word_1_29' title='bbox 1127 707 1292 754; x_wconf 84' lang='lat' dir='ltr'>litteras</span> <span class='ocrx_word' id='word_1_30' title='bbox 1314 722 1422 763; x_wconf 89' lang='lat' dir='ltr'>tuas,</span> <span class='ocrx_word' id='word_1_31' title='bbox 1450 706 1665 767; x_wconf 85' lang='lat' dir='ltr'>elegantes</span> <span class='ocrx_word' id='word_1_32' title='bbox 1688 706 1867 768; x_wconf 90' lang='lat' dir='ltr'>quidem</span> <span class='ocrx_word' id='word_1_33' title='bbox 1893 722 1935 754; x_wconf 92' lang='lat' dir='ltr'>et</span> 
     </span>
     <span class='ocr_line' id='line_1_8' title="bbox 121 775 1933 838; baseline -0.002 -13"><span class='ocrx_word' id='word_1_34' title='bbox 121 792 164 825; x_wconf 94' lang='lat' dir='ltr'>te</span> <span class='ocrx_word' id='word_1_35' title='bbox 188 777 350 838; x_wconf 90' lang='lat' dir='ltr'>dignas.</span> <span class='ocrx_word' id='word_1_36' title='bbox 377 781 477 824; x_wconf 93' lang='lat' dir='ltr'>Nos</span> <span class='ocrx_word' id='word_1_37' title='bbox 500 776 720 838; x_wconf 81' lang='lat' dir='ltr'>profecto,</span> <span class='ocrx_word' id='word_1_38' title='bbox 746 777 808 823; x_wconf 89' lang='lat' dir='ltr'>mi</span> <span class='ocrx_word' id='word_1_39' title='bbox 833 777 1091 836; x_wconf 88' lang='lat' dir='ltr'>Augustine,</span> <span class='ocrx_word' id='word_1_40' title='bbox 1120 775 1195 823; x_wconf 92' lang='lat' dir='ltr'>diu</span> <span class='ocrx_word' id='word_1_41' title='bbox 1219 776 1349 823; x_wconf 91' lang='lat' dir='ltr'>amici</span> <span class='ocrx_word' id='word_1_42' title='bbox 1371 793 1533 831; x_wconf 90' lang='lat' dir='ltr'>sumus,</span> <span class='ocrx_word' id='word_1_43' title='bbox 1563 776 1623 822; x_wconf 90' lang='lat' dir='ltr'>ita</span> <span class='ocrx_word' id='word_1_44' title='bbox 1645 775 1764 822; x_wconf 93' lang='lat' dir='ltr'>enim</span> <span class='ocrx_word' id='word_1_45' title='bbox 1789 776 1933 822; x_wconf 91' lang='lat' dir='ltr'>sentio</span> 
     </span>
     <span class='ocr_line' id='line_1_9' title="bbox 122 843 1933 906; baseline -0.002 -13"><span class='ocrx_word' id='word_1_46' title='bbox 122 861 325 893; x_wconf 90' lang='lat' dir='ltr'>naturam</span> <span class='ocrx_word' id='word_1_47' title='bbox 342 863 589 906; x_wconf 92' lang='lat' dir='ltr'>moresque,</span> <span class='ocrx_word' id='word_1_48' title='bbox 609 862 718 905; x_wconf 90' lang='lat' dir='ltr'>quae</span> <span class='ocrx_word' id='word_1_49' title='bbox 736 859 952 891; x_wconf 89' lang='lat' dir='ltr'>ornantur</span> <span class='ocrx_word' id='word_1_50' title='bbox 965 843 1094 905; x_wconf 91' lang='lat' dir='ltr'>plane</span> <span class='ocrx_word' id='word_1_51' title='bbox 1111 858 1153 891; x_wconf 93' lang='lat' dir='ltr'>et</span> <span class='ocrx_word' id='word_1_52' title='bbox 1170 844 1337 891; x_wconf 92' lang='lat' dir='ltr'>maiora</span> <span class='ocrx_word' id='word_1_53' title='bbox 1354 843 1450 891; x_wconf 85' lang='lat' dir='ltr'>fieri</span> <span class='ocrx_word' id='word_1_54' title='bbox 1465 858 1649 904; x_wconf 84' lang='lat' dir='ltr'><strong>possunt</strong></span> <span class='ocrx_word' id='word_1_55' title='bbox 1669 844 1830 890; x_wconf 88' lang='lat' dir='ltr'>nostris</span> <span class='ocrx_word' id='word_1_56' title='bbox 1847 858 1933 890; x_wconf 90' lang='lat' dir='ltr'>stu-</span> 
     </span>
     <span class='ocr_line' id='line_1_10' title="bbox 122 911 1935 973; baseline -0.001 -13"><span class='ocrx_word' id='word_1_57' title='bbox 122 914 216 970; x_wconf 87' lang='lat' dir='ltr'>diis,</span> <span class='ocrx_word' id='word_1_58' title='bbox 243 913 477 961; x_wconf 90' lang='lat' dir='ltr'>conciliare</span> <span class='ocrx_word' id='word_1_59' title='bbox 501 914 726 969; x_wconf 86' lang='lat' dir='ltr'>amicitias,</span> <span class='ocrx_word' id='word_1_60' title='bbox 751 930 906 973; x_wconf 91' lang='lat' dir='ltr'>easque</span> <span class='ocrx_word' id='word_1_61' title='bbox 930 927 972 959; x_wconf 92' lang='lat' dir='ltr'>et</span> <span class='ocrx_word' id='word_1_62' title='bbox 996 926 1245 959; x_wconf 90' lang='lat' dir='ltr'>constantes</span> <span class='ocrx_word' id='word_1_63' title='bbox 1268 926 1310 959; x_wconf 94' lang='lat' dir='ltr'>et</span> <span class='ocrx_word' id='word_1_64' title='bbox 1331 926 1563 972; x_wconf 89' lang='lat' dir='ltr'>perpetuas</span> <span class='ocrx_word' id='word_1_65' title='bbox 1587 929 1675 958; x_wconf 92' lang='lat' dir='ltr'>esse</span> <span class='ocrx_word' id='word_1_66' title='bbox 1698 911 1852 967; x_wconf 86' lang='lat' dir='ltr'>solere3</span> <span class='ocrx_word' id='word_1_67' title='bbox 1878 911 1935 958; x_wconf 86' lang='lat' dir='ltr'>fa-</span> 
     </span>
     <span class='ocr_line' id='line_1_11' title="bbox 121 979 1932 1042; baseline -0.002 -13"><span class='ocrx_word' id='word_1_68' title='bbox 121 983 268 1042; x_wconf 91' lang='lat' dir='ltr'>citque</span> <span class='ocrx_word' id='word_1_69' title='bbox 286 999 336 1029; x_wconf 94' lang='lat' dir='ltr'>ea</span> <span class='ocrx_word' id='word_1_70' title='bbox 352 996 533 1028; x_wconf 91' lang='lat' dir='ltr'>naturae</span> <span class='ocrx_word' id='word_1_71' title='bbox 548 981 626 1037; x_wconf 93' lang='lat' dir='ltr'>vis,</span> <span class='ocrx_word' id='word_1_72' title='bbox 648 980 770 1042; x_wconf 91' lang='lat' dir='ltr'>quod</span> <span class='ocrx_word' id='word_1_73' title='bbox 787 981 1007 1041; x_wconf 88' lang='lat' dir='ltr'>sapienter</span> <span class='ocrx_word' id='word_1_74' title='bbox 1022 981 1068 1026; x_wconf 94' lang='lat' dir='ltr'>in</span> <span class='ocrx_word' id='word_1_75' title='bbox 1086 979 1229 1027; x_wconf 73' lang='lat' dir='ltr'>laelio</span> <span class='ocrx_word' id='word_1_76' title='bbox 1247 979 1397 1027; x_wconf 92' lang='lat' dir='ltr'>scribit</span> <span class='ocrx_word' id='word_1_77' title='bbox 1416 980 1609 1036; x_wconf 84' lang='lat' dir='ltr'>Cicero,c</span> <span class='ocrx_word' id='word_1_78' title='bbox 1626 994 1675 1026; x_wconf 95' lang='lat' dir='ltr'>ut</span> <span class='ocrx_word' id='word_1_79' title='bbox 1695 997 1805 1040; x_wconf 95' lang='lat' dir='ltr'>quos</span> <span class='ocrx_word' id='word_1_80' title='bbox 1824 997 1932 1026; x_wconf 93' lang='lat' dir='ltr'>nun-</span> 
     </span>
     <span class='ocr_line' id='line_1_12' title="bbox 121 1047 1934 1111; baseline -0.002 -14"><span class='ocrx_word' id='word_1_81' title='bbox 121 1068 254 1111; x_wconf 91' lang='lat' dir='ltr'>quam</span> <span class='ocrx_word' id='word_1_82' title='bbox 267 1049 459 1097; x_wconf 91' lang='lat' dir='ltr'>vidimus</span> <span class='ocrx_word' id='word_1_83' title='bbox 475 1048 812 1111; x_wconf 93' lang='lat' dir='ltr'>quodammodo</span> <span class='ocrx_word' id='word_1_84' title='bbox 828 1048 1068 1109; x_wconf 87' lang='lat' dir='ltr'>diligamus.</span> <span class='ocrx_word' id='word_1_85' title='bbox 1086 1053 1208 1096; x_wconf 93' lang='lat' dir='ltr'>Nam</span> <span class='ocrx_word' id='word_1_86' title='bbox 1223 1066 1332 1110; x_wconf 92' lang='lat' dir='ltr'>quae</span> <span class='ocrx_word' id='word_1_87' title='bbox 1348 1047 1512 1095; x_wconf 92' lang='lat' dir='ltr'>iudicio</span> <span class='ocrx_word' id='word_1_88' title='bbox 1526 1062 1681 1095; x_wconf 92' lang='lat' dir='ltr'>nostro</span> <span class='ocrx_word' id='word_1_89' title='bbox 1697 1062 1934 1109; x_wconf 92' lang='lat' dir='ltr'>nostraque</span> 
     </span>
     <span class='ocr_line' id='line_1_13' title="bbox 121 1115 1936 1178; baseline -0.002 -13"><span class='ocrx_word' id='word_1_90' title='bbox 121 1118 336 1166; x_wconf 89' lang='lat' dir='ltr'>electione</span> <span class='ocrx_word' id='word_1_91' title='bbox 355 1117 693 1174; x_wconf 89' lang='lat' dir='ltr'>contrahuntur,</span> <span class='ocrx_word' id='word_1_92' title='bbox 713 1135 839 1178; x_wconf 92' lang='lat' dir='ltr'>saepe</span> <span class='ocrx_word' id='word_1_93' title='bbox 857 1117 926 1164; x_wconf 90' lang='lat' dir='ltr'>vel</span> <span class='ocrx_word' id='word_1_94' title='bbox 944 1116 1171 1164; x_wconf 89' lang='lat' dir='ltr'>levissimis</span> <span class='ocrx_word' id='word_1_95' title='bbox 1192 1116 1435 1178; x_wconf 89' lang='lat' dir='ltr'>quibusque</span> <span class='ocrx_word' id='word_1_96' title='bbox 1458 1116 1510 1164; x_wconf 91' lang='lat' dir='ltr'>de</span> <span class='ocrx_word' id='word_1_97' title='bbox 1529 1117 1665 1164; x_wconf 87' lang='lat' dir='ltr'>causis</span> <span class='ocrx_word' id='word_1_98' title='bbox 1683 1115 1936 1164; x_wconf 85' lang='lat' dir='ltr'>labefactari</span> 
     </span>
     <span class='ocr_line' id='line_1_14' title="bbox 121 1185 1933 1247; baseline -0.002 -13"><span class='ocrx_word' id='word_1_99' title='bbox 121 1186 386 1247; x_wconf 90' lang='lat' dir='ltr'>dissolvique</span> <span class='ocrx_word' id='word_1_100' title='bbox 410 1186 624 1243; x_wconf 89' lang='lat' dir='ltr'>videmus,</span> <span class='ocrx_word' id='word_1_101' title='bbox 649 1204 810 1247; x_wconf 92' lang='lat' dir='ltr'>magno</span> <span class='ocrx_word' id='word_1_102' title='bbox 833 1204 934 1233; x_wconf 93' lang='lat' dir='ltr'>cum</span> <span class='ocrx_word' id='word_1_103' title='bbox 957 1185 1111 1233; x_wconf 91' lang='lat' dir='ltr'>dolore</span> <span class='ocrx_word' id='word_1_104' title='bbox 1134 1186 1270 1233; x_wconf 88' lang='lat' dir='ltr'>animi</span> <span class='ocrx_word' id='word_1_105' title='bbox 1294 1186 1447 1242; x_wconf 86' lang='lat' dir='ltr'>nostri,</span> <span class='ocrx_word' id='word_1_106' title='bbox 1471 1203 1581 1246; x_wconf 91' lang='lat' dir='ltr'>quos</span> <span class='ocrx_word' id='word_1_107' title='bbox 1604 1203 1685 1232; x_wconf 94' lang='lat' dir='ltr'>nec</span> <span class='ocrx_word' id='word_1_108' title='bbox 1707 1186 1933 1232; x_wconf 91' lang='lat' dir='ltr'>immerito</span> 
     </span>
     <span class='ocr_line' id='line_1_15' title="bbox 120 1253 1933 1315; baseline -0.002 -12"><span class='ocrx_word' id='word_1_109' title='bbox 120 1270 295 1303; x_wconf 89' lang='lat' dir='ltr'>tanturn</span> <span class='ocrx_word' id='word_1_110' title='bbox 316 1254 533 1302; x_wconf 90' lang='lat' dir='ltr'>aberrasse</span> <span class='ocrx_word' id='word_1_111' title='bbox 555 1255 601 1301; x_wconf 92' lang='lat' dir='ltr'>in</span> <span class='ocrx_word' id='word_1_112' title='bbox 624 1253 857 1315; x_wconf 91' lang='lat' dir='ltr'>deligendo</span> <span class='ocrx_word' id='word_1_113' title='bbox 874 1255 1082 1315; x_wconf 93' lang='lat' dir='ltr'>paenitet.</span> <span class='ocrx_word' id='word_1_114' title='bbox 1106 1255 1200 1314; x_wconf 89' lang='lat' dir='ltr'>Qui</span> <span class='ocrx_word' id='word_1_115' title='bbox 1221 1268 1376 1301; x_wconf 89' lang='lat' dir='ltr'>natura</span> <span class='ocrx_word' id='word_1_116' title='bbox 1397 1254 1488 1315; x_wconf 93' lang='lat' dir='ltr'>ipsa</span> <span class='ocrx_word' id='word_1_117' title='bbox 1508 1271 1658 1301; x_wconf 92' lang='lat' dir='ltr'>amore</span> <span class='ocrx_word' id='word_1_118' title='bbox 1679 1253 1933 1301; x_wconf 91' lang='lat' dir='ltr'>benivolen-</span> 
     </span>
     <span class='ocr_line' id='line_1_16' title="bbox 120 1322 1932 1385; baseline -0.001 -14"><span class='ocrx_word' id='word_1_119' title='bbox 120 1325 267 1385; x_wconf 90' lang='lat' dir='ltr'>tiaque</span> <span class='ocrx_word' id='word_1_120' title='bbox 287 1324 542 1384; x_wconf 88' lang='lat' dir='ltr'>iunguntur,</span> <span class='ocrx_word' id='word_1_121' title='bbox 567 1341 642 1370; x_wconf 92' lang='lat' dir='ltr'>eos</span> <span class='ocrx_word' id='word_1_122' title='bbox 660 1341 768 1370; x_wconf 90' lang='lat' dir='ltr'>vero</span> <span class='ocrx_word' id='word_1_123' title='bbox 788 1341 881 1370; x_wconf 93' lang='lat' dir='ltr'>non</span> <span class='ocrx_word' id='word_1_124' title='bbox 902 1340 1026 1384; x_wconf 91' lang='lat' dir='ltr'>aqua,</span> <span class='ocrx_word' id='word_1_125' title='bbox 1047 1341 1140 1370; x_wconf 92' lang='lat' dir='ltr'>non</span> <span class='ocrx_word' id='word_1_126' title='bbox 1161 1323 1270 1383; x_wconf 88' lang='lat' dir='ltr'>ignis</span> <span class='ocrx_word' id='word_1_127' title='bbox 1292 1323 1354 1383; x_wconf 91' lang='lat' dir='ltr'>(ut</span> <span class='ocrx_word' id='word_1_128' title='bbox 1375 1323 1511 1383; x_wconf 86' lang='lat' dir='ltr'>aiunt)</span> <span class='ocrx_word' id='word_1_129' title='bbox 1533 1323 1698 1383; x_wconf 89' lang='lat' dir='ltr'>poterit</span> <span class='ocrx_word' id='word_1_130' title='bbox 1719 1322 1932 1383; x_wconf 90' lang='lat' dir='ltr'>disiunge-</span> 
     </span>
     <span class='ocr_line' id='line_1_17' title="bbox 120 1390 1935 1453; baseline 0 -15"><span class='ocrx_word' id='word_1_131' title='bbox 120 1410 180 1448; x_wconf 93' lang='lat' dir='ltr'>re,</span> <span class='ocrx_word' id='word_1_132' title='bbox 204 1393 326 1453; x_wconf 93' lang='lat' dir='ltr'>quin‚</span> <span class='ocrx_word' id='word_1_133' title='bbox 350 1391 472 1453; x_wconf 93' lang='lat' dir='ltr'>quod</span> <span class='ocrx_word' id='word_1_134' title='bbox 496 1391 640 1438; x_wconf 93' lang='lat' dir='ltr'>multo</span> <span class='ocrx_word' id='word_1_135' title='bbox 665 1406 726 1439; x_wconf 91' lang='lat' dir='ltr'>est</span> <span class='ocrx_word' id='word_1_136' title='bbox 750 1390 1061 1448; x_wconf 89' lang='lat' dir='ltr'>admirabilius,</span> <span class='ocrx_word' id='word_1_137' title='bbox 1088 1405 1316 1438; x_wconf 90' lang='lat' dir='ltr'>mortuum</span> <span class='ocrx_word' id='word_1_138' title='bbox 1342 1409 1518 1452; x_wconf 91' lang='lat' dir='ltr'>quoque</span> <span class='ocrx_word' id='word_1_139' title='bbox 1543 1391 1735 1438; x_wconf 92' lang='lat' dir='ltr'>amicum</span> <span class='ocrx_word' id='word_1_140' title='bbox 1760 1390 1935 1438; x_wconf 91' lang='lat' dir='ltr'>relictus</span> 
     </span>
     <span class='ocr_line' id='line_1_18' title="bbox 120 1459 1933 1520; baseline -0.001 -13"><span class='ocrx_word' id='word_1_141' title='bbox 120 1461 166 1506; x_wconf 93' lang='lat' dir='ltr'>in</span> <span class='ocrx_word' id='word_1_142' title='bbox 203 1461 294 1507; x_wconf 89' lang='lat' dir='ltr'>vita</span> <span class='ocrx_word' id='word_1_143' title='bbox 327 1460 437 1507; x_wconf 91' lang='lat' dir='ltr'>alter</span> <span class='ocrx_word' id='word_1_144' title='bbox 470 1459 628 1507; x_wconf 92' lang='lat' dir='ltr'>eodem</span> <span class='ocrx_word' id='word_1_145' title='bbox 664 1460 815 1506; x_wconf 92' lang='lat' dir='ltr'>animo</span> <span class='ocrx_word' id='word_1_146' title='bbox 848 1460 1142 1520; x_wconf 87' lang='lat' dir='ltr'>prosequitur.</span> <span class='ocrx_word' id='word_1_147' title='bbox 1182 1463 1339 1506; x_wconf 89' lang='lat' dir='ltr'>Sumus</span> <span class='ocrx_word' id='word_1_148' title='bbox 1377 1477 1457 1506; x_wconf 93' lang='lat' dir='ltr'>nos</span> <span class='ocrx_word' id='word_1_149' title='bbox 1495 1459 1674 1520; x_wconf 90' lang='lat' dir='ltr'>quidem</span> <span class='ocrx_word' id='word_1_150' title='bbox 1710 1459 1933 1506; x_wconf 88' lang='lat' dir='ltr'>conciliati</span> 
     </span>
     <span class='ocr_line' id='line_1_19' title="bbox 121 1526 1934 1589; baseline -0.001 -13"><span class='ocrx_word' id='word_1_151' title='bbox 121 1543 288 1576; x_wconf 90' lang='lat' dir='ltr'>natura.</span> <span class='ocrx_word' id='word_1_152' title='bbox 308 1529 470 1575; x_wconf 86' lang='lat' dir='ltr'>Amavi</span> <span class='ocrx_word' id='word_1_153' title='bbox 490 1546 592 1575; x_wconf 93' lang='lat' dir='ltr'>cum</span> <span class='ocrx_word' id='word_1_154' title='bbox 611 1529 807 1589; x_wconf 91' lang='lat' dir='ltr'>primum</span> <span class='ocrx_word' id='word_1_155' title='bbox 828 1527 912 1588; x_wconf 92' lang='lat' dir='ltr'>legi</span> <span class='ocrx_word' id='word_1_156' title='bbox 929 1527 1094 1575; x_wconf 87' lang='lat' dir='ltr'>litteras</span> <span class='ocrx_word' id='word_1_157' title='bbox 1111 1542 1218 1584; x_wconf 87' lang='lat' dir='ltr'>tuas,</span> <span class='ocrx_word' id='word_1_158' title='bbox 1240 1527 1285 1575; x_wconf 93' lang='lat' dir='ltr'>id</span> <span class='ocrx_word' id='word_1_159' title='bbox 1303 1542 1365 1575; x_wconf 93' lang='lat' dir='ltr'>est</span> <span class='ocrx_word' id='word_1_160' title='bbox 1385 1545 1486 1575; x_wconf 91' lang='lat' dir='ltr'>cum</span> <span class='ocrx_word' id='word_1_161' title='bbox 1504 1528 1701 1588; x_wconf 90' lang='lat' dir='ltr'>primum</span> <span class='ocrx_word' id='word_1_162' title='bbox 1724 1528 1799 1588; x_wconf 92' lang='lat' dir='ltr'>qui</span> <span class='ocrx_word' id='word_1_163' title='bbox 1818 1526 1934 1574; x_wconf 85' lang='lat' dir='ltr'>fores</span> 
     </span>
     <span class='ocr_line' id='line_1_20' title="bbox 120 1595 1937 1658; baseline -0.001 -15"><span class='ocrx_word' id='word_1_164' title='bbox 120 1598 242 1658; x_wconf 91' lang='lat' dir='ltr'>quivi</span> <span class='ocrx_word' id='word_1_165' title='bbox 260 1596 513 1657; x_wconf 91' lang='lat' dir='ltr'>intelligere.</span> <span class='ocrx_word' id='word_1_166' title='bbox 532 1597 575 1643; x_wconf 87' lang='lat' dir='ltr'>Si</span> <span class='ocrx_word' id='word_1_167' title='bbox 593 1596 700 1657; x_wconf 92' lang='lat' dir='ltr'>quid</span> <span class='ocrx_word' id='word_1_168' title='bbox 715 1611 777 1643; x_wconf 88' lang='lat' dir='ltr'>est</span> <span class='ocrx_word' id='word_1_169' title='bbox 796 1597 842 1643; x_wconf 93' lang='lat' dir='ltr'>in</span> <span class='ocrx_word' id='word_1_170' title='bbox 859 1614 929 1643; x_wconf 91' lang='lat' dir='ltr'>me</span> <span class='ocrx_word' id='word_1_171' title='bbox 948 1596 1069 1657; x_wconf 94' lang='lat' dir='ltr'>quod</span> <span class='ocrx_word' id='word_1_172' title='bbox 1087 1596 1397 1643; x_wconf 88' lang='lat' dir='ltr'>reclamatione</span> <span class='ocrx_word' id='word_1_173' title='bbox 1414 1596 1597 1657; x_wconf 89' lang='lat' dir='ltr'>dignum</span> <span class='ocrx_word' id='word_1_174' title='bbox 1616 1596 1685 1652; x_wconf 86' lang='lat' dir='ltr'>sit,</span> <span class='ocrx_word' id='word_1_175' title='bbox 1703 1595 1937 1643; x_wconf 91' lang='lat' dir='ltr'>vehemen-</span> 
     </span>
     <span class='ocr_line' id='line_1_21' title="bbox 119 1663 1936 1726; baseline -0.001 -14"><span class='ocrx_word' id='word_1_176' title='bbox 119 1680 188 1712; x_wconf 91' lang='lat' dir='ltr'>ter</span> <span class='ocrx_word' id='word_1_177' title='bbox 208 1665 390 1726; x_wconf 88' lang='lat' dir='ltr'>gaudeo.</span> <span class='ocrx_word' id='word_1_178' title='bbox 418 1669 534 1712; x_wconf 92' lang='lat' dir='ltr'>Vera</span> <span class='ocrx_word' id='word_1_179' title='bbox 558 1666 676 1712; x_wconf 91' lang='lat' dir='ltr'>enim</span> <span class='ocrx_word' id='word_1_180' title='bbox 704 1666 896 1712; x_wconf 91' lang='lat' dir='ltr'>amicitia</span> <span class='ocrx_word' id='word_1_181' title='bbox 920 1664 1029 1711; x_wconf 91' lang='lat' dir='ltr'>nihil</span> <span class='ocrx_word' id='word_1_182' title='bbox 1055 1664 1164 1711; x_wconf 91' lang='lat' dir='ltr'>mihi</span> <span class='ocrx_word' id='word_1_183' title='bbox 1190 1664 1366 1712; x_wconf 90' lang='lat' dir='ltr'>videtur</span> <span class='ocrx_word' id='word_1_184' title='bbox 1389 1682 1476 1711; x_wconf 88' lang='lat' dir='ltr'>esse</span> <span class='ocrx_word' id='word_1_185' title='bbox 1502 1663 1745 1711; x_wconf 92' lang='lat' dir='ltr'>iucundius.</span> <span class='ocrx_word' id='word_1_186' title='bbox 1775 1663 1859 1711; x_wconf 90' lang='lat' dir='ltr'>Sed</span> <span class='ocrx_word' id='word_1_187' title='bbox 1883 1664 1936 1711; x_wconf 94' lang='lat' dir='ltr'>de</span> 
     </span>
     <span class='ocr_line' id='line_1_22' title="bbox 120 1733 904 1791; baseline 0 -11"><span class='ocrx_word' id='word_1_188' title='bbox 120 1734 313 1791; x_wconf 89' lang='lat' dir='ltr'>amicitia</span> <span class='ocrx_word' id='word_1_189' title='bbox 332 1734 447 1789; x_wconf 85' lang='lat' dir='ltr'>satis,</span> <span class='ocrx_word' id='word_1_190' title='bbox 471 1751 525 1780; x_wconf 93' lang='lat' dir='ltr'>ne</span> <span class='ocrx_word' id='word_1_191' title='bbox 546 1751 617 1780; x_wconf 94' lang='lat' dir='ltr'>sus</span> <span class='ocrx_word' id='word_1_192' title='bbox 638 1733 904 1780; x_wconf 89' lang='lat' dir='ltr'>Minervam.</span> 
     </span>
    </p>

    <p class='ocr_par' dir='ltr' id='par_1_5' title="bbox 117 1800 1935 2533">
     <span class='ocr_line' id='line_1_23' title="bbox 205 1800 1933 1863; baseline -0.001 -14"><span class='ocrx_word' id='word_1_193' title='bbox 205 1801 358 1849; x_wconf 91' lang='lat' dir='ltr'>Redeo</span> <span class='ocrx_word' id='word_1_194' title='bbox 382 1801 437 1849; x_wconf 91' lang='lat' dir='ltr'>ad</span> <span class='ocrx_word' id='word_1_195' title='bbox 460 1802 666 1849; x_wconf 90' lang='lat' dir='ltr'>Cionem.</span> <span class='ocrx_word' id='word_1_196' title='bbox 699 1801 859 1849; x_wconf 92' lang='lat' dir='ltr'>Habeo</span> <span class='ocrx_word' id='word_1_197' title='bbox 886 1801 947 1848; x_wconf 88' lang='lat' dir='ltr'>illi</span> <span class='ocrx_word' id='word_1_198' title='bbox 974 1802 1170 1862; x_wconf 89' lang='lat' dir='ltr'>ingentes</span> <span class='ocrx_word' id='word_1_199' title='bbox 1194 1802 1363 1862; x_wconf 90' lang='lat' dir='ltr'>gratias,</span> <span class='ocrx_word' id='word_1_200' title='bbox 1391 1802 1466 1863; x_wconf 89' lang='lat' dir='ltr'>qui</span> <span class='ocrx_word' id='word_1_201' title='bbox 1492 1800 1544 1849; x_wconf 90' lang='lat' dir='ltr'>de</span> <span class='ocrx_word' id='word_1_202' title='bbox 1569 1815 1612 1848; x_wconf 91' lang='lat' dir='ltr'>te</span> <span class='ocrx_word' id='word_1_203' title='bbox 1637 1819 1813 1848; x_wconf 91' lang='lat' dir='ltr'>mecum</span> <span class='ocrx_word' id='word_1_204' title='bbox 1838 1818 1933 1862; x_wconf 93' lang='lat' dir='ltr'>per-</span> 
     </span>
     <span class='ocr_line' id='line_1_24' title="bbox 118 1869 1934 1931; baseline -0.001 -13"><span class='ocrx_word' id='word_1_205' title='bbox 118 1888 244 1931; x_wconf 90' lang='lat' dir='ltr'>saepe</span> <span class='ocrx_word' id='word_1_206' title='bbox 261 1885 323 1918; x_wconf 92' lang='lat' dir='ltr'>est</span> <span class='ocrx_word' id='word_1_207' title='bbox 339 1871 591 1918; x_wconf 90' lang='lat' dir='ltr'>suavissime</span> <span class='ocrx_word' id='word_1_208' title='bbox 611 1870 869 1927; x_wconf 89' lang='lat' dir='ltr'>collocutus,</span> <span class='ocrx_word' id='word_1_209' title='bbox 888 1884 936 1917; x_wconf 92' lang='lat' dir='ltr'>ut</span> <span class='ocrx_word' id='word_1_210' title='bbox 955 1869 1081 1918; x_wconf 90' lang='lat' dir='ltr'>huius</span> <span class='ocrx_word' id='word_1_211' title='bbox 1100 1871 1285 1918; x_wconf 93' lang='lat' dir='ltr'>recentis</span> <span class='ocrx_word' id='word_1_212' title='bbox 1301 1870 1628 1917; x_wconf 86' lang='lat' dir='ltr'>coniunctionis</span> <span class='ocrx_word' id='word_1_213' title='bbox 1646 1884 1688 1917; x_wconf 93' lang='lat' dir='ltr'>et</span> <span class='ocrx_word' id='word_1_214' title='bbox 1704 1870 1934 1917; x_wconf 91' lang='lat' dir='ltr'>necessitu-</span> 
     </span>
     <span class='ocr_line' id='line_1_25' title="bbox 119 1938 1935 2000; baseline -0.001 -14"><span class='ocrx_word' id='word_1_215' title='bbox 119 1938 233 1986; x_wconf 92' lang='lat' dir='ltr'>dinis</span> <span class='ocrx_word' id='word_1_216' title='bbox 257 1953 432 1986; x_wconf 92' lang='lat' dir='ltr'>nostrae</span> <span class='ocrx_word' id='word_1_217' title='bbox 454 1938 731 2000; x_wconf 92' lang='lat' dir='ltr'>voluptatem</span> <span class='ocrx_word' id='word_1_218' title='bbox 752 1938 1002 2000; x_wconf 91' lang='lat' dir='ltr'>plenissime</span> <span class='ocrx_word' id='word_1_219' title='bbox 1029 1938 1329 1986; x_wconf 89' lang='lat' dir='ltr'>cumulaverit.</span> <span class='ocrx_word' id='word_1_220' title='bbox 1354 1939 1435 1986; x_wconf 91' lang='lat' dir='ltr'>Vir</span> <span class='ocrx_word' id='word_1_221' title='bbox 1458 1953 1520 1986; x_wconf 93' lang='lat' dir='ltr'>est</span> <span class='ocrx_word' id='word_1_222' title='bbox 1542 1938 1653 1986; x_wconf 92' lang='lat' dir='ltr'>bene</span> <span class='ocrx_word' id='word_1_223' title='bbox 1674 1938 1868 1999; x_wconf 91' lang='lat' dir='ltr'>prudens</span> <span class='ocrx_word' id='word_1_224' title='bbox 1893 1953 1935 1985; x_wconf 93' lang='lat' dir='ltr'>et</span> 
     </span>
     <span class='ocr_line' id='line_1_26' title="bbox 119 2006 1932 2068; baseline -0.001 -13"><span class='ocrx_word' id='word_1_225' title='bbox 119 2022 336 2068; x_wconf 88' lang='lat' dir='ltr'>quantum</span> <span class='ocrx_word' id='word_1_226' title='bbox 366 2022 522 2055; x_wconf 89' lang='lat' dir='ltr'>natura</span> <span class='ocrx_word' id='word_1_227' title='bbox 546 2022 693 2068; x_wconf 90' lang='lat' dir='ltr'>potest</span> <span class='ocrx_word' id='word_1_228' title='bbox 719 2022 936 2068; x_wconf 91' lang='lat' dir='ltr'>praestare</span> <span class='ocrx_word' id='word_1_229' title='bbox 962 2025 1043 2054; x_wconf 94' lang='lat' dir='ltr'>suo</span> <span class='ocrx_word' id='word_1_230' title='bbox 1070 2011 1230 2064; x_wconf 92' lang='lat' dir='ltr'>Marte,</span> <span class='ocrx_word' id='word_1_231' title='bbox 1256 2006 1365 2054; x_wconf 90' lang='lat' dir='ltr'>idest</span> <span class='ocrx_word' id='word_1_232' title='bbox 1393 2008 1485 2055; x_wconf 93' lang='lat' dir='ltr'>sine</span> <span class='ocrx_word' id='word_1_233' title='bbox 1512 2006 1666 2055; x_wconf 89' lang='lat' dir='ltr'>studiis</span> <span class='ocrx_word' id='word_1_234' title='bbox 1694 2021 1736 2054; x_wconf 93' lang='lat' dir='ltr'>et</span> <span class='ocrx_word' id='word_1_235' title='bbox 1762 2006 1932 2063; x_wconf 90' lang='lat' dir='ltr'>litteris,</span> 
     </span>
     <span class='ocr_line' id='line_1_27' title="bbox 117 2075 1929 2137; baseline 0 -14"><span class='ocrx_word' id='word_1_236' title='bbox 117 2076 219 2123; x_wconf 90' lang='lat' dir='ltr'>satis</span> <span class='ocrx_word' id='word_1_237' title='bbox 239 2090 391 2123; x_wconf 91' lang='lat' dir='ltr'>acutus</span> <span class='ocrx_word' id='word_1_238' title='bbox 410 2077 597 2137; x_wconf 92' lang='lat' dir='ltr'>satisque</span> <span class='ocrx_word' id='word_1_239' title='bbox 619 2075 840 2137; x_wconf 92' lang='lat' dir='ltr'>eloquens.</span> <span class='ocrx_word' id='word_1_240' title='bbox 863 2079 968 2123; x_wconf 91' lang='lat' dir='ltr'>Sum</span> <span class='ocrx_word' id='word_1_241' title='bbox 991 2094 1071 2136; x_wconf 90' lang='lat' dir='ltr'>ego</span> <span class='ocrx_word' id='word_1_242' title='bbox 1092 2075 1321 2123; x_wconf 90' lang='lat' dir='ltr'>hominem</span> <span class='ocrx_word' id='word_1_243' title='bbox 1345 2076 1582 2123; x_wconf 90' lang='lat' dir='ltr'>arctissime</span> <span class='ocrx_word' id='word_1_244' title='bbox 1603 2075 1859 2137; x_wconf 86' lang='lat' dir='ltr'>complexus</span> <span class='ocrx_word' id='word_1_245' title='bbox 1881 2090 1929 2123; x_wconf 91' lang='lat' dir='ltr'>ut</span> 
     </span>
     <span class='ocr_line' id='line_1_28' title="bbox 119 2143 1933 2205; baseline 0 -14"><span class='ocrx_word' id='word_1_246' title='bbox 119 2143 267 2191; x_wconf 90' lang='lat' dir='ltr'>addita</span> <span class='ocrx_word' id='word_1_247' title='bbox 284 2144 674 2191; x_wconf 90' lang='lat' dir='ltr'>commendatione</span> <span class='ocrx_word' id='word_1_248' title='bbox 695 2159 770 2191; x_wconf 92' lang='lat' dir='ltr'>tua</span> <span class='ocrx_word' id='word_1_249' title='bbox 788 2144 897 2191; x_wconf 92' lang='lat' dir='ltr'>nihil</span> <span class='ocrx_word' id='word_1_250' title='bbox 920 2145 1108 2191; x_wconf 92' lang='lat' dir='ltr'>omnino</span> <span class='ocrx_word' id='word_1_251' title='bbox 1127 2145 1263 2205; x_wconf 91' lang='lat' dir='ltr'>possit</span> <span class='ocrx_word' id='word_1_252' title='bbox 1286 2144 1502 2192; x_wconf 89' lang='lat' dir='ltr'>accedere.</span> <span class='ocrx_word' id='word_1_253' title='bbox 1519 2147 1590 2192; x_wconf 93' lang='lat' dir='ltr'>De</span> <span class='ocrx_word' id='word_1_254' title='bbox 1610 2144 1737 2191; x_wconf 93' lang='lat' dir='ltr'>rebus</span> <span class='ocrx_word' id='word_1_255' title='bbox 1759 2158 1933 2191; x_wconf 93' lang='lat' dir='ltr'>nostrae</span> 
     </span>
     <span class='ocr_line' id='line_1_29' title="bbox 119 2212 1933 2273; baseline 0 -14"><span class='ocrx_word' id='word_1_256' title='bbox 119 2213 307 2260; x_wconf 89' lang='lat' dir='ltr'>civitatis</span> <span class='ocrx_word' id='word_1_257' title='bbox 326 2213 418 2260; x_wconf 92' lang='lat' dir='ltr'>scio</span> <span class='ocrx_word' id='word_1_258' title='bbox 441 2231 542 2259; x_wconf 92' lang='lat' dir='ltr'>eum</span> <span class='ocrx_word' id='word_1_259' title='bbox 566 2212 620 2260; x_wconf 92' lang='lat' dir='ltr'>ad</span> <span class='ocrx_word' id='word_1_260' title='bbox 640 2231 720 2260; x_wconf 90' lang='lat' dir='ltr'>vos</span> <span class='ocrx_word' id='word_1_261' title='bbox 741 2213 956 2273; x_wconf 90' lang='lat' dir='ltr'>scripsisse</span> <span class='ocrx_word' id='word_1_262' title='bbox 981 2231 1113 2273; x_wconf 91' lang='lat' dir='ltr'>quarn</span> <span class='ocrx_word' id='word_1_263' title='bbox 1136 2212 1462 2273; x_wconf 89' lang='lat' dir='ltr'>diligentissime</span> <span class='ocrx_word' id='word_1_264' title='bbox 1485 2228 1533 2260; x_wconf 91' lang='lat' dir='ltr'>ut</span> <span class='ocrx_word' id='word_1_265' title='bbox 1557 2212 1759 2260; x_wconf 81' lang='lat' dir='ltr'>officium</span> <span class='ocrx_word' id='word_1_266' title='bbox 1783 2213 1829 2259; x_wconf 90' lang='lat' dir='ltr'>in</span> <span class='ocrx_word' id='word_1_267' title='bbox 1853 2212 1933 2260; x_wconf 91' lang='lat' dir='ltr'>hac</span> 
     </span>
     <span class='ocr_line' id='line_1_30' title="bbox 120 2279 1931 2342; baseline 0 -14"><span class='ocrx_word' id='word_1_268' title='bbox 120 2298 164 2328; x_wconf 91' lang='lat' dir='ltr'>re</span> <span class='ocrx_word' id='word_1_269' title='bbox 184 2298 334 2328; x_wconf 89' lang='lat' dir='ltr'>meum</span> <span class='ocrx_word' id='word_1_270' title='bbox 356 2280 590 2328; x_wconf 90' lang='lat' dir='ltr'>desiderari</span> <span class='ocrx_word' id='word_1_271' title='bbox 610 2281 683 2328; x_wconf 93' lang='lat' dir='ltr'>abs</span> <span class='ocrx_word' id='word_1_272' title='bbox 703 2279 763 2328; x_wconf 86' lang='lat' dir='ltr'>te²</span> <span class='ocrx_word' id='word_1_273' title='bbox 783 2282 966 2328; x_wconf 91' lang='lat' dir='ltr'>minime</span> <span class='ocrx_word' id='word_1_274' title='bbox 986 2295 1153 2342; x_wconf 91' lang='lat' dir='ltr'>putem.</span> <span class='ocrx_word' id='word_1_275' title='bbox 1176 2281 1225 2328; x_wconf 94' lang='lat' dir='ltr'>Id</span> <span class='ocrx_word' id='word_1_276' title='bbox 1242 2299 1334 2328; x_wconf 94' lang='lat' dir='ltr'>non</span> <span class='ocrx_word' id='word_1_277' title='bbox 1352 2282 1703 2342; x_wconf 90' lang='lat' dir='ltr'>praetermittam</span> <span class='ocrx_word' id='word_1_278' title='bbox 1720 2299 1931 2342; x_wconf 90' lang='lat' dir='ltr'>prospera</span> 
     </span>
     <span class='ocr_line' id='line_1_31' title="bbox 120 2349 1930 2411; baseline 0 -15"><span class='ocrx_word' id='word_1_279' title='bbox 120 2350 206 2396; x_wconf 93' lang='lat' dir='ltr'>iam</span> <span class='ocrx_word' id='word_1_280' title='bbox 228 2367 315 2396; x_wconf 88' lang='lat' dir='ltr'>esse</span> <span class='ocrx_word' id='word_1_281' title='bbox 337 2350 501 2406; x_wconf 90' lang='lat' dir='ltr'>omnia,</span> <span class='ocrx_word' id='word_1_282' title='bbox 526 2350 750 2410; x_wconf 89' lang='lat' dir='ltr'>quietique</span> <span class='ocrx_word' id='word_1_283' title='bbox 772 2364 814 2396; x_wconf 89' lang='lat' dir='ltr'>et</span> <span class='ocrx_word' id='word_1_284' title='bbox 831 2350 929 2410; x_wconf 94' lang='lat' dir='ltr'>paci</span> <span class='ocrx_word' id='word_1_285' title='bbox 949 2368 1157 2406; x_wconf 92' lang='lat' dir='ltr'>consona,</span> <span class='ocrx_word' id='word_1_286' title='bbox 1183 2349 1303 2411; x_wconf 92' lang='lat' dir='ltr'>quod</span> <span class='ocrx_word' id='word_1_287' title='bbox 1325 2350 1503 2397; x_wconf 91' lang='lat' dir='ltr'>caeteris</span> <span class='ocrx_word' id='word_1_288' title='bbox 1522 2367 1699 2411; x_wconf 90' lang='lat' dir='ltr'>quoque</span> <span class='ocrx_word' id='word_1_289' title='bbox 1723 2349 1930 2396; x_wconf 91' lang='lat' dir='ltr'>omnibus</span> 
     </span>
     <span class='ocr_line' id='line_1_32' title="bbox 118 2418 1932 2478; baseline 0.001 -15"><span class='ocrx_word' id='word_1_290' title='bbox 118 2418 412 2477; x_wconf 92' lang='lat' dir='ltr'>gratissimum</span> <span class='ocrx_word' id='word_1_291' title='bbox 435 2432 482 2464; x_wconf 94' lang='lat' dir='ltr'>ut</span> <span class='ocrx_word' id='word_1_292' title='bbox 500 2419 554 2464; x_wconf 92' lang='lat' dir='ltr'>sit</span> <span class='ocrx_word' id='word_1_293' title='bbox 575 2432 765 2478; x_wconf 90' lang='lat' dir='ltr'>oportet.</span> <span class='ocrx_word' id='word_1_294' title='bbox 786 2422 939 2465; x_wconf 92' lang='lat' dir='ltr'>Musae</span> <span class='ocrx_word' id='word_1_295' title='bbox 958 2432 1105 2465; x_wconf 91' lang='lat' dir='ltr'>autem</span> <span class='ocrx_word' id='word_1_296' title='bbox 1123 2433 1296 2465; x_wconf 91' lang='lat' dir='ltr'>nostrae</span> <span class='ocrx_word' id='word_1_297' title='bbox 1316 2419 1448 2465; x_wconf 90' lang='lat' dir='ltr'>etiam</span> <span class='ocrx_word' id='word_1_298' title='bbox 1465 2419 1650 2478; x_wconf 91' lang='lat' dir='ltr'>gestiant</span> <span class='ocrx_word' id='word_1_299' title='bbox 1669 2418 1845 2465; x_wconf 92' lang='lat' dir='ltr'>laetitia.</span> <span class='ocrx_word' id='word_1_300' title='bbox 1863 2420 1932 2464; x_wconf 89' lang='lat' dir='ltr'>Tu</span> 
     </span>
     <span class='ocr_line' id='line_1_33' title="bbox 119 2485 1363 2533; baseline 0.001 -1"><span class='ocrx_word' id='word_1_301' title='bbox 119 2503 221 2532; x_wconf 93' lang='lat' dir='ltr'>cum</span> <span class='ocrx_word' id='word_1_302' title='bbox 246 2485 311 2532; x_wconf 93' lang='lat' dir='ltr'>his</span> <span class='ocrx_word' id='word_1_303' title='bbox 333 2500 376 2532; x_wconf 93' lang='lat' dir='ltr'>te</span> <span class='ocrx_word' id='word_1_304' title='bbox 398 2485 637 2532; x_wconf 92' lang='lat' dir='ltr'>oblectabis</span> <span class='ocrx_word' id='word_1_305' title='bbox 660 2500 702 2532; x_wconf 93' lang='lat' dir='ltr'>et</span> <span class='ocrx_word' id='word_1_306' title='bbox 724 2485 1022 2533; x_wconf 89' lang='lat' dir='ltr'>immortalem</span> <span class='ocrx_word' id='word_1_307' title='bbox 1046 2485 1221 2533; x_wconf 81' lang='lat' dir='ltr'>efficies.</span> <span class='ocrx_word' id='word_1_308' title='bbox 1244 2485 1363 2533; x_wconf 90' lang='lat' dir='ltr'>Vale.</span> 
     </span>
    </p>
   </div>
   <div class='ocr_carea' id='block_1_5' title="bbox 199 3007 1061 3114">
    <p class='ocr_par' dir='ltr' id='par_1_6' title="bbox 199 3007 1061 3114">
     <span class='ocr_line' id='line_1_34' title="bbox 199 3007 1061 3058; baseline 0.001 -12"><span class='ocrx_word' id='word_1_309' title='bbox 199 3011 212 3026; x_wconf 81' lang='lat'>²</span> <span class='ocrx_word' id='word_1_310' title='bbox 230 3011 302 3046; x_wconf 90' lang='lat' dir='ltr'>For</span> <span class='ocrx_word' id='word_1_311' title='bbox 317 3007 381 3046; x_wconf 80' lang='lat' dir='ltr'>the</span> <span class='ocrx_word' id='word_1_312' title='bbox 397 3008 488 3053; x_wconf 87' lang='lat' dir='ltr'>date,</span> <span class='ocrx_word' id='word_1_313' title='bbox 506 3022 564 3046; x_wconf 87' lang='lat' dir='ltr'>see</span> <span class='ocrx_word' id='word_1_314' title='bbox 581 3008 687 3046; x_wconf 90' lang='lat' dir='ltr'>letter</span> <span class='ocrx_word' id='word_1_315' title='bbox 705 3012 757 3053; x_wconf 84' lang='lat'>16,</span> <span class='ocrx_word' id='word_1_316' title='bbox 777 3021 863 3047; x_wconf 90' lang='lat' dir='ltr'>note</span> <span class='ocrx_word' id='word_1_317' title='bbox 881 3009 917 3058; x_wconf 95' lang='lat' dir='ltr'>b)</span> <span class='ocrx_word' id='word_1_318' title='bbox 937 3009 1061 3047; x_wconf 90' lang='lat' dir='ltr'>above.</span> 
     </span>
     <span class='ocr_line' id='line_1_35' title="bbox 199 3060 787 3114; baseline 0.003 -12"><span class='ocrx_word' id='word_1_319' title='bbox 199 3060 214 3084; x_wconf 71' lang='lat'>¹³</span> <span class='ocrx_word' id='word_1_320' title='bbox 233 3065 291 3103; x_wconf 87' lang='lat' dir='ltr'>Cf.</span> <span class='ocrx_word' id='word_1_321' title='bbox 310 3065 417 3103; x_wconf 92' lang='lat' dir='ltr'>letter</span> <span class='ocrx_word' id='word_1_322' title='bbox 435 3070 487 3110; x_wconf 90' lang='lat'>17,</span> <span class='ocrx_word' id='word_1_323' title='bbox 506 3078 593 3104; x_wconf 92' lang='lat' dir='ltr'>note</span> <span class='ocrx_word' id='word_1_324' title='bbox 611 3066 642 3114; x_wconf 97' lang='lat' dir='ltr'>c)</span> <span class='ocrx_word' id='word_1_325' title='bbox 662 3066 787 3104; x_wconf 86' lang='lat' dir='ltr'>above.</span> 
     </span>
    </p>
   </div>
   <div class='ocr_carea' id='block_1_6' title="bbox 117 3124 1933 3225">
    <p class='ocr_par' dir='ltr' id='par_1_7' title="bbox 117 3124 1933 3225">
     <span class='ocr_line' id='line_1_36' title="bbox 200 3124 1933 3174; baseline 0.001 -13"><span class='ocrx_word' id='word_1_326' title='bbox 200 3129 213 3143; x_wconf 75' lang='lat'><em>⁰</em></span> <span class='ocrx_word' id='word_1_327' title='bbox 229 3125 371 3169; x_wconf 86' lang='lat' dir='ltr'>Cicero,</span> <span class='ocrx_word' id='word_1_328' title='bbox 389 3124 573 3162; x_wconf 81' lang='lat' dir='ltr'>Lael.8.28.</span> <span class='ocrx_word' id='word_1_329' title='bbox 593 3124 774 3163; x_wconf 78' lang='lat' dir='ltr'>Lionasdo</span> <span class='ocrx_word' id='word_1_330' title='bbox 792 3125 1042 3174; x_wconf 87' lang='lat' dir='ltr'>Benvoglienti</span> <span class='ocrx_word' id='word_1_331' title='bbox 1057 3125 1128 3163; x_wconf 81' lang='lat' dir='ltr'>had</span> <span class='ocrx_word' id='word_1_332' title='bbox 1142 3125 1277 3174; x_wconf 86' lang='lat' dir='ltr'>quoted</span> <span class='ocrx_word' id='word_1_333' title='bbox 1294 3125 1392 3163; x_wconf 90' lang='lat' dir='ltr'>from</span> <span class='ocrx_word' id='word_1_334' title='bbox 1410 3126 1570 3163; x_wconf 89' lang='lat' dir='ltr'>Cicero’s</span> <span class='ocrx_word' id='word_1_335' title='bbox 1587 3125 1719 3163; x_wconf 82' lang='lat' dir='ltr'>Laelius</span> <span class='ocrx_word' id='word_1_336' title='bbox 1735 3139 1787 3163; x_wconf 91' lang='lat' dir='ltr'>on</span> <span class='ocrx_word' id='word_1_337' title='bbox 1803 3124 1933 3163; x_wconf 87' lang='lat' dir='ltr'>friend-</span> 
     </span>
     <span class='ocr_line' id='line_1_37' title="bbox 117 3175 1746 3225; baseline 0.001 -12"><span class='ocrx_word' id='word_1_338' title='bbox 117 3175 200 3224; x_wconf 87' lang='lat' dir='ltr'>ship</span> <span class='ocrx_word' id='word_1_339' title='bbox 218 3177 258 3213; x_wconf 84' lang='lat' dir='ltr'>in</span> <span class='ocrx_word' id='word_1_340' title='bbox 275 3176 329 3214; x_wconf 86' lang='lat' dir='ltr'>his</span> <span class='ocrx_word' id='word_1_341' title='bbox 345 3176 475 3225; x_wconf 88' lang='lat' dir='ltr'>speech</span> <span class='ocrx_word' id='word_1_342' title='bbox 493 3188 533 3214; x_wconf 89' lang='lat' dir='ltr'>to</span> <span class='ocrx_word' id='word_1_343' title='bbox 551 3176 614 3214; x_wconf 90' lang='lat' dir='ltr'>the</span> <span class='ocrx_word' id='word_1_344' title='bbox 631 3178 794 3225; x_wconf 87' lang='lat' dir='ltr'>Signoria</span> <span class='ocrx_word' id='word_1_345' title='bbox 810 3191 862 3215; x_wconf 93' lang='lat' dir='ltr'>on</span> <span class='ocrx_word' id='word_1_346' title='bbox 881 3181 920 3215; x_wconf 86' lang='lat'>13</span> <span class='ocrx_word' id='word_1_347' title='bbox 936 3180 1028 3224; x_wconf 92' lang='lat' dir='ltr'>June</span> <span class='ocrx_word' id='word_1_348' title='bbox 1049 3181 1134 3215; x_wconf 84' lang='lat'>1465</span> <span class='ocrx_word' id='word_1_349' title='bbox 1154 3178 1222 3225; x_wconf 91' lang='lat' dir='ltr'>(see</span> <span class='ocrx_word' id='word_1_350' title='bbox 1239 3177 1345 3215; x_wconf 91' lang='lat' dir='ltr'>letter</span> <span class='ocrx_word' id='word_1_351' title='bbox 1363 3181 1414 3222; x_wconf 80' lang='lat'>16,</span> <span class='ocrx_word' id='word_1_352' title='bbox 1434 3189 1520 3215; x_wconf 90' lang='lat' dir='ltr'>note</span> <span class='ocrx_word' id='word_1_353' title='bbox 1539 3177 1588 3225; x_wconf 92' lang='lat' dir='ltr'>(b)</span> <span class='ocrx_word' id='word_1_354' title='bbox 1608 3177 1746 3225; x_wconf 91' lang='lat' dir='ltr'>above).</span> 
     </span>
    </p>
   </div>
  </div>
 </body>
</html>
