2118 3444
187 148 279 189 300
1798 153 1936 186 PART
1961 153 1992 185 V

185 293 439 353 percontari
465 309 602 338 ausus.
634 295 783 351 Itaque
809 309 878 337 me
905 305 1011 337 tunc
1037 290 1214 351 quidem
1241 291 1442 337 continui
1468 308 1521 337 eo
1546 305 1695 337 tamen
1719 290 1918 347 consilio,
1946 304 1994 338 ut

187 359 543 421 quandocunque
566 359 738 406 occasio
762 358 938 405 daretur
956 358 1099 419 aliqua
1120 358 1417 418 interrogandi
1438 372 1479 405 et
1500 375 1601 405 curn
1623 375 1676 405 eo
1696 357 1993 419 colloquendi,

187 446 280 475 non
300 446 396 475 eam
412 427 826 488 praetermitterem.
843 426 1033 474 Nullum
1054 427 1172 473 enim
1192 426 1301 472 mihi
1319 425 1494 473 videtur
1509 425 1680 473 lucrum
1699 444 1801 473 cum
1820 444 1869 474 ea
1882 425 1996 474 utili-

186 511 275 544 tate
297 495 662 557 comparandum,
688 495 807 542 nulla
828 495 1030 556 voluptas
1053 513 1153 542 cum
1177 494 1249 542 illa
1269 494 1474 542 felicitate
1494 494 1761 542 conferenda
1780 512 1881 542 esse.

474 704 801 744 PRAEFATIO
825 706 890 744 IN
912 638 1350 744 COLLE4CTIONES
1373 705 1712 744 COSMIANAS

858 767 987 817 [after
1008 770 1182 820 August
1206 771 1329 817 1464]

271 862 326 912 L¹,
353 863 437 904 fols.
467 866 587 912 1r—5r‚
612 862 796 916 preceded
822 862 874 916 by
901 878 947 903 an
973 862 1180 915 autograph
1208 862 1424 915 dedicatory
1450 861 1558 903 letter
1583 875 1624 902 to
1651 865 1825 903 Lorenzo
1852 861 1910 903 de’

269 920 424 969 Medici,
440 919 507 960 fol.
522 923 575 960 Iv.
591 921 677 960 Tit.:
695 919 989 960 ‘Bartholomaei
1004 919 1125 959 Scalae
1139 918 1320 972 praefatio
1337 920 1376 958 in
1392 918 1645 959 Collectiones
1663 919 1911 959 Cosmianas.'

269 976 383 1025 Scala,
406 979 537 1024 40-41,
558 979 702 1017 269-70
722 979 896 1024 [25,185].

272 1080 611 1127 Bartholomeus
647 1079 768 1127 Scala
800 1080 1037 1126 Laurentio
1069 1079 1248 1135 Medici,
1282 1079 1401 1126 urbis
1437 1079 1541 1140 spei,
1576 1079 1760 1126 salutem
1795 1078 1914 1126 dicit.

272 1148 458 1209 Collegi,
482 1148 689 1195 Laurenti
708 1148 938 1204 carissime,
959 1148 1119 1209 scripta
1137 1147 1381 1209 compluria
1402 1162 1443 1195 et
1463 1148 1612 1195 omnia
1632 1146 1720 1195 fere
1739 1147 1785 1194 in
1805 1165 1914 1209 quae

271 1235 406 1264 manu
428 1216 678 1264 inciderunt
698 1216 775 1264 ubi
797 1234 963 1263 nomen
985 1217 1139 1264 Cosmi
1162 1217 1231 1264 avi
1249 1217 1326 1273 tui,
1347 1217 1482 1278 patris
1503 1215 1629 1264 huius
1651 1215 1783 1273 urbis,
1805 1215 1914 1277 lege-

271 1300 403 1333 retur.
428 1290 489 1333 Ea
512 1285 657 1346 redegi
680 1286 726 1331 in
749 1284 961 1332 volumen
987 1284 1108 1346 quod
1131 1286 1263 1332 mitto
1286 1303 1404 1332 nunc
1428 1285 1482 1332 ad
1504 1299 1559 1332 te.
1583 1284 1728 1332 Velim
1751 1299 1800 1333 ut
1823 1299 1915 1333 tan-

270 1369 366 1402 tum
386 1355 472 1401 otii
492 1353 720 1402 subtrahas
744 1354 944 1401 maximis
967 1354 1052 1401 tuis
1075 1354 1450 1415 occupationibus,
1476 1368 1524 1401 ut
1547 1354 1657 1401 mira
1678 1368 1719 1402 et
1739 1353 1911 1415 legendi

270 1438 312 1470 et
333 1422 605 1484 intelligendi
626 1422 764 1470 divini
786 1423 948 1483 ingenii
969 1421 1050 1470 tui1
1071 1422 1263 1470 sollertia
1283 1423 1433 1470 omnia
1451 1441 1691 1484 percurras3
1713 1437 1755 1470 et
1773 1423 1809 1470 si
1829 1422 1911 1470 tibi

268 1491 540 1539 videbuntur
562 1491 692 1552 digna
713 1509 798 1552 qua
818 1491 1018 1552 legantur
1038 1491 1090 1539 ab
1114 1491 1380 1548 hominibus,
1408 1491 1535 1539 alicui
1557 1509 1608 1539 ex
1630 1491 1909 1539 bibliotechis

270 1561 427 1607 Cosmi
450 1574 498 1607 ut
522 1561 769 1607 inserantur
791 1559 972 1607 curabis.
995 1559 1115 1607 Vale.

183 1663 401 1710 Dubitare
418 1663 541 1710 soleo
559 1681 876 1724 saepenumero
895 1663 1108 1710 iniuriane
1130 1681 1184 1710 an
1202 1664 1292 1710 iure
1311 1664 1445 1724 magis
1464 1681 1699 1724 queramur
1719 1662 1920 1710 homines
1940 1662 1993 1710 de

184 1746 340 1778 natura
370 1746 533 1787 nostra,
565 1731 686 1792 quod
715 1732 790 1791 qui
820 1732 1009 1778 maxime
1039 1731 1157 1791 digni
1187 1732 1277 1778 vita
1301 1746 1416 1788 sunt,
1446 1732 1609 1792 privari
1636 1732 1726 1778 vita
1751 1730 1990 1787 videamus,

183 1814 377 1859 tuncque
406 1799 615 1846 decedere
643 1813 856 1859 cogantur
884 1798 1160 1859 humanaque
1190 1799 1447 1860 relinquere,
1475 1817 1576 1846 cum
1605 1813 1646 1846 et
1675 1813 1813 1846 aetate
1838 1799 1924 1846 iam
1952 1813 1994 1846 et

184 1885 332 1914 rerum
353 1885 432 1914 usu
454 1881 579 1914 aucta
597 1881 658 1914 est
680 1866 734 1914 ad
750 1885 1061 1927 summumque
1085 1866 1173 1914 fere
1189 1867 1401 1927 perducta
1416 1867 1627 1927 sapientia
1647 1866 1987 1927 hominibusque

185 1935 285 1996 ipsis
307 1934 418 1982 adeo
437 1935 675 1982 necessaria
691 1949 740 1982 ut
761 1935 955 1995 conspici
973 1934 1099 1982 liceat
1118 1949 1159 1982 et
1178 1935 1373 1982 civitates
1391 1949 1432 1982 et
1451 1953 1581 1995 regna
1597 1953 1722 1996 saepe
1742 1952 1843 1982 cum
1862 1935 1992 1982 unius

184 2018 328 2051 morte
352 2003 545 2050 hominis
567 2003 635 2050 vel
658 2004 868 2051 interiisse
891 2002 1088 2051 funditus
1108 2003 1176 2051 vel
1198 2004 1243 2050 in
1265 2003 1424 2051 damna
1443 2003 1758 2051 inextricabilia
1778 2002 1990 2051 incidisse.

182 2072 273 2119 Etsi
296 2072 415 2119 enim
438 2072 606 2119 cunctis
627 2086 688 2119 est
709 2071 967 2119 mortalibus
990 2071 1162 2119 divinus
1184 2073 1353 2119 animus
1376 2090 1585 2133 mensque
1607 2086 1649 2119 et
1669 2090 1815 2119 rerum
1837 2086 1880 2119 et
1899 2089 1994 2119 cau-

181 2158 327 2188 sarum
349 2141 553 2188 omnium
576 2141 786 2188 acerrima
802 2140 1058 2201 indagatrix,
1078 2140 1234 2202 quibus
1255 2155 1296 2188 et
1313 2140 1558 2188 consultare
1578 2141 1623 2187 in
1643 2140 1770 2188 rebus
1789 2140 1931 2188 dubiis
1951 2154 1993 2188 et

182 2208 369 2269 deligere
388 2210 559 2269 optima
579 2208 702 2256 facile
719 2210 949 2270 possimus,
975 2208 1026 2256 fit
1045 2224 1194 2256 tamen
1213 2227 1313 2257 curn
1334 2224 1512 2257 naturae
1530 2209 1870 2270 impedimentis,
1894 2223 1990 2256 tum

181 2276 249 2324 vel
269 2276 413 2324 multo
431 2278 600 2338 saepius
618 2278 774 2324 inertia
791 2292 940 2324 nostra
956 2292 1004 2325 ut
1023 2296 1075 2325 ex
1091 2277 1275 2325 infinitis
1295 2277 1528 2325 hominum
1548 2277 1724 2325 milibus
1742 2277 1899 2338 singuli
1916 2278 1991 2324 vix

182 2346 458 2406 reperiantur
480 2346 555 2406 qui
580 2363 685 2402 non,
713 2346 906 2406 ignaviae
929 2347 1077 2406 potius
1102 2364 1150 2393 ac
1173 2347 1290 2407 turpi
1315 2347 1409 2393 otio
1435 2345 1584 2402 dediti,
1607 2346 1769 2406 ingenii
1794 2346 1840 2392 in
1862 2363 1906 2393 se
1930 2345 1990 2393 lu-

182 2432 285 2460 men
312 2414 489 2474 penitus
518 2414 797 2461 extinxerint.
827 2414 1058 2474 Quosdam
1089 2415 1206 2461 enim
1236 2415 1426 2471 avaritia,
1453 2414 1616 2461 multos
1645 2413 1843 2471 ambitio,
1872 2432 1990 2461 corn-

179 2482 326 2542 plures
346 2482 549 2543 voluptas
566 2483 792 2543 pervertit,
810 2482 920 2530 adeo
938 2497 985 2530 ut
1002 2497 1176 2543 praeter
1189 2482 1331 2530 studia
1348 2501 1494 2530 rerum
1512 2483 1875 2543 turpissimarum,
1898 2483 1988 2543 qui-

181 2549 261 2596 bus
285 2549 375 2597 dies
397 2565 635 2610 noctesque
658 2551 946 2597 intentissime
971 2550 1211 2611 invigilant,
1234 2551 1384 2598 omnia
1404 2550 1783 2611 parvipendentes,
1807 2550 1913 2611 quid
1932 2551 1987 2597 sit

182 2618 226 2663 in
245 2619 335 2664 vita
348 2618 469 2674 utile,
487 2618 594 2678 quid
611 2618 860 2674 honestum,
881 2618 987 2679 quid
1003 2618 1056 2666 ad
1070 2618 1180 2666 bene
1197 2618 1407 2679 beateque
1422 2618 1661 2666 vivendum
1680 2619 1868 2665 maxime
1885 2635 1986 2665 con-

181 2685 305 2742 ferat,
337 2687 656 2747 necquicquam
689 2687 853 2742 norint,
887 2705 967 2733 nec
986 2687 1050 2734 'sit
1082 2705 1184 2734 cura
1215 2686 1356 2747 aliqua
1387 2686 1692 2747 cognoscendi,
1727 2701 1987 2747 tantumque

181 2754 299 2801 abest
320 2769 367 2801 ut
388 2754 480 2801 aliis
501 2754 727 2801 consulere
749 2772 797 2801 ac
814 2754 1018 2815 prodesse
1037 2756 1205 2815 possint
1228 2770 1275 2802 ut
1295 2772 1521 2815 nunquam
1545 2754 1651 2815 quid
1667 2754 1749 2801 sibi
1770 2754 1988 2801 conducat

181 2823 295 2882 ipsis,
322 2822 630 2869 obscuratione
656 2840 802 2869 rerum
827 2822 988 2879 obruti,
1014 2837 1174 2883 queant
1197 2822 1460 2883 dignoscere.

264 2895 386 2937 Nam
405 2890 783 2951 quemadmodum
803 2892 849 2937 in
866 2892 974 2951 agris
993 2890 1089 2938 fieri
1104 2890 1316 2947 videmus,
1333 2905 1382 2938 ut
1399 2890 1559 2938 feraces
1574 2891 1705 2938 etiam
1722 2905 1889 2947 natura,
1908 2890 1989 2937 nisi

180 2958 469 3018 agricolarum
501 2958 627 3005 labor
657 2958 965 3019 diligentiaque
996 2960 1232 3015 accesserit,
1262 2960 1420 3006 inertes
1447 2959 1642 3019 primum
1675 2957 1985 3018 infecundique

182 3027 362 3082 iaceant,
379 3026 536 3073 deinde
553 3027 685 3073 etiam
701 3026 946 3087 squalentes
962 3041 1090 3087 atque
1108 3026 1274 3073 horridi
1292 3026 1542 3082 reddantur,
1560 3027 1619 3073 ita
1633 3027 1804 3086 ingenia
1821 3040 1983 3082 nostra,

181 3108 336 3140 natura
355 3094 534 3153 quidem
556 3094 716 3149 divina,
738 3095 819 3140 nisi
841 3094 1058 3141 bonarum
1082 3095 1241 3141 artium
1261 3094 1412 3141 studiis
1434 3094 1702 3149 excolantur,
1723 3111 1815 3140 non
1835 3093 1979 3140 solum

180 3161 324 3207 nullos
343 3160 490 3208 ferunt
510 3160 676 3208 fructus
692 3162 941 3222 sapientiae,
959 3180 1112 3208 verum
1131 3163 1262 3208 etiam
1280 3162 1470 3222 ingenita
1486 3162 1530 3207 in
1550 3161 1676 3208 nobis
1694 3162 1909 3207 virtutum
1927 3178 1987 3207 se-
