2118 3444
139 174 321 208 ESSAYS
1847 162 1932 203 321

922 313 988 355 48.
1013 303 1161 367 Quiesj

140 418 259 461 Inter
293 412 494 474 Sphingis
533 429 638 472 quas
673 426 829 472 poetae
867 410 1012 458 ferunt
1051 410 1349 466 obscuritates,
1388 406 1558 457 illam¹¹⁹
1600 427 1776 470 quoque
1815 408 1942 456 fuisse

140 480 375 529 manifesto
405 495 591 536 constat,
620 497 705 540 qua
735 494 917 539 rogaret:
950 478 1105 538 ‘Quod
1134 479 1293 539 cupias,
1325 477 1431 539 quid
1460 477 1504 525 id
1534 492 1610 534 est,
1639 477 1760 538 quod
1791 478 1869 524 etsi
1900 478 1945 524 in

140 549 341 596 manibus
365 563 442 604 est,
464 548 611 609 captio
630 562 779 594 tamen
801 564 1043 607 numquam
1067 549 1158 593 est.‘
1182 546 1230 593 Id
1249 563 1355 593 vero
1375 563 1476 593 cum
1500 544 1856 592 circumferretur
1875 545 1946 592 ali—

139 617 318 679 quando
345 617 390 663 in
416 616 646 677 gymnasio
674 633 814 676 neque
840 615 1005 676 assequi
1032 615 1266 676 quicquam
1292 613 1557 675 disputando
1582 628 1775 674 possent,
1801 617 1948 661 Sortes

139 685 353 733 adierunt.
377 689 654 745 Responsum
682 682 933 731 huiusmodi
959 682 1147 730 disticho
1170 697 1231 730 est
1254 682 1418 729 datum:

340 785 566 841 Mortales,
589 785 746 845 cupitis
770 785 964 844 requiem
987 783 1218 844 fugitisque
1242 784 1449 844 cupitam;

339 854 408 900 Sic
428 852 557 913 longe
580 853 733 899 vestris
754 851 917 899 exsulat
940 869 963 898 a
985 851 1196 898 manibus.

138 961 201 1003 Ex
223 974 291 1012 eo,
313 970 579 1017 procurante
602 955 646 1002 id
667 956 856 1002 maxime
878 969 1007 1015 atque
1028 955 1253 1001 annitente
1274 954 1366 1010 dea,
1388 953 1509 1014 quod
1531 955 1591 1000 ita
1610 950 1829 1014 neglegi¹²⁰
1854 954 1945 1000 eius

138 1023 405 1072 beneficium
430 1024 596 1084 aegrius
619 1022 799 1079 tulisset,
825 1022 1010 1070 deorum
1035 1022 1224 1069 concilio
1248 1021 1474 1069 decretum
1497 1036 1544 1068 ut
1566 1021 1763 1082 plerique
1787 1021 1945 1068 deinde

138 1092 308 1140 labores
331 1107 373 1139 et
394 1106 577 1139 conatus
600 1092 739 1138 nostri
762 1090 956 1138 recidant
978 1091 1022 1136 in
1046 1091 1218 1137 irritum
1242 1105 1283 1137 et
1305 1108 1452 1137 comes
1474 1089 1551 1136 fiat
1570 1090 1852 1150 paenitentia.

916 1231 983 1274 49.
1009 1227 1169 1273 Iniuria

137 1334 312 1377 Natura
331 1329 413 1376 fuit
435 1329 619 1389 Legibus
638 1343 902 1389 perpetuum
924 1346 1025 1375 cum
1047 1329 1208 1375 Iniuria
1229 1342 1463 1375 certamen.
1483 1332 1598 1388 Ergo
1619 1345 1721 1375 cum
1744 1328 1854 1374 iusta
1874 1327 1944 1374 ali·

139 1397 318 1459 quando
337 1415 484 1459 pugna
506 1398 842 1453 concurrissent,
865 1396 1120 1457 desuperata
1141 1396 1279 1452 hoste,
1300 1396 1499 1443 victrices
1518 1400 1649 1456 Leges
1669 1410 1944 1456 sumpserant

137 1466 402 1527 supplicium
427 1480 556 1527 atque
575 1465 738 1513 infelici
759 1465 904 1512 arbori
925 1464 1236 1526 appenderant.
1256 1465 1460 1512 Potentia
1478 1479 1639 1521 autem,
1659 1479 1815 1525 utpote
1835 1482 1944 1525 quae

137 1553 263 1595 saepe
284 1549 461 1581 auxerat
482 1552 531 1581 ea
549 1533 759 1581 adiutrice
779 1551 896 1594 opes,
919 1551 1020 1580 cum
1043 1534 1308 1589 accurrisset,
1329 1533 1470 1580 excisa
1486 1533 1690 1593 protinus
1714 1547 1755 1579 et
1776 1531 1947 1579 diffrac-

138 1601 233 1650 ta¹²¹
258 1617 368 1649 reste
391 1620 476 1663 qua
496 1601 723 1663 penderet,
746 1601 958 1648 liberavit.
982 1601 1065 1648 Sed
1088 1619 1136 1648 ea
1158 1619 1262 1648 mox
1287 1600 1400 1648 facta
1417 1600 1648 1662 superbior
1673 1618 1726 1647 ne
1750 1618 1774 1647 a
1795 1600 1946 1647 libera-

139 1686 235 1718 tore
259 1670 438 1731 quidem
461 1668 790 1731 temperavit.¹²²
816 1674 965 1731 Itaque
987 1688 1088 1717 cum
1113 1687 1284 1717 rursum
1311 1674 1474 1730 Legum
1500 1670 1780 1716 invocaretur
1801 1687 1947 1729 opera,

139 1739 461 1800 responderunt
482 1743 626 1799 Leges:
649 1738 790 1785 ‘Olim
811 1739 1024 1799 oportuit,
1046 1756 1147 1785 cum
1166 1739 1406 1799 potuimus,
1429 1756 1547 1784 nunc
1567 1752 1608 1784 et
1627 1756 1708 1784 nos
1725 1755 1942 1798 paremus.

138 1811 340 1855 Vestram
363 1825 442 1854 vos
465 1806 688 1854 alumnam
712 1806 850 1854 ferte.’

873 1948 938 1990 50.
963 1943 1214 2003 Astrologia

138 2046 366 2107 Sophistae
387 2064 528 2107 nuper
549 2046 771 2093 demortui
792 2046 948 2093 umbra
969 2064 1070 2093 cum
1092 2045 1146 2093 ad
1162 2060 1385 2107 praetores
1403 2046 1695 2106 Minoemque
1717 2060 1759 2092 et
1779 2045 1948 2092 Rhada-

140 2114 389 2171 manthum,
416 2114 573 2175 quibus
598 2114 841 2161 iurisdictio
865 2114 980 2175 apud
1003 2132 1151 2161 manes
1176 2114 1348 2175 obtigit,
1373 2114 1661 2161 descendisset
1685 2113 1947 2174 dixissetque

139 2201 327 2239 causam,
347 2182 510 2230 iudices
527 2197 575 2230 ut
592 2197 809 2243 perpetuo
829 2197 1004 2239 erraret,
1022 2182 1142 2243 quod
1162 2197 1203 2230 et
1220 2182 1412 2230 vivendo
1430 2181 1605 2238 facerat,
1621 2182 1864 2229 edixerunt.
1886 2186 1950 2229 Ita

139 2269 241 2298 curn
269 2252 314 2297 in
341 2250 565 2298 fatidicam
589 2250 825 2312 aliquando
852 2269 984 2298 anum
1012 2250 1230 2298 incidisset
1256 2266 1303 2298 ut
1330 2250 1446 2311 apud
1469 2268 1512 2297 se
1538 2247 1712 2306 esset,¹²³
1741 2250 1945 2297 umbram

139 2337 246 2366 anus
270 2320 450 2379 rogavit.
468 2323 509 2365 A
531 2337 616 2379 qua
639 2319 817 2379 quidem
838 2334 990 2379 postea
1011 2316 1232 2375 edocta‚¹²⁴
1249 2337 1349 2366 cum
1373 2318 1425 2366 de
1448 2318 1568 2366 caelo
1590 2333 1631 2366 et
1651 2318 1785 2366 stellis
1808 2318 1947 2379 deque

140 2405 284 2434 earum
298 2387 420 2434 variis
432 2386 824 2448 multiplicibusque
837 2387 1031 2434 motibus
1048 2402 1090 2434 et
1104 2402 1257 2434 natura
1270 2386 1495 2434 dissereret
1510 2386 1806 2434 confidentius
1821 2405 1945 2433 nom-

140 2456 297 2516 inaque
325 2473 475 2502 earum
503 2470 544 2502 et
573 2473 781 2502 numeros
810 2456 1068 2502 memoriter
1096 2470 1335 2502 recenseret
1363 2470 1405 2502 et
1430 2456 1668 2516 praesciam
1694 2473 1738 2502 se
1767 2454 1946 2502 tandem

141 2540 287 2569 rerum
319 2524 522 2569 omnium
558 2522 804 2569 futurarum
835 2522 1134 2583 profiteretur,
1167 2524 1402 2570 maximam
1435 2524 1479 2569 in
1511 2524 1576 2569 sui
1607 2522 1946 2570 admirationem

139 2591 393 2637 universum
417 2608 556 2650 prope
580 2590 734 2637 orbem
758 2590 927 2637 anicula
948 2605 1237 2637 converterat.
1260 2590 1429 2650 Religio
1452 2590 1607 2637 detulit
1629 2590 1683 2637 ad
1701 2590 1947 2637 sacerdotes

140 2675 328 2714 causam,
346 2658 422 2718 qui
438 2658 772 2718 responderunt:
796 2661 871 2705 ‘At
887 2659 978 2705 sine
995 2658 1189 2719 paulum,
1208 2658 1365 2705 umbra
1382 2673 1429 2705 ut
1447 2658 1646 2705 abscedat
1663 2657 1943 2705 irridebitur.’

917 2799 982 2841 51.
1009 2794 1175 2841 Invidia

142 2894 334 2955 Apologi
355 2913 532 2955 quoque
554 2896 622 2942 isti
641 2896 741 2951 mei,
761 2913 871 2955 quos
890 2896 1032 2955 genui,
1052 2913 1162 2956 quos
1181 2895 1310 2942 eduxi
1329 2913 1524 2955 quosque
1544 2896 1698 2942 ornavi
1715 2913 1799 2955 pro
1819 2894 1948 2941 facul-

141 2962 317 3021 tatibus,
342 2980 443 3009 cum
469 2962 552 3023 legi
573 2980 617 3010 se
641 2981 664 3010 a
688 2963 828 3010 doctis
852 2981 991 3024 neque
1015 2964 1242 3010 contemni
1266 2964 1440 3024 penitus
1463 2962 1677 3019 viderent,
1702 2963 1812 3010 hanc
1838 2962 1946 3008 mihi

222 3172 230 3203 5
248 3176 310 3214 Ed.
330 3176 401 3214 and
417 3176 539 3214 transl.
559 3179 634 3221 Par,
656 3180 730 3215 118.
