2118 3444
120 174 302 208 ESSAYS
1825 169 1914 210 303

118 329 162 358 se
188 329 212 358 a
238 314 409 358 Cosmo
439 311 656 357 recessisse
683 328 815 371 quam
842 311 1077 357 accesserit.
1103 311 1200 358 Sive
1227 312 1345 358 enim
1373 311 1425 358 de
1452 327 1630 359 naturae
1656 312 1921 359 obscuritate

119 393 393 434 tractaretur,
407 379 467 426 ita
482 395 637 426 omnes
653 376 852 425 summo⁸
871 378 1047 438 ingenio
1063 396 1144 426 suo
1161 378 1441 426 difficultates
1457 379 1637 427 callebat
1654 394 1702 427 ut
1722 379 1918 428 habuisse

117 464 292 507 semper
308 444 501 507 putares⁹
521 447 566 492 in
589 446 789 492 manibus
808 446 1008 502 Thalem,
1029 446 1336 506 Pythagoram,
1356 446 1600 503 Platonem,
1622 448 1922 504 Aristotelem,

119 516 364 569 Zenonem,
388 514 700 560 Democritum
724 528 977 573 ceterosque
997 531 1150 560 omnes
1172 514 1503 574 quibuscunque
1527 515 1705 561 tandem
1729 516 1774 561 in
1794 515 1922 562 scolis

116 581 251 642 paulo
270 581 608 641 praestantiores
626 579 802 627 fuerint.
821 581 918 627 Sive
937 580 990 627 de
1010 580 1217 641 religione
1238 581 1450 642 rebusque
1471 582 1643 638 divinis,
1664 582 1769 629 deus
1787 582 1918 638 bone,

118 666 251 710 quam
273 663 335 696 est
358 649 576 704 inusitata,
596 665 728 709 quam
751 665 879 704 nova,
902 666 1034 709 quam
1057 648 1250 696 inaudita
1269 650 1500 710 sapientia?
1522 653 1571 695 In
1592 667 1736 697 mores
1757 667 1865 697 vero
1884 651 1919 697 si

117 716 297 778 quando
324 716 492 772 incidit,
518 733 650 777 quam
675 715 814 776 legem
841 734 933 763 non
960 717 1099 773 novit,
1126 717 1247 778 quod
1273 735 1374 764 eum
1401 718 1652 764 institutum
1678 719 1923 778 praeteriit?

117 788 283 844 Quem,
304 785 394 831 sive
414 802 467 831 ex
488 785 682 840 Graecis,
701 785 791 831 sive
812 802 864 831 ex
885 785 1057 841 nostris,
1082 800 1124 832 et
1141 785 1416 846 philosophis
1442 800 1484 832 et
1502 786 1802 846 scriptoribus,
1828 804 1921 833 non

116 853 436 900 accuratissime
456 852 647 913 pellegit,
670 870 937 913 quamquam
961 853 1006 899 in
1029 853 1225 900 moribus
1250 853 1428 914 quidem
1451 853 1595 901 multo
1616 853 1925 901 vehementior

117 920 179 967 illi
201 938 304 968 cura
326 919 408 967 fuit
430 920 585 980 agendi
606 938 738 981 quam
760 920 1053 980 cognoscendi
1075 936 1147 968 aut
1170 921 1406 968 disserendi
1425 921 1642 968 studium?

200 988 371 1035 Vellem
391 988 476 1035 hoc
494 988 673 1048 quidem
690 989 736 1034 in
752 988 854 1035 loco
873 988 1099 1036 historiam
1116 989 1317 1045 scribere,
1335 1007 1427 1036 non
1442 989 1691 1050 prologum.
1714 991 1922 1037 Dicerem

116 1057 235 1103 enim
261 1074 370 1116 quae
393 1055 555 1102 fuerint
579 1057 625 1102 in
647 1057 865 1103 teneriore
888 1071 1026 1103 aetate
1045 1056 1201 1112 studia,
1224 1057 1299 1117 qui
1320 1075 1479 1113 mores,
1503 1075 1613 1118 quae
1634 1058 1923 1114 continentia,

116 1141 226 1185 quae
245 1123 473 1180 modestia,
493 1141 712 1184 quamque
732 1123 938 1171 omnibus
959 1125 1004 1170 in
1022 1124 1268 1172 actionibus
1286 1124 1432 1172 senilis
1447 1125 1694 1186 prudentia.
1715 1126 1924 1173 Dicerem

116 1210 226 1253 quae
252 1210 423 1239 accessu
448 1193 599 1239 aetatis
620 1193 836 1239 virtutum
864 1210 1039 1253 quoque
1067 1191 1180 1240 facta
1198 1193 1253 1240 sit
1279 1194 1478 1250 accessio,
1504 1208 1552 1240 ut
1577 1193 1734 1254 singuli
1761 1195 1923 1255 quique

115 1261 220 1307 anni
237 1278 447 1320 magnum
466 1260 520 1307 ad
533 1260 681 1307 laudes
698 1260 924 1307 cumulum
943 1261 1134 1308 attulisse
1150 1261 1394 1317 videantur,
1411 1261 1553 1308 donec
1569 1261 1624 1308 ad
1637 1280 1733 1308 eam
1749 1277 1812 1309 est
1827 1280 1921 1322 per-

116 1327 273 1375 ductus
290 1327 607 1374 sublimitatem
629 1345 761 1388 quam
783 1328 947 1375 nedum
969 1346 1152 1389 aequare
1170 1330 1399 1389 quisquam
1422 1329 1579 1385 verbis,
1599 1329 1676 1376 sed
1696 1347 1750 1376 ne
1772 1344 1919 1376 mente

115 1395 295 1457 quidem
313 1413 362 1442 ac
378 1396 645 1456 cogitatione
661 1395 897 1457 complecti
913 1410 1055 1443 totam
1070 1411 1230 1457 potest.
1250 1401 1314 1444 Ut
1332 1397 1450 1444 enim
1469 1398 1675 1444 omittam
1693 1397 1922 1445 liberalita·
1982 1459 1985 1461 q

114 1479 221 1520 tem,
241 1463 639 1520 mansuetudinem,
661 1465 953 1525 eximiamque
972 1482 1071 1525 erga
1089 1482 1243 1512 omnes
1262 1464 1596 1522 humanitatem,
1617 1483 1726 1526 quae
1744 1465 1922 1513 fuerunt

115 1533 160 1579 in
194 1550 249 1579 eo
278 1531 484 1593 profecto
516 1532 823 1589 divinissimae,
859 1532 1230 1594 magnificentiam
1263 1534 1400 1594 ipsam
1434 1551 1483 1581 ac
1513 1535 1920 1595 magnanimitatem

113 1600 243 1648 simul
268 1618 370 1648 cum
393 1619 447 1648 eo
468 1615 590 1648 natas
610 1602 832 1662 animique
856 1602 987 1662 ipsius
1008 1602 1207 1662 proprias
1231 1601 1359 1649 fuisse
1382 1602 1604 1650 iudicares.

198 1669 478 1716 Testimonio
503 1684 604 1716 sunt
629 1684 697 1716 tot
721 1669 886 1730 templa
906 1669 974 1716 vel
1000 1671 1236 1717 instaurata
1258 1670 1311 1717 ab
1335 1688 1389 1717 eo
1411 1670 1479 1717 vel
1505 1671 1706 1718 maximis
1730 1686 1772 1718 et
1795 1686 1922 1718 tanto

114 1737 255 1797 dignis
273 1738 455 1784 nomine
475 1737 723 1797 sumptibus
744 1752 955 1794 extructa,
971 1752 1039 1785 tot
1057 1738 1195 1794 aedes,
1213 1753 1282 1785 tot
1298 1738 1458 1799 palatia
1472 1753 1515 1786 et
1532 1740 1578 1785 in
1595 1757 1672 1786 sua
1689 1740 1865 1786 civitate
1880 1754 1923 1786 et

114 1805 160 1851 in
180 1805 370 1852 externis
387 1823 560 1852 summa
582 1823 683 1852 cum
704 1806 906 1852 omnium
930 1805 1219 1853 admiratione
1240 1821 1395 1862 erecta,
1413 1806 1681 1854 bibliotheca
1699 1825 1807 1854 vero
1826 1822 1923 1854 tum

112 1873 352 1929 Marciana,
368 1887 464 1920 tum
482 1873 731 1930 Faesulana,
749 1891 854 1934 quas
870 1888 997 1921 tanto
1012 1873 1160 1921 studio
1178 1892 1366 1935 curaque
1383 1869 1602 1931 instituit,f
1616 1889 1684 1922 tot
1701 1875 1770 1922 vel
1788 1875 1842 1922 ab
1861 1876 1921 1921 in—

113 1940 215 1988 feris
232 1941 334 2002 ipsis
353 1942 567 1988 revocatis
584 1941 836 1989 auctoribus
855 1956 984 2003 atque
1002 1960 1054 1989 ex
1071 1942 1277 1990 omnibus
1297 1943 1498 2003 gentibus
1515 1943 1766 2004 ubicunque
1786 1943 1924 1991 latita-

114 2024 211 2056 rent
230 2009 316 2056 luci
339 2009 519 2056 redditis
539 2010 584 2055 in
604 2027 787 2070 eamque
808 2010 976 2057 collatis
992 2010 1305 2067 voluminibus,
1332 2029 1472 2071 neque
1493 2012 1671 2058 Latinae
1690 2011 1828 2058 modo
1849 2027 1922 2058 aut

113 2080 308 2123 Graecae
331 2076 517 2136 linguae,
543 2077 620 2124 sed
646 2077 903 2133 Hebraicae,
930 2078 1156 2134 Arabicae,
1182 2078 1441 2135 Chaldaeae,
1468 2079 1654 2135 Indicae,
1679 2083 1762 2135 [ut]
1789 2079 1918 2126 nullis

113 2144 292 2205 quidem
309 2162 362 2191 ex
379 2145 569 2205 antiquis
586 2145 748 2192 debent
765 2145 904 2192 videri
921 2145 1159 2193 inferiores.
1179 2150 1339 2207 Neque
1355 2148 1473 2194 enim
1493 2147 1685 2194 Hesdras
1700 2147 1817 2208 apud
1834 2151 1922 2194 He-

112 2212 280 2268 braeos,
304 2213 379 2272 qui
401 2216 566 2272 Legum
587 2213 995 2274 Prophetarumque
1018 2213 1153 2261 libros
1176 2232 1200 2261 a
1220 2214 1426 2262 Chaldeis
1447 2215 1647 2262 incensos
1671 2230 1919 2276 corruptos-

112 2298 197 2340 que
222 2281 428 2336 correxit,
452 2295 608 2341 totque
633 2296 742 2341 quot
765 2296 867 2328 sunt
892 2282 1009 2342 apud
1032 2281 1128 2328 illos
1152 2282 1321 2329 litterae
1344 2300 1431 2329 esse
1454 2283 1611 2339 voluit3
1637 2301 1779 2343 neque
1803 2283 1920 2344 apud

112 2351 308 2395 Graecos
323 2349 569 2396 Pisistratus
585 2348 926 2396 Atheniensium
945 2364 1171 2410 tyrannus,
1190 2351 1265 2411 qui
1281 2350 1499 2411 collegisse
1519 2351 1565 2397 in
1582 2351 1768 2398 Graecia
1782 2351 1918 2398 libros

110 2417 279 2477 primus
303 2416 477 2472 dicitur3
500 2435 642 2477 neque
661 2420 822 2473 Perses,
844 2418 919 2478 qui
938 2432 1091 2478 postea
1110 2418 1297 2465 Athenis
1320 2419 1518 2475 incensis,
1543 2437 1652 2480 quae
1672 2420 1918 2466 Pisistratus

111 2484 341 2531 volumina
370 2484 615 2544 collegerat,
642 2485 815 2532 devexit
842 2486 887 2532 in
914 2487 1118 2542 Persiam3
1147 2504 1288 2547 neque
1313 2486 1527 2543 Seleucos,
1556 2488 1631 2547 qui
1657 2487 1793 2547 longo
1818 2502 1919 2548 post

112 2566 313 2612 tempore
331 2552 499 2599 rettulit
515 2553 560 2598 in
577 2554 824 2609 Graeciam,
842 2571 982 2614 neque
999 2553 1261 2610 Alexander,
1278 2555 1312 2601 is
1328 2555 1399 2601 cui
1413 2558 1581 2614 Magno
1597 2572 1847 2615 cognomen
1866 2555 1919 2602 ab

113 2619 241 2666 rebus
261 2621 389 2680 gestis
408 2619 506 2676 fuit,
525 2621 600 2681 qui
619 2620 762 2667 eidem
782 2622 843 2668 rei
863 2638 955 2668 non
975 2621 1244 2669 mediocrem
1263 2639 1443 2682 operam
1463 2622 1598 2678 dedit,
1617 2640 1758 2683 neque
1777 2622 1918 2669 Ptole·

113 2705 261 2734 maeus
290 2687 613 2749 Philadelphus,
645 2689 720 2749 qui
749 2688 886 2736 multa
913 2689 1127 2736 librorum
1160 2689 1279 2737 milia
1307 2689 1597 2737 Alexandriae
1624 2688 1918 2746 cumulavit3¹⁰

113 2773 254 2816 neque
282 2756 398 2816 apud
425 2760 652 2803 Romanos
679 2756 796 2804 Sulla
823 2757 1025 2813 dictator,
1052 2759 1127 2818 qui
1151 2773 1251 2818 post
1281 2757 1502 2805 firmatam
1529 2776 1630 2805 cum
1658 2758 1919 2805 Mithridate

110 2841 265 2883 pacem
287 2823 342 2870 ad
360 2825 561 2871 Piraeum
583 2842 684 2871 cum
707 2825 907 2880 venisset,
931 2825 1231 2885 Appelliconis
1254 2825 1382 2872 Theii
1403 2826 1718 2873 bibliothecam
1741 2827 1917 2882 exemit,

191 3062 203 3088 f
217 3070 283 3106 On
296 3068 359 3107 the
372 3068 508 3118 library
522 3082 558 3107 at
572 3072 642 3107 San
654 3073 780 3108 Marco
797 3071 837 3107 in
852 3069 1033 3114 Florence,
1047 3070 1208 3109 founded
1225 3071 1274 3119 by
1289 3072 1440 3109 Cosimo
1458 3071 1550 3109 with
1563 3071 1681 3109 books
1695 3071 1918 3120 bequeathed

112 3120 161 3169 by
189 3120 346 3159 Niccolo
375 3121 531 3166 Niccoli‚
557 3135 614 3159 see
644 3121 877 3160 B.L.Ullman
904 3122 974 3160 and
1001 3122 1197 3167 A.Stadter,
1228 3123 1294 3161 The
1316 3123 1438 3161 Public
1462 3123 1607 3172 Library
1633 3123 1678 3172 os
1693 3126 1917 3162 Renaissance

111 3172 279 3217 Florence,
297 3172 424 3217 Padua,
447 3177 545 3218 1982;
564 3173 609 3211 cf.
627 3186 715 3212 note
732 3173 770 3222 h)
788 3174 917 3212 below.
