2118 3444
146 174 375 209 PRIVATE
401 173 628 208 LETTERS
1856 166 1942 207 133

145 312 281 359 lo—et
305 329 419 359 sono
443 309 773 371 gottoso-fussi
797 324 913 357 stato
936 310 1130 357 ritenuto
1153 309 1363 357 coll'altre
1386 327 1483 357 cose
1507 309 1574 356 de’
1600 311 1870 357 mercatanti.
1894 314 1953 357 La

145 378 414 427 conformita
439 378 555 426 dello
579 379 801 434 exercitio,
824 378 865 425 13
886 377 1099 438 gentileza
1122 377 1165 424 di
1189 392 1358 425 cotesto
1382 377 1746 424 excellentissimo
1769 378 1950 438 Signore

145 462 187 495 et
204 462 366 503 vostra,
383 446 423 494 la
443 447 530 494 mia
545 446 708 494 servitu
727 464 853 493 verso
872 445 911 493 la
927 464 1004 493 sua
1020 446 1217 506 Signoria
1236 460 1278 493 et
1295 446 1486 493 amicitia
1504 463 1589 493 con
1607 446 1682 493 voi
1702 446 1763 492 mi
1780 463 1951 506 persua-

144 515 254 563 deva
272 515 352 563 che
371 516 406 562 si
427 514 597 562 dovessi
620 514 776 561 havere
795 513 977 575 qualche
999 514 1200 575 rispect0,
1223 528 1264 561 et
1281 532 1324 561 se
1346 531 1438 561 non
1459 532 1483 561 a
1501 531 1585 570 me,
1608 513 1687 561 alle
1707 528 1828 574 gotte
1850 515 1950 570 mie,

144 601 271 631 come
297 583 356 630 ho
378 582 522 639 decto,
546 582 626 630 che
649 600 702 629 ne
725 596 903 629 restono
928 581 1038 629 male
1061 596 1283 638 contente;
1307 596 1348 629 et
1370 581 1526 629 dubito
1550 581 1629 629 che
1652 581 1885 629 arrivando
1907 581 1951 629 di

144 670 229 713 qua
248 669 340 698 non
361 650 562 698 habbiate
581 650 635 697 da
650 650 748 697 loro
767 649 910 697 molto
929 649 1013 697 mal
1032 649 1180 710 grado,
1200 664 1241 696 et
1257 668 1300 696 se
1318 649 1356 696 le
1375 668 1467 696 non
1486 649 1670 696 faranno
1688 649 1814 706 altro,
1831 668 1944 697 sono

144 734 266 767 certo
288 719 367 766 che
390 719 425 766 si
451 718 676 766 dorranno
700 718 744 765 di
767 719 855 774 voi,
881 732 922 765 et
945 718 989 765 io
1015 735 1068 765 ne
1090 717 1234 778 patiro
1258 717 1296 765 le
1318 735 1443 778 pene.
1468 722 1579 764 Non
1606 717 1713 765 haro
1736 735 1815 778 per
1839 717 1950 765 male

143 787 223 835 che
247 805 300 834 ne
321 786 477 834 diciate
499 786 681 847 qualche
703 804 802 833 cosa
823 785 904 833 alla
922 785 1188 833 Excellentia
1209 785 1253 833 di
1273 800 1442 833 cotesto
1461 786 1641 846 Signore
1665 800 1706 833 et
1727 785 1954 833 facciatelo

142 873 203 902 un
226 873 344 915 poco
367 854 507 901 ridere
529 854 573 901 di
596 868 747 914 questa
769 855 857 900 mia
876 855 1079 914 sciagura.
1106 858 1146 899 A
1169 854 1243 900 voi
1267 854 1327 899 mi
1352 853 1658 900 raccomando,
1683 858 1746 899 Ex
1770 853 1951 910 Palatio,

143 938 224 970 etc.
246 923 332 970 Die
354 927 406 969 28
430 921 526 969 Iulii
554 919 691 969 1482.2

1010 1063 1087 1104 159

467 1133 544 1172 To
569 1134 763 1172 CARLo
786 1133 866 1171 DA
887 1132 1187 1172 DIACCETO
1209 1134 1275 1172 IN
1295 1134 1406 1172 VAL
1426 1133 1620 1172 D'ELSA

895 1203 946 1241 30
963 1200 1065 1252 July
1088 1203 1192 1241 1482

224 1298 309 1391 241?
332 1293 399 1367 101.
420 1298 504 1335 31v.
528 1293 640 1335 Draft
662 1294 714 1346 by
735 1293 861 1335 Scribe
880 1297 929 1342 A,
952 1293 1104 1335 headed:
1131 1293 1286 1335 ‘Camlo
1310 1294 1356 1335 de
1377 1295 1551 1335 Diacetto
1575 1295 1727 1335 Vicario
1750 1294 1865 1335 Vallis

289 1366 342 1391 ae.

140 1454 378 1515 Magnifice
398 1469 523 1515 pater
542 1455 616 1501 mi.
640 1454 790 1501 Hebbi
811 1454 852 1502 13
870 1469 1018 1502 vostra
1038 1454 1191 1501 lettera
1206 1455 1336 1515 piena
1357 1454 1401 1502 di
1419 1455 1555 1515 gratia
1575 1469 1616 1502 et
1638 1454 1878 1511 humanita,
1903 1454 1947 1502 di

141 1523 221 1570 che
239 1524 283 1569 vi
303 1523 513 1583 ringratio
534 1537 701 1583 quanto
718 1522 795 1583 piu
812 1540 955 1583 posso.
981 1522 1203 1570 L’honore
1224 1522 1303 1570 che
1323 1522 1408 1570 fate
1427 1541 1450 1570 a
1469 1541 1539 1570 me
1559 1522 1644 1570 fate
1662 1541 1685 1570 a
1702 1537 1855 1570 vostro
1876 1522 1950 1583 fig-

140 1591 263 1639 luolo
291 1605 332 1638 et
357 1609 381 1638 3
404 1591 478 1638 voi
502 1591 700 1651 proprio,
727 1590 887 1651 perche
914 1591 958 1638 io
982 1609 1094 1638 sono
1120 1606 1284 1638 vostro.
1314 1595 1391 1638 Ho
1416 1590 1671 1638 confortato
1695 1592 1836 1652 questi
1862 1592 1950 1638 mia

141 1660 270 1707 amici
289 1673 330 1706 et
346 1677 459 1706 sono
481 1673 603 1706 certo
620 1658 675 1706 ha
693 1677 716 1706 a
732 1659 896 1719 seguire
916 1658 962 1706 lo
981 1658 1142 1706 effecto
1158 1658 1237 1706 che
1258 1659 1475 1706 m’havete
1492 1660 1671 1720 script03
1693 1674 1734 1706 et
1749 1660 1947 1720 priegovi

141 1742 309 1788 quanto
332 1726 409 1788 piu
437 1741 557 1774 tosto
582 1742 733 1788 potete
759 1726 976 1783 liberarIo,
1005 1727 1050 1774 lo
1077 1726 1269 1784 facciate,
1293 1727 1413 1774 salvo
1438 1745 1609 1788 sempre
1637 1727 1665 1774 il
1692 1742 1845 1775 vostro
1874 1727 1948 1774 ho-

141 1813 263 1851 nore,
290 1795 451 1856 perche
481 1813 573 1842 non
600 1795 693 1855 pub
723 1813 859 1842 essere
888 1795 967 1842 che
996 1797 1356 1843 continuamente
1385 1814 1477 1842 non
1506 1797 1549 1842 vi
1577 1797 1638 1843 sia
1664 1796 1948 1856 grandissima

139 1881 261 1924 spesa
283 1878 324 1910 et
348 1862 525 1923 disagi0‚
549 1877 590 1910 et
611 1863 710 1910 loro
731 1881 844 1910 sono
866 1881 973 1924 pure
995 1881 1158 1924 povere
1178 1881 1377 1924 persone.
1402 1868 1456 1910 Et
1477 1881 1520 1910 se
1543 1863 1571 1909 il
1593 1863 1813 1910 beneficio
1836 1863 1948 1910 della

139 1930 258 1992 legge
279 1930 309 1977 li
331 1930 520 1987 absolve,
543 1945 695 1992 potete
717 1949 803 1978 con
825 1931 974 1978 buona
999 1932 1265 1979 conscientia
1285 1931 1374 1979 fare
1397 1949 1420 1979 a
1439 1931 1539 1979 loro
1563 1946 1714 1993 questa
1733 1932 1882 1992 gratia,
1907 1946 1948 1979 et

140 2017 163 2047 a
184 2017 254 2047 me
277 2014 433 2060 questo
454 1998 685 2047 beneficio.
710 2003 751 2046 A
772 2000 847 2047 voi
870 2000 931 2046 mi
954 1999 1261 2056 raccomando,
1284 2000 1370 2047 Die
1392 2005 1446 2047 30
1467 2000 1563 2047 Iulii
1591 2005 1708 2047 1482.

1006 2142 1084 2184 160

634 2212 711 2251 TO
735 2212 849 2250 THE
868 2212 1118 2251 ANZIANI
1141 2213 1216 2252 OF
1238 2213 1448 2252 LUCCA²

868 2282 889 2319 3
913 2281 1086 2331 August
1110 2283 1214 2320 1482

223 2375 291 2420 Lu,
313 2371 380 2412 fol.
403 2375 480 2420 68r,
502 2371 690 2424 chancery
709 2387 821 2425 copy,
843 2372 995 2413 headed:
1020 2374 1206 2413 ‘Antianis
1227 2373 1481 2414 Lucensibus.’
1506 2373 1568 2413 Cf.
1587 2376 1672 2421 Mo,
1694 2373 1760 2414 101.
1782 2377 1861 2421 32r,

223 2427 321 2468 draft
340 2427 391 2480 by
411 2428 537 2468 Scribe
555 2430 604 2468 A.

138 2519 367 2579 Magnifici
393 2534 435 2567 et
458 2535 662 2580 potentes
687 2520 858 2567 domini
884 2521 970 2567 mei
994 2521 1331 2581 singularissimi.
1362 2522 1617 2568 Existimavi
1643 2521 1940 2582 superioribus

139 2587 304 2643 diebus,
330 2605 431 2634 cum
456 2589 626 2648 scripsit
651 2606 772 2635 meus
798 2589 1071 2648 magistratus
1095 2589 1149 2635 ad
1169 2590 1266 2636 Vici
1289 2603 1538 2649 praetorem
1563 2604 1611 2636 ut
1635 2589 1689 2636 ad
1711 2590 1943 2649 antiquum

138 2655 379 2701 terminum
400 2673 543 2715 aquas,
561 2673 670 2716 quae
689 2655 746 2702 ob
765 2673 932 2702 novum
953 2655 1202 2703 aedificium
1219 2657 1506 2703 excrevissent
1522 2674 1652 2717 super
1667 2656 1861 2712 solitum,
1884 2674 1944 2703 re-

139 2722 331 2779 duceret,
358 2741 468 2783 opus
499 2741 591 2770 non
620 2741 707 2770 esse
734 2738 782 2770 ut
810 2723 862 2771 de
890 2742 939 2771 ea
964 2742 1008 2771 re
1036 2724 1220 2785 amplius
1249 2724 1408 2772 soliciti
1436 2719 1614 2772 essetis.b
1647 2724 1786 2784 Quod
1815 2739 1945 2772 restat

136 2805 311 2851 praeter
324 2791 584 2851 opinionem
605 2809 748 2838 meam
768 2791 986 2852 redigetur
1001 2792 1055 2839 ad
1069 2792 1378 2839 rectitudinem
1397 2792 1462 2839 his
1478 2792 1633 2840 litteris
1649 2792 1806 2848 alteris,
1825 2811 1943 2853 quas,

138 2873 186 2905 ut
205 2858 331 2906 vobis
350 2858 633 2919 gratificetur,
652 2859 724 2906 dat
742 2860 1014 2920 magistratus
1035 2878 1156 2907 meus
1175 2860 1229 2907 ad
1246 2860 1435 2907 eundem
1452 2875 1702 2921 praetorem
1722 2860 1774 2907 de
1791 2860 1943 2907 eadem

218 3070 231 3085 ²
249 3069 291 3102 In
308 3065 409 3114 reply
426 3078 466 3104 to
483 3066 546 3104 the
563 3048 668 3104 letter
682 3066 779 3104 from
796 3066 859 3104 the
876 3068 1033 3105 Anziani
1048 3079 1088 3105 to
1106 3067 1212 3112 Scala,
1231 3071 1274 3105 26
1288 3067 1371 3116 July
1393 3071 1490 3112 1482,
1511 3071 1574 3112 Lu,
1592 3067 1655 3105 fol.
1676 3071 1748 3106 681.

217 3118 233 3143 ¹³
250 3123 420 3162 Bertoldo
439 3125 596 3168 Corsini,
612 3138 669 3162 see
684 3124 747 3163 the
764 3126 954 3173 Signoria’s
969 3125 1089 3163 letters
1104 3138 1144 3163 to
1160 3125 1222 3164 the
1239 3127 1395 3164 Anziani
1411 3125 1452 3163 of
1466 3129 1580 3164 Lucca
1594 3126 1699 3164 dated
1720 3129 1760 3163 12
1773 3126 1856 3174 July
1875 3126 1945 3164 and

138 3178 157 3213 3
176 3178 328 3224 August,
347 3177 503 3220 Miss.49,
524 3175 604 3214 fols.
627 3180 726 3221 111v,
748 3180 841 3221 113r,
861 3180 924 3221 Lu,
941 3177 1021 3215 fols.
1042 3181 1190 3222 65r,68r.
