2118 3444
134 167 363 201 PRIVATE
391 167 617 200 LETTERS
1846 161 1932 202 139

1001 309 1078 350 168

458 378 535 418 TO
560 379 754 418 CARLO
777 379 857 417 DA
879 378 1178 418 DIACCETO
1201 381 1266 418 IN
1286 381 1397 418 VAL
1417 380 1610 419 D'ELSA

688 449 763 494 [on
786 459 834 486 or
855 445 967 486 after
989 449 1037 486 31
1062 449 1235 498 August
1259 449 1382 495 1482]

216 538 279 635 ἓιῖ.
294 542 564 611 Fragmentary
582 538 679 580 draft
697 539 747 592 by
763 539 888 580 Scribe
903 542 953 588 A,
971 539 1122 580 headed:
1143 539 1297 581 ‘Carulo
1316 539 1361 581 de
1379 541 1553 581 Diacetto
1571 541 1721 581 Vicario
1739 540 1855 581 Vallis

261 611 332 636 sae.

131 698 385 760 Magnifice¹
408 714 533 760 pater
553 701 625 747 mi.
653 704 700 746 Io
722 701 764 746 vi
788 700 846 747 ho
869 701 1034 761 scripto
1056 700 1163 747 altra
1184 700 1303 747 volta
1323 719 1402 761 per
1424 700 1566 761 quella
1587 700 1837 748 differentia
1858 702 1938 749 che

132 767 153 815 ὲ
177 767 242 815 fra
264 769 490 815 Giovanni
514 771 550 815 e’
576 767 744 828 figluoli
770 768 824 815 da
843 769 1126 828 Martignano
1149 783 1190 815 et
1210 770 1463 816 Domenico
1488 784 1529 816 et
1551 770 1754 816 Antonio
1779 788 1863 830 pur
1886 770 1941 817 da

131 836 429 896 Martignano,
454 835 723 896 pregandovi
747 854 827 896 per
850 835 889 883 13
915 836 1102 896 ragione.
1132 840 1257 883 Hora
1280 854 1359 897 per
1381 837 1516 897 gratia
1540 836 1583 884 di
1607 837 1699 884 Dio
1725 836 1746 884 ὲ
1770 838 1940 898 seguito

131 904 211 951 che
232 903 351 951 l'una
371 919 493 965 parte
514 919 555 951 et
574 904 714 951 l'altra
734 904 882 952 hanno
904 905 1084 952 rimesso
1108 905 1151 951 in
1174 923 1243 952 me
1262 905 1302 952 la
1319 923 1424 966 pace
1445 905 1730 953 liberamente
1752 920 1793 953 et
1813 907 1856 953 io
1879 906 1939 953 ho

131 972 249 1019 facto
281 971 345 1019 fra
375 972 474 1019 loro
506 990 593 1019 una
625 972 822 1032 trieghua
853 990 937 1019 con
971 973 1216 1020 intentione
1249 973 1293 1020 di
1324 973 1471 1020 lodare
1504 973 1547 1021 di
1577 975 1652 1034 poi
1685 974 1725 1021 la
1754 992 1872 1034 pace.
1907 974 1937 1021 Il

129 1039 290 1100 perche
315 1041 375 1085 mi
397 1058 500 1100 pare
524 1041 765 1087 necessario
788 1041 993 1087 scrivervi
1018 1040 1125 1087 hora
1148 1041 1386 1088 altrimenti
1410 1056 1451 1088 et
1472 1042 1686 1102 priegarvi
1710 1041 1804 1098 che,
1827 1042 1940 1089 nella

130 1108 389 1155 executione
410 1108 490 1155 che
510 1108 668 1155 toccha
686 1126 709 1155 a
728 1109 816 1164 voi,
835 1108 1086 1169 procediate
1106 1127 1191 1156 con
1212 1109 1354 1170 quella
1374 1109 1552 1157 dolceza
1571 1109 1651 1157 che
1669 1127 1719 1157 so
1740 1109 1819 1157 che
1841 1109 1863 1157 ὲ
1881 1128 1941 1157 se-

130 1175 278 1223 condo
296 1175 336 1223 la
354 1191 508 1223 natura
525 1191 672 1223 vostra
689 1191 731 1223 et
749 1176 828 1223 che
848 1177 952 1224 aiuti
970 1176 1010 1224 la
1025 1195 1143 1238 pace.
1161 1181 1282 1224 Sono
1301 1192 1422 1225 certo
1438 1177 1518 1225 che
1537 1178 1668 1239 quelli
1686 1178 1766 1225 che
1787 1178 1936 1226 hanno

130 1245 324 1292 ricevuta
342 1244 525 1301 l'offesa,
549 1244 629 1292 che
649 1263 761 1292 sono
784 1248 820 1292 e’
841 1246 973 1306 primi
995 1246 1123 1293 amici
1144 1246 1244 1302 mia,
1267 1261 1521 1293 resteranno
1541 1247 1740 1294 contenti
1761 1261 1803 1294 et
1821 1248 1938 1295 satis-

129 1312 232 1360 facti
254 1352 262 1360 .
281 1352 289 1360 .
307 1352 315 1360 .

996 1456 1074 1497 169

632 1525 709 1564 TO
732 1525 847 1563 THE
866 1526 1116 1565 ANZIANI
1139 1527 1214 1565 OF
1236 1528 1430 1566 LUCCA

820 1595 842 1632 6
864 1592 1117 1633 November
1142 1596 1245 1633 1482

465 1688 533 1732 Lu,
554 1684 620 1725 fol.
641 1688 719 1725 76r.
741 1685 943 1737 Chancery
961 1701 1073 1738 copy.
1090 1689 1135 1726 In
1155 1701 1281 1738 marg:
1304 1688 1597 1739 ‘Responsum.'²

127 1787 355 1848 Magnifici
380 1803 421 1835 et
443 1788 793 1835 excellentissimi
816 1789 1000 1845 domini,
1026 1789 1195 1836 domini
1220 1791 1306 1837 mei
1328 1790 1723 1847 observandissimi,
1748 1791 1933 1838 salutem

127 1870 169 1902 et
190 1856 641 1903 commendationem.
669 1858 898 1917 Egregium
925 1872 1040 1904 certe
1062 1852 1239 1905 munusb
1266 1858 1320 1905 ad
1340 1876 1409 1905 me
1434 1859 1620 1915 misistis,
1646 1860 1829 1906 Antiani
1853 1864 1934 1906 Ve-

126 1923 372 1984 xilliferque
390 1928 616 1980 Lucenses,
637 1939 678 1972 et
695 1924 875 1985 dignum
895 1925 1020 1973 vobis
1039 1941 1266 1987 vestraque
1282 1926 1516 1987 republica,
1533 1927 1671 1988 probe
1691 1928 1933 1975 inauratam

127 2006 256 2052 atque
277 1993 433 2052 insigni
457 1992 646 2039 celatura
666 2011 717 2040 ex
736 2011 864 2054 puro,
888 2008 1012 2054 puto,
1035 2009 1216 2054 argento
1234 1996 1444 2055 patinam3
1467 2010 1509 2042 et
1530 2013 1619 2056 quo
1641 2010 1748 2043 esset
1772 2014 1931 2043 munus

127 2059 212 2107 hoc
243 2061 377 2121 magis
407 2061 572 2121 insigne
602 2076 810 2118 vestrum,
841 2063 1071 2109 Francisco
1100 2062 1143 2110 id
1172 2063 1401 2119 Leonardi‚
1430 2064 1527 2110 viro
1557 2082 1648 2110 non
1677 2063 1931 2120 infacundo,

124 2128 259 2188 pleno
284 2143 400 2176 certe
423 2130 598 2189 ingenii,
624 2129 678 2177 ad
699 2148 769 2177 me
793 2130 1079 2178 deferendum
1103 2131 1350 2179 tradidistis.
1375 2135 1484 2191 Quo
1508 2131 1686 2193 quidem
1710 2132 1832 2179 dono
1857 2132 1931 2180 do·

127 2214 250 2243 mum
271 2215 349 2243 vos
370 2196 668 2258 familiamque
689 2216 831 2245 meam
849 2199 1116 2259 benignitate
1136 2214 1277 2246 vestra
1292 2201 1337 2246 in
1355 2215 1617 2260 perpetuum
1638 2200 1930 2248 decoravistis.

126 2264 292 2323 Quoad
316 2266 435 2311 enim
461 2266 654 2312 manebit
680 2266 806 2313 huius
831 2267 875 2312 in
900 2285 969 2313 me
992 2268 1123 2314 vestri
1145 2282 1234 2314 tam
1259 2267 1361 2314 clari
1384 2268 1587 2315 beneficii
1611 2270 1838 2325 memoria,
1864 2287 1933 2316 me

126 2350 303 2393 quoque
324 2332 560 2393 aliquando
581 2351 729 2381 carum
748 2335 916 2381 senatui
934 2334 1188 2396 populoque
1213 2340 1351 2383 Lucae
1370 2335 1497 2383 fuisse
1518 2351 1559 2383 et
1579 2351 1785 2384 ornatum
1806 2336 1859 2384 ab
1879 2355 1933 2384 eo

126 2400 254 2447 donis
276 2401 433 2448 talibus
456 2416 503 2448 ut
525 2401 791 2462 intelligatur
810 2402 937 2450 simul
962 2418 1023 2450 est
1047 2421 1229 2451 necesse.
1252 2404 1391 2463 Quod
1412 2405 1446 2451 si
1467 2405 1710 2451 Fabritium
1733 2405 1929 2452 nobilem

127 2468 250 2515 illurn
272 2469 585 2529 imperatorem
604 2469 795 2517 laudavit
812 2472 1060 2531 antiquitas,
1078 2471 1199 2532 quod
1215 2486 1388 2532 praeter
1401 2487 1596 2532 pateram
1616 2487 1657 2519 et
1673 2473 1860 2520 salinum
1882 2491 1934 2520 ex

125 2551 307 2596 argento
328 2536 485 2584 habere
505 2538 740 2598 quicquam
762 2540 1051 2595 recusaverit,c
1071 2557 1139 2586 me
1160 2558 1334 2600 quoque
1357 2541 1494 2587 nostri
1516 2540 1717 2587 homines
1741 2541 1803 2601 (ut
1823 2541 1931 2588 arbi·

205 2745 217 2759 ²
236 2743 276 2777 In
294 2740 395 2789 reply
414 2753 453 2778 to
473 2755 492 2779 a
508 2741 613 2779 letter
628 2742 669 2779 of
686 2746 725 2780 31
749 2744 935 2787 Oct.1482,
957 2746 1019 2787 Lu,
1038 2743 1101 2781 fol.
1120 2747 1193 2788 76r,
1213 2744 1288 2792 beg.
1311 2744 1507 2782 ‘Eiusmodi
1526 2757 1610 2782 sunt
1628 2757 1742 2783 vestra
1760 2745 1933 2783 beneficia

125 2794 163 2830 in
179 2807 246 2831 nos
263 2806 297 2831 et
313 2793 452 2832 labores
468 2809 558 2843 quos
574 2795 708 2833 multos
724 2797 922 2845 suscepistis
942 2809 1082 2835 nostrae
1099 2797 1312 2846 reipublicae
1328 2812 1439 2842 causa,
1458 2810 1497 2836 ut
1513 2798 1772 2836 decreverimus
1787 2800 1929 2847 signum

124 2844 270 2894 aliquod
288 2847 376 2894 grati
394 2847 506 2884 animi
523 2847 759 2891 obstendere'3
778 2862 834 2886 see
854 2860 939 2886 note
958 2848 993 2896 b)
1014 2849 1142 2886 below.

123 2959 166 2993 98
185 2896 219 3002 [¹1³
221 2906 411 3002 4872zSL’
430 2907 530 2995 ΑΤῙῙλ
543 2905 729 2954 ΕΘΗ-(118110
749 2906 923 2944 Generale
938 2910 993 2951 21,
1010 2906 1072 2945 fOl·
1094 2911 1176 2945 1891
1193 2908 1249 2955 (22
1267 2910 1405 2956 August
1425 2908 1535 2956 1482),
1554 2908 1646 2946 cited
1663 2909 1701 2945 in
1717 2908 1821 2952 Scala,
1844 2912 1930 2946 197-

382 2969 468 2994 note
534 2989 540 2994 .

204 3018 218 3032 ²
232 3014 407 3052 Val.Max.
423 3019 526 3059 4.4.3;
543 3030 594 3053 on
607 3016 669 3054 the
685 3017 959 3065 interpretation
970 3017 1011 3054 of
1025 3018 1202 3056 Fabricius
1216 3019 1254 3055 in
1268 3018 1330 3056 the
1344 3018 1439 3067 early
1456 3020 1696 3063 Renaissance,
1713 3033 1769 3056 see
1785 3019 1933 3057 Charles

125 3067 289 3110 TDavis,
307 3066 485 3115 ‘Ptolemy
499 3067 540 3105 of
553 3071 666 3106 Lucca
677 3068 747 3106 and
759 3068 821 3106 the
836 3072 979 3107 Roman
993 3069 1190 3118 Republic,'
1202 3070 1419 3118 Proceedings
1431 3070 1532 3118 ofzhe
1542 3073 1571 3107 A
1579 3074 1729 3108 merican
1739 3071 1927 3119 Philosoph-

124 3117 344 3207 Ξεὲζ-ἱζεὶειγ,
368 3122 430 3156 118
452 3119 578 3167 (1974),
601 3123 724 3164 35-39,
746 3122 879 3169 repr.in
896 3120 941 3158 id.
961 3123 1102 3159 Dante's
1119 3121 1205 3170 Italy
1221 3122 1295 3159 and
1309 3122 1405 3160 other
1421 3136 1530 3170 essays,
1554 3122 1806 3171 Philadelphia‚
1830 3126 1927 3166 1984,
