2124 3458
141 165 324 199 ESSAYs
1850 160 1939 201 343

140 303 279 349 varias
298 319 364 348 res
383 302 447 348 ius
466 319 600 348 omne
621 301 746 348 civile
766 301 1077 362 complectitur
1095 302 1341 349 dulcissima
1361 302 1573 350 brevitate
1591 318 1720 364 atque
1738 304 1950 363 elegantia

140 370 344 417 omnium
364 369 581 416 elementa
592 370 892 425 continentur,
910 387 1000 416 non
1017 369 1188 416 discunt
1204 370 1341 417 modo
1356 385 1486 431 atque
1500 371 1858 432 interpretantur,
1871 372 1947 419 sed

138 439 174 485 si
207 438 282 498 qui
312 437 596 485 studiosiores
629 452 745 493 sunt,
778 437 910 484 verba
941 438 1074 484 etiam
1103 438 1283 498 singula,
1318 453 1365 486 ut
1396 439 1556 499 scripta
1586 454 1702 495 sunt,
1737 440 1947 487 mandant

141 506 393 553 memoriae.
437 509 647 552 Ioannem
689 501 1127 565 Bonhieronymum‚i
1170 521 1318 553 nostra
1357 522 1496 554 aetate
1532 507 1945 555 excellentissimum

140 573 513 629 iurisconsultum,
536 591 611 620 eos
627 574 814 620 tenuisse
832 588 952 620 totos
971 575 1185 621 memoria
1200 575 1265 621 sui
1284 576 1496 636 temporis
1514 575 1716 623 homines
1734 577 1949 623 existima-

140 656 257 697 runt,
276 641 399 702 quod
418 642 462 687 in
481 641 657 688 orandis
675 642 812 688 causis
830 641 953 688 nullo
973 643 1108 702 magis
1125 660 1257 702 quam
1277 643 1606 690 institutionum
1628 645 1719 690 iure
1736 659 1946 691 uteretur.

140 709 251 756 Illud
274 727 355 769 ego
376 709 429 756 de
453 709 518 756 his
539 709 660 756 libris
682 723 893 769 quattuor
914 709 1134 757 affirmare
1154 711 1305 757 ausim:
1333 711 1439 757 nihil
1464 729 1675 772 umquam
1702 712 1746 758 in
1769 713 1842 767 eis,
1866 713 1945 759 etsi

138 778 271 824 etiam
299 792 429 837 atque
456 777 588 824 etiam
614 794 787 823 summa
817 795 918 824 cum
947 777 1170 837 diligentia
1195 778 1442 834 lectitarim‚
1471 778 1713 826 desiderare
1738 781 1944 840 potuisse.

137 849 259 892 Nam
278 862 404 905 saepe
424 844 580 891 accidit
598 859 646 891 ut
666 862 775 905 quae
794 844 958 905 legeris,
979 863 1071 892 non
1093 845 1157 893 his
1177 845 1315 893 modo
1335 847 1494 893 nostris
1513 846 1657 907 legum
1678 847 1944 904 auctoribus,

136 913 213 960 sed
227 914 272 959 in
292 913 486 968 historia,
505 913 550 959 in
566 912 860 974 philosophia,
883 914 927 960 in
944 915 1149 970 oratoria,
1166 915 1405 975 ceterisque
1419 915 1548 962 bonis
1566 915 1730 963 artibus
1747 917 1945 963 animum

139 999 231 1027 non
258 981 475 1041 expleant3
500 981 664 1041 aliquid
688 982 904 1028 continuo
930 997 1130 1029 occurrat
1155 997 1227 1029 aut
1252 983 1490 1030 verborum
1517 998 1590 1030 aut
1614 985 1947 1040 sententiarum,

137 1048 260 1109 quod
282 1048 368 1095 hoc
390 1063 463 1095 aut
487 1048 563 1095 illo
586 1048 724 1095 modo
745 1050 957 1109 scripturn
980 1049 1108 1096 fuisse
1131 1050 1237 1097 velis
1256 1051 1432 1110 potius.’

223 1120 312 1162 ‘An
332 1131 381 1163 tu
399 1134 560 1172 censes,
582 1116 828 1173 Bernarde‚’
847 1118 1041 1177 inquam,
1064 1121 1292 1165 ‘consensu
1313 1136 1401 1165 esse
1420 1118 1654 1166 hominum
1678 1119 1946 1167 declaratum

136 1184 301 1245 legibus
342 1185 407 1231 uti
446 1202 535 1231 esse
574 1185 888 1232 commodius?
934 1189 1053 1232 Cum
1093 1204 1200 1233 vero
1238 1187 1298 1233 ita
1335 1187 1640 1247 respondisset,
1684 1191 1941 1244 ‘Attamen,'

137 1253 332 1313 inquam,
352 1252 526 1299 ‘multas
543 1270 631 1299 esse
648 1253 848 1300 nationes
865 1253 1055 1300 arbitror
1070 1272 1178 1314 quae
1194 1254 1359 1302 litteras
1373 1256 1505 1302 etiam
1520 1273 1612 1302 non
1630 1257 1796 1312 norint,
1814 1271 1944 1317 atque

136 1320 253 1381 apud
276 1320 356 1367 hos
381 1320 560 1381 quidem
585 1321 653 1368 vel
676 1322 886 1382 principis
912 1321 980 1369 vel
1004 1323 1087 1368 viri
1111 1323 1350 1383 cuiuspiam
1379 1323 1571 1370 melioris
1598 1324 1828 1371 arbitrium
1854 1343 1942 1372 esse

133 1406 219 1449 pro
242 1388 419 1449 legibus.
446 1391 696 1436 Turcorum
722 1404 838 1436 certe
859 1405 1050 1450 gentem,
1073 1408 1263 1451 quorum
1289 1406 1380 1438 tam
1402 1391 1487 1438 late
1510 1393 1555 1437 in
1579 1393 1683 1439 Asia
1707 1393 1793 1439 iarn
1817 1407 1946 1453 atque

135 1461 312 1517 Europa
336 1471 456 1517 patet
482 1457 717 1517 imperium
745 1475 1023 1518 quorumque
1052 1458 1173 1505 Italia
1193 1459 1326 1519 paulo
1352 1474 1452 1506 ante
1478 1459 1599 1519 (dum
1624 1461 1759 1507 saevit
1784 1461 1830 1506 in
1854 1479 1943 1508 sese

136 1525 353 1571 intestinis
378 1524 619 1584 discordiis)
648 1525 703 1572 ad
725 1521 1022 1585 Hydruntemj
1049 1544 1169 1573 arma
1192 1542 1369 1587 experta
1391 1542 1468 1583 est,
1493 1528 1825 1584 consuetudine,
1850 1547 1943 1576 non

134 1592 314 1652 legibus,
333 1593 398 1639 uti
416 1591 698 1639 confirmant.
718 1597 818 1640 Nos
835 1611 942 1640 vero
958 1594 1017 1640 ita
1034 1612 1126 1640 rem
1144 1594 1293 1641 haberi
1311 1595 1604 1642 intelleximus
1622 1614 1675 1642 ex
1693 1597 1943 1643 mercatori-

134 1660 215 1707 bus
235 1661 409 1716 nostris‚
432 1661 506 1721 qui
526 1661 571 1706 in
592 1678 746 1707 eorum
766 1662 907 1722 regnis
926 1677 1128 1722 quaestus
1146 1663 1282 1722 gratia
1296 1663 1476 1723 plurimi
1498 1659 1815 1724 negotiantur.k
1834 1665 1945 1712 Iudi·

65 1783 67 1785 ·
135 1729 348 1775 ciis-enim
366 1728 546 1789 praefici
566 1730 727 1776 Bassias
747 1729 800 1776 ab
820 1730 1084 1790 imperatore
1102 1732 1235 1778 aiunt.
1259 1735 1321 1778 Ita
1337 1749 1527 1792 namque
1546 1732 1833 1792 appellantur,
1853 1734 1943 1780 sive

134 1796 330 1842 dicundo
354 1797 450 1851 iuri,
471 1797 560 1843 sive
582 1797 700 1843 bello
721 1797 1070 1844 administrando
1091 1798 1388 1858 preficiantur.
1410 1800 1608 1846 Verbum
1634 1801 1696 1859 (ut
1719 1801 1894 1860 opinor)
1921 1819 1945 1847 a

134 1867 310 1910 Graeco
324 1865 520 1920 nomine,
538 1864 660 1925 quod
676 1866 784 1925 regis
801 1865 930 1912 habet
944 1865 1326 1926 significationem,
1342 1885 1423 1928 per
1435 1869 1768 1928 corruptionem
1786 1868 1947 1915 littera-

134 1949 233 1978 rum
254 1932 452 1988 ductum,
474 1932 595 1992 quod
615 1932 676 1979 illi
697 1933 845 1980 multis
863 1948 1087 1994 praeterea
1102 1935 1147 1980 in
1168 1935 1422 1982 nominibus
1444 1935 1585 1983 facere
1602 1952 1939 1984 consueverunt.

131 2000 175 2046 Si
193 2001 258 2046 ius
276 1999 514 2047 dicendum
530 2001 600 2056 sit,
620 2001 812 2048 ascendit
831 2002 991 2049 Bassias
1010 2003 1055 2048 in
1073 2002 1279 2059 tribunal;
1298 2018 1438 2050 astant
1456 2004 1650 2051 creditor
1664 2004 1940 2065 debitorque,

132 2069 222 2115 sive
241 2083 468 2115 accusator
487 2083 528 2116 et
547 2087 657 2125 reus,
679 2084 897 2130 aguntque
917 2085 958 2117 et
977 2070 1129 2118 dicunt
1148 2089 1319 2118 causam
1341 2071 1468 2119 nudis
1487 2072 1631 2120 verbis
1650 2087 1692 2120 et
1710 2074 1942 2120 veritatem

133 2135 361 2183 dumtaxat
406 2138 672 2197 quaestionis
715 2137 1074 2198 significantibus.
1123 2140 1222 2186 Sine
1265 2155 1566 2200 procuratore,
1610 2142 1703 2188 sine
1747 2156 1941 2202 patrono

131 2204 391 2264 simpliciter
413 2205 542 2251 iudex
564 2205 616 2252 ab
639 2206 890 2253 auctoribus
914 2208 1313 2254 controversiarum
1336 2208 1558 2255 edocetur.
1580 2211 1731 2256 Testes
1751 2224 1943 2256 tantum-

133 2271 272 2319 modo
288 2272 486 2319 adhiberi
501 2272 617 2329 licet,
632 2275 800 2321 cunctis
814 2289 1038 2334 praeterea
1047 2275 1265 2335 probandi
1283 2290 1355 2323 aut
1371 2276 1567 2323 diluendi
1584 2278 1743 2324 amotis
1758 2277 1941 2324 admini-

133 2339 253 2395 culis,
284 2340 441 2400 quibus
473 2340 581 2386 nihil
612 2356 674 2388 est
703 2341 809 2388 foris
839 2342 904 2389 his
932 2344 1092 2389 nostris
1121 2343 1424 2391 abundantius.
1456 2348 1517 2391 Ea
1545 2346 1663 2391 enim
1694 2344 1863 2392 adferre
1889 2346 1944 2392 ad

132 2425 306 2454 causam
339 2407 459 2455 nefas
489 2424 565 2456 est.
599 2413 647 2455 In
679 2409 850 2457 nullum
883 2411 1248 2459 animadvertitur
1278 2412 1494 2460 crudelius
1526 2431 1658 2473 quam
1689 2415 1765 2474 qui
1796 2413 1943 2461 dedita

132 2493 267 2536 opera
290 2475 397 2522 dolo
424 2476 542 2523 malo
566 2478 761 2524 veritatis
783 2477 926 2525 lucem
951 2478 1240 2526 subtexerit.³²
1266 2480 1399 2527 Iudex
1423 2496 1585 2537 autem,
1608 2482 1669 2528 sic
1693 2482 1853 2538 audita,
1878 2483 1940 2529 sic

132 2544 308 2603 cognita
328 2562 467 2600 causa,
487 2545 573 2591 iam
594 2545 759 2592 nullam
781 2546 1016 2593 iudicando
1036 2565 1207 2594 moram
1228 2547 1345 2604 facit,
1363 2567 1518 2596 verum
1538 2549 1717 2597 damnat
1737 2550 1940 2597 absolvit-

211 2781 219 2805 ἱ
238 2788 425 2826 Giovanni
441 2788 479 2826 di
498 2788 688 2827 Girolamo
708 2790 979 2838 Buongirolami
997 2791 1237 2840 (1381-1454),
1261 2795 1319 2830 ‘an
1337 2793 1568 2842 outstanding
1585 2793 1732 2842 lawyer’
1751 2794 1823 2832 and
1841 2797 1941 2843 ‘very

131 2840 245 2897 actiye
262 2840 302 2876 in
318 2839 441 2888 public
458 2839 599 2885 affairs,'
619 2842 803 2886 Martinoe,
820 2845 975 2891 Lawym
989 2843 1065 2881 and
1078 2844 1263 2892 Statecraft,
1283 2848 1360 2882 501.

130 2949 200 2988 abo
203 2900 414 2999 Leoxtgirgtg),
437 2898 609 2948 referring
628 2912 668 2938 to
691 2901 735 2938 its
756 2913 900 2950 mpture
921 2902 970 2950 by
990 2901 1053 2940 the
1075 2902 1192 2941 Turks
1212 2917 1265 2941 on
1287 2907 1324 2940 11
1349 2906 1489 2952 August
1515 2907 1612 2948 1480,
1636 2904 1680 2942 cf.
1704 2908 1729 2949 Ι,
1749 2904 1855 2943 letter
1877 2909 1941 2944 110

211 3001 229 3026 ¹¹
242 3010 307 3046 On
321 3008 521 3048 Florence’s
532 3010 673 3059 trading
686 3023 903 3059 agreements
918 3012 1009 3050 with
1022 3012 1168 3062 Turkey
1180 3014 1219 3050 in
1230 3013 1294 3051 the
1305 3013 1474 3052 fifteenth
1484 3027 1647 3063 century,
1659 3029 1717 3053 see
1732 3015 1940 3054 G.Vedova-

130 3071 183 3103 to,
200 3062 315 3098 ‘Note
327 3062 384 3098 sui
397 3061 561 3110 privilegi
574 3062 760 3111 oepitolari
773 3062 963 3101 fiorentini
975 3064 1033 3102 del
1046 3067 1208 3109 sec.XV,'
1223 3065 1390 3104 Ambivio
1403 3069 1525 3104 storim
1543 3066 1687 3105 italiana
1704 3067 1831 3116 (1939),
1852 3071 1939 3105 170-

131 3111 289 3207 ἓξὲξ,
290 3126 352 3201 0111⁹
354 3112 516 3202 7T³urkish
531 3112 612 3158 law,
630 3114 799 3163 U.Heyd,
819 3115 948 3154 Studia
964 3119 1001 3154 in
1021 3116 1095 3154 Old
1109 3118 1279 3155 Ottomam
1298 3118 1477 3156 Crimina!
1488 3121 1572 3156 Iam
1587 3118 1653 3166 (ed.
1672 3119 1934 3168 V.LM‹'=nage),
