2124 3464
101 207 331 242 PRlVATE
358 206 585 240 LETTERS
1843 198 1898 239 33

100 362 239 406 prope
266 362 417 391 muros
440 344 624 404 posuisti
651 357 799 390 castra.
822 343 908 389 Die
931 342 1088 389 deinde
1110 342 1320 402 vigesimo
1347 343 1505 402 quinto
1529 341 1683 388 urbem
1709 342 1905 388 munitis-

100 414 257 460 simam
278 412 434 459 animis
452 411 507 458 ad
524 410 855 472 repugnandum
878 410 1227 457 obstinatissimis
1249 410 1400 470 cepisti
1418 410 1476 466 vi,
1495 424 1537 456 et
1556 424 1770 470 quantum
1792 410 1907 456 inter

99 480 366 542 prudentem
390 479 639 539 fortemque
663 478 819 526 ducem
842 493 901 525 <et
922 478 1095 525 ducem>
1119 478 1307 525 inaniter
1325 477 1651 538 superbientem
1678 492 1719 524 et
1741 495 1904 524 vanum

102 550 326 596 interesset
352 547 480 608 plane
507 546 748 594 ostendisti.
779 549 971 605 Quaeso,
1001 545 1107 606 quid
1134 546 1178 592 in
1208 545 1272 593 his
1298 544 1501 592 fortunae
1529 544 1632 592 fuit?
1660 545 1786 604 Quid
1813 563 1905 592 non

100 614 291 664 virtutis⁸
322 618 338 663 ?
365 616 464 662 Nisi
493 614 608 662 forte
636 614 1017 675 obtemperantem
1047 613 1242 661 habuisse
1271 614 1513 675 praeceptis
1540 614 1815 674 imperatoris
1841 614 1906 661 sui

101 684 302 740 militem,
329 701 478 731 muros
505 683 717 731 disiecisse
744 682 970 739 machinis,
997 697 1038 730 et
1060 681 1310 743 patefecisse
1333 682 1500 730 aditum
1527 683 1640 729 intra
1664 683 1840 729 moenia
1865 697 1907 729 et

99 754 180 800 viis
213 752 474 814 quibusdam
508 752 634 799 tectis
663 752 783 812 quasi
817 750 1027 798 cuniculis
1061 750 1304 798 incredibili
1338 750 1461 798 factis
1491 750 1716 807 industria,
1749 750 1907 811 quibus

99 836 220 869 tutus
245 820 368 867 miles
392 820 446 867 ad
469 837 619 867 muros
643 837 778 880 usque
802 834 1064 880 penetraret,
1086 819 1294 866 ademisse
1315 820 1490 879 penitus
1515 836 1695 866 omnem
1722 818 1904 866 obsessis

98 907 221 950 spem
240 888 403 936 diutius
420 887 691 949 repugnandi
708 888 839 934 etiam
857 887 911 934 ad
925 886 1127 934 fortunae
1144 886 1345 934 referent.
1363 890 1490 946 Quae
1506 886 1685 947 quidem
1700 886 1905 947 profecto

99 975 245 1005 causas
262 956 391 1004 habet
409 974 555 1003 rerum
574 956 911 1011 obscurissimas,
934 973 1074 1016 neque
1090 955 1271 1015 intelligi
1289 956 1523 1016 quicquam
1542 954 1745 1002 fortunae
1760 970 1906 1015 potest

96 1039 272 1086 praeter
295 1039 517 1071 eventum.
546 1023 631 1071 Sed
657 1041 803 1070 rerum
831 1038 1006 1070 tuarum
1035 1041 1184 1070 causae
1211 1037 1383 1083 apertae
1407 1037 1508 1070 sunt
1538 1037 1579 1070 et
1606 1023 1650 1068 in
1677 1037 1905 1083 promptu,

99 1092 210 1140 adeo
224 1107 273 1139 ut
292 1110 384 1139 non
399 1091 653 1152 praevidere
669 1091 806 1138 modo
822 1091 959 1138 soleas
976 1091 1083 1151 quid
1098 1091 1198 1138 inde
1214 1092 1268 1138 sit
1283 1105 1535 1147 venturum,
1552 1090 1628 1138 sed
1642 1090 1904 1151 praedicare.

184 1160 324 1220 Quod
345 1159 485 1207 fecisti
503 1177 629 1220 saepe
651 1159 751 1206 alias
771 1160 962 1206 maxima
981 1177 1082 1206 cum
1104 1159 1393 1206 admiratione
1414 1159 1589 1206 virtutis
1609 1173 1650 1206 et
1669 1159 1905 1219 sapientiae

98 1243 212 1285 tuae,
237 1228 376 1275 modo
401 1245 577 1288 quoque
604 1227 664 1274 nil
691 1242 753 1274 est
778 1245 801 1274 a
824 1242 867 1274 te
889 1226 1068 1283 factum,
1093 1242 1166 1274 aut
1191 1241 1290 1274 ante
1314 1226 1368 1274 ad
1390 1227 1552 1274 castelli
1576 1241 1649 1274 aut
1673 1226 1830 1274 deinde
1854 1226 1909 1274 ad

97 1297 217 1344 urbis
244 1297 629 1357 expugnationem,
657 1295 779 1356 quod
804 1313 895 1342 non
919 1310 1019 1342 ante
1043 1313 1095 1342 ex
1118 1309 1160 1342 te
1183 1295 1326 1342 multo
1349 1296 1557 1342 sciremus
1583 1313 1715 1355 quam
1739 1294 1904 1342 factum

97 1366 166 1421 sit,
191 1379 233 1412 et
255 1363 435 1425 quidem
457 1381 582 1424 saepe
605 1378 732 1410 tanto
754 1364 918 1410 maiore
943 1381 1044 1410 cum
1069 1363 1358 1410 admiratione
1382 1364 1599 1419 omnium,
1627 1378 1795 1424 quanto
1817 1378 1907 1410 erat

98 1432 220 1494 quod
236 1432 582 1493 promittebatur
599 1431 907 1479 incredibilius.
928 1432 1042 1491 Quis
1060 1432 1192 1492 igitur
1209 1446 1335 1492 neget
1352 1432 1470 1478 vinci
1487 1449 1511 1479 a
1525 1431 1761 1492 prudentia
1777 1446 1907 1492 atque

98 1519 121 1548 a
137 1502 300 1548 virtute
317 1500 557 1556 fortunam,
576 1499 644 1547 vel
663 1499 759 1547 solo
780 1518 926 1547 rerum
946 1518 969 1547 a
986 1514 1028 1547 te
1045 1514 1261 1560 gestarum
1281 1499 1498 1560 exemplo,
1517 1500 1592 1547 ubi
1613 1500 1758 1546 omnis
1779 1500 1905 1556 ratio,

97 1570 243 1616 omnis
263 1568 545 1629 philosophia
570 1570 724 1615 cesset?
744 1568 937 1615 Nullane
960 1569 1091 1628 igitur
1111 1567 1291 1615 felicitas
1312 1568 1505 1615 detracta
1522 1567 1720 1615 fortuna?
1744 1568 1905 1615 Audia-

98 1655 194 1684 mus
218 1640 413 1684 Poetam:
438 1636 572 1683 ‘Felix
596 1637 670 1697 qui
691 1637 838 1697 potuit
863 1654 1009 1683 rerum
1034 1654 1295 1697 cognoscere
1321 1640 1512 1683 causas?c
1535 1636 1807 1683 Felicitatem
1827 1654 1903 1697 po-

95 1706 181 1753 suit
203 1706 248 1751 in
272 1706 524 1765 cognitione
547 1722 693 1752 rerum
717 1719 759 1752 et
779 1722 1004 1752 causarum
1026 1705 1199 1752 divinus
1221 1708 1368 1761 Poeta,
1390 1722 1482 1751 non
1504 1706 1549 1751 in
1572 1705 1837 1751 obscuritate
1859 1722 1907 1752 ac

97 1774 303 1820 caecitate
315 1772 533 1828 fortunae,
548 1790 657 1833 quae
672 1772 877 1833 profecto
891 1790 913 1819 e
930 1790 1065 1832 regno
1079 1773 1295 1819 virtutum
1312 1772 1455 1819 exulat
1472 1772 1547 1819 ubi
1562 1772 1810 1833 prudentia,
1828 1772 1904 1819 ubi

97 1855 215 1888 recta
233 1841 345 1888 ratio
367 1841 566 1901 imperat.
589 1840 721 1887 Unde
744 1855 805 1887 est
828 1841 959 1887 etiam
981 1858 1083 1887 vera
1101 1840 1281 1887 felicitas
1304 1841 1352 1900 (si
1375 1858 1460 1901 qua
1481 1841 1526 1886 in
1550 1840 1677 1887 rebus
1700 1840 1903 1887 humanis

97 1909 285 1956 inveniri
310 1927 413 1956 vera
433 1909 610 1969 potest).
638 1913 759 1956 Nam
786 1907 895 1955 nihil
923 1909 1110 1956 omnino
1138 1908 1281 1956 deesse
1306 1908 1529 1956 videbitur
1551 1923 1598 1955 ut
1626 1907 1728 1955 felix
1753 1909 1807 1955 sit
1834 1909 1903 1955 cui

95 1976 329 2024 succedent
351 1977 501 2024 omnia
524 1995 575 2024 ex
596 1978 825 2033 sententia;
845 1991 893 2024 ut
916 1978 955 2024 ei
975 1978 1049 2038 qui
1071 1995 1171 2024 curn
1196 1978 1364 2024 ratione
1384 1995 1499 2033 vera,
1522 1978 1597 2038 qui
1619 1976 1806 2033 fortiter,
1828 1977 1903 2038 qui

96 2046 220 2101 iuste,
244 2046 319 2106 qui
341 2059 581 2121 temperate
603 2045 869 2106 operabitur,
891 2045 1124 2092 succedant
1146 2046 1296 2092 omnia
1318 2063 1488 2092 necesse
1511 2059 1586 2092 est.

181 2113 321 2173 Quod
342 2114 376 2160 si
400 2113 616 2160 addideris
636 2128 814 2160 externa
833 2113 964 2170 bona,
987 2128 1035 2160 ut
1057 2113 1290 2190 appellant,
1314 2128 1356 2161 et
1377 2114 1587 2174 corporis,
1613 2113 1902 2161 cumulaveris

96 2182 155 2229 ita
175 2181 429 2229 felicitatem
450 2196 499 2229 ut
522 2199 602 2229 nec
625 2181 858 2229 desiderari
878 2181 1063 2243 amplius
1087 2180 1341 2243 quicquam⁹
1364 2200 1443 2229 nec
1466 2181 1552 2229 dici
1574 2196 1729 2229 contra
1748 2183 1899 2243 possit.

95 2253 224 2310 Quae
239 2250 274 2297 si
292 2251 351 2297 ita
365 2265 481 2306 sunt,
500 2249 698 2297 desinant
716 2268 921 2311 quaerere
937 2251 1022 2298 iam
1039 2265 1081 2298 et
1097 2269 1175 2298 cur
1188 2265 1361 2298 tantum
1379 2250 1582 2298 fortunae
1599 2250 1900 2328 derogaverim

95 2333 137 2365 et
151 2333 300 2366 tamen
315 2333 358 2365 te
374 2318 671 2365 felicissimum
690 2318 998 2379 appellaverim
1015 2320 1214 2366 oratione
1232 2337 1341 2375 mea,
1357 2334 1486 2380 atque
1501 2319 1774 2366 admirentur
1787 2320 1899 2380 poti-

94 2404 143 2433 us
160 2401 228 2434 tot
245 2401 452 2447 tantaque
468 2405 607 2434 unum
626 2386 758 2434 semel
777 2402 1077 2444 consecutum,
1097 2402 1205 2448 quot
1222 2402 1470 2448 quantaque
1484 2387 1641 2448 singuli
1660 2387 1902 2435 desiderare

95 2473 187 2502 non
213 2455 369 2511 ausint,
392 2455 547 2516 populi
575 2470 616 2502 et
640 2456 838 2503 nationes
861 2473 941 2516 per
963 2455 1101 2503 multa
1124 2454 1361 2517 temporalo
1385 2457 1458 2502 vix
1480 2457 1649 2517 possint
1675 2457 1900 2516 attingere.

93 2522 213 2569 Vale.

178 2591 442 2650 Scripseram
470 2590 522 2637 de
547 2605 622 2637 tua
646 2590 850 2638 felicitate
875 2590 993 2647 haec,
1020 2606 1061 2638 et
1086 2592 1232 2652 accepi
1255 2592 1461 2638 nuntium
1491 2591 1543 2638 de
1569 2606 1712 2638 morte
1739 2592 1901 2652 Baptis-

94 2656 197 2705 tae¹l
217 2659 366 2705 uxoris
390 2652 524 2714 tuae,d
545 2658 803 2706 clarissimae
826 2658 1013 2706 feminae
1035 2673 1076 2706 et
1095 2659 1223 2719 plane
1245 2659 1398 2720 dignae
1420 2674 1500 2706 tuo
1523 2660 1741 2719 coniugio.
1767 2660 1900 2706 Venit

94 2744 198 2786 ergo
215 2727 262 2772 in
282 2741 478 2773 mentem
498 2726 606 2773 illud
624 2726 745 2787 quod
764 2726 817 2774 de
833 2726 1039 2788 Philippo
1059 2727 1304 2774 Macedone
1323 2727 1475 2783 fertur,
1493 2745 1594 2775 cum
1615 2742 1722 2774 esset
1743 2727 1900 2774 eodem

94 2793 163 2841 die
181 2808 222 2841 et
240 2794 491 2841 Alexander
506 2795 544 2841 ei
561 2809 687 2842 natus
706 2809 747 2842 et
763 2794 871 2842 duae
890 2795 1027 2842 clarae
1041 2796 1250 2842 victoriae
1267 2796 1504 2843 nuntiatae:
1523 2796 1597 2856 qui
1615 2796 1768 2842 erectis
1783 2796 1828 2841 in
1847 2795 1901 2842 al-

174 3054 187 3068 0
203 3052 256 3087 Ve
300 3081 307 3087 .
444 3081 450 3087 .
585 3081 592 3087 .

173 3102 189 3126 ἀ
203 3051 678 3156 ΤὴῗΗῗῑΞέιεῐίηἶέξῃοῐία
692 3121 807 3146 wrote
820 3121 859 3146 to
874 3108 937 3146 the
950 3108 1046 3147 duke
1061 3109 1102 3147 of
1115 3109 1259 3147 Urbino
1273 3123 1324 3147 on
1338 3109 1400 3147 the
1414 3109 1521 3147 death
1534 3109 1575 3147 of
1588 3109 1643 3147 his
1658 3109 1741 3147 wife
1757 3111 1903 3147 Battista

93 3173 146 3197 on
163 3163 202 3196 11
219 3159 303 3208 July
324 3163 422 3204 1472,
441 3161 598 3204 Miss.46‚
618 3160 682 3198 fol.
702 3164 779 3198 85v.
799 3160 875 3198 The
893 3160 1030 3198 Duke's
1049 3161 1148 3210 reply
1167 3163 1194 3199 is
1212 3161 1329 3199 edited
1347 3162 1387 3198 in
1404 3161 1570 3199 Federico
1588 3161 1633 3199 da
1651 3161 1901 3205 Montefeltm,

93 3214 223 3249 Lenere
237 3211 276 3248 di
290 3221 377 3249 stato
396 3225 414 3249 e
428 3211 547 3256 d'arte‚
565 3211 619 3250 ed.
640 3211 806 3256 PAlatri,
826 3215 952 3256 Rome,
975 3216 1072 3256 1949,
1092 3216 1214 3250 94-95.
