2118 3444
185 174 279 214 276
1798 181 1936 215 PART
1961 182 1993 214 V

186 319 407 375 arbitrior,
434 318 639 365 nonnulli
667 319 741 379 qui
763 317 963 365 subtilius
989 318 1456 379 interpretantur—sed
1478 333 1627 366 tamen
1650 337 1742 366 non
1766 320 1996 367 assentien-

186 387 308 443 dum,
340 404 441 434 cum
475 386 704 433 hominem
737 386 789 433 de
816 386 912 433 luto
941 387 1137 447 primum
1169 388 1350 447 quanvis
1381 387 1435 434 ad
1461 386 1652 447 effigiem
1683 387 1995 435 moderantum

186 469 345 502 cuncta
362 454 563 510 deorum,
583 469 631 501 ut
651 455 709 501 ait
726 459 884 510 Naso,e
905 454 1078 501 finxisse
1099 454 1361 511 fabulantur,
1383 455 1731 516 Pandoramque,
1751 455 1996 516 opitulante

184 523 390 570 Minerva
407 537 448 570 et
466 521 607 570 facula
623 522 675 570 de
691 522 794 570 solis
813 540 998 583 corpore
1019 537 1153 584 rapta,
1171 522 1350 570 flamma
1367 524 1553 571 inertem
1568 524 1688 584 prius
1708 522 1997 586 frigidamque

184 606 388 647 statuam,
423 592 569 638 anima
600 590 757 638 deinde
789 591 994 648 immissa,
1029 589 1195 638 vivam⁷
1227 592 1482 652 rationeque
1514 606 1714 639 utentem
1745 591 1994 640 reddidisse.

186 659 298 707 Illud
318 660 451 706 etiam
475 659 618 706 multo
640 659 866 706 absurdius
891 659 1000 706 mihi
1021 659 1159 707 videri
1178 659 1302 716 solet,
1325 659 1377 707 de
1398 659 1574 707 Pirrhae
1596 678 1676 708 nos
1696 660 1995 708 Deucalionis-

185 746 269 789 que
297 727 514 788 lapidibus
544 745 631 775 esse
659 742 899 788 generatos.
928 732 1048 775 Nam
1078 728 1239 775 robora
1266 728 1444 789 quidem
1473 743 1514 776 et
1540 743 1720 776 truncos
1746 747 1994 790 procreasse

186 796 403 852 homines,
425 797 608 843 minime
625 797 819 857 putarim
836 811 989 857 poetas
1005 814 1181 857 quoque
1200 797 1315 857 ipsos
1336 796 1380 844 id
1396 798 1673 854 existimasse,
1691 797 1767 844 sed
1782 797 1994 845 incultam

185 864 293 911 olim
314 882 470 911 eorum
490 865 628 911 vitam
645 865 736 911 sine
757 863 858 920 lare,
876 865 967 911 sine
989 864 1140 921 domo,
1159 882 1240 925 per
1254 864 1379 912 silvas
1397 865 1556 926 passim
1576 865 1819 926 significare
1837 865 1995 913 voluis-

183 951 240 980 se.
262 937 325 980 Ita
344 951 446 980 cum
469 951 490 980 e
512 933 691 989 truncis,
715 951 825 993 quos
844 951 928 994 pro
948 933 1073 980 tectis
1092 947 1246 980 contra
1265 934 1355 980 vim
1378 948 1419 980 et
1440 934 1747 995 intemperiem
1768 948 1999 982 uterentur

183 1002 306 1058 aeris,
325 1000 433 1049 nudi
452 1001 689 1062 aliquando
710 1016 752 1049 et
770 1001 938 1049 horridi
958 1001 1278 1062 egrederentur,
1296 1020 1468 1050 causam
1486 1001 1651 1050 dedisse
1669 1003 1849 1050 Graecis
1864 1003 1994 1064 scrip-

183 1070 354 1118 toribus
383 1069 668 1131 confingendi
695 1069 872 1118 fabulas.
902 1071 1109 1132 Aegyptii
1137 1089 1326 1132 quoque,
1355 1071 1433 1118 etsi
1458 1070 1518 1118 illi
1546 1070 1724 1132 quidem
1751 1071 1890 1119 multa
1911 1071 1993 1119 sibi

183 1153 402 1199 arrogant,
424 1138 533 1185 nihil
557 1138 667 1185 mihi
687 1139 878 1199 probant
903 1140 978 1200 qui
998 1153 1199 1186 naturam
1220 1140 1357 1200 ipsam
1380 1139 1756 1200 quemadmodum
1779 1154 1923 1188 cetera
1941 1158 1994 1188 ex

183 1207 470 1267 corruptione
498 1206 739 1253 humorum
767 1206 1014 1267 protulisse,
1042 1225 1094 1254 ex
1118 1222 1233 1254 terra
1256 1207 1484 1254 hominem
1512 1226 1687 1268 quoque
1711 1222 1993 1268 putaverunt3

183 1293 325 1336 neque
344 1275 479 1335 magis
498 1275 543 1321 in
563 1274 817 1322 hominibus
838 1274 1077 1322 elaborasse
1097 1290 1298 1323 naturam
1315 1290 1387 1323 aut
1406 1276 1619 1323 maiorem
1637 1275 1881 1324 adhibuisse
1902 1275 1994 1324 dili-

181 1344 375 1404 gentiam
394 1361 526 1404 quam
546 1344 591 1389 in
611 1343 808 1390 muribus
828 1358 901 1390 aut
918 1343 1192 1391 stellionibus
1210 1343 1504 1405 procreandis.
1527 1343 1720 1392 ‘Animal
1740 1345 1859 1392 enim
1878 1343 1991 1402 hoc,'

182 1426 230 1459 ut
249 1411 565 1472 elegantissime
586 1412 747 1459 Cicero
764 1412 906 1472 inquit
926 1413 971 1458 in
988 1412 1108 1459 libris
1124 1415 1191 1459 De
1207 1406 1391 1473 legibus}
1405 1412 1670 1473 ‘providum,
1690 1431 1830 1473 sagax,
1847 1412 1991 1461 multi-

180 1479 296 1540 plex,
325 1494 518 1536 acutum,
547 1498 734 1536 memor,
761 1479 943 1541 plenum
974 1481 1154 1527 rationis
1181 1495 1222 1527 et
1247 1480 1430 1537 consilii,
1460 1499 1591 1541 quem
1617 1499 1825 1528 vocamus
1853 1480 1992 1528 homi-

182 1566 300 1604 nem,
321 1548 543 1609 praeclara
563 1548 751 1609 quadam
774 1548 1036 1596 condicione
1057 1563 1311 1609 generatum
1334 1567 1421 1596 esse
1444 1567 1467 1596 a
1486 1567 1694 1610 supremo
1718 1549 1815 1597 deo.
1837 1549 1990 1597 Solum

182 1631 244 1663 est
272 1617 391 1663 enim
418 1634 470 1663 ex
496 1631 563 1663 tot
591 1617 883 1664 animantium
910 1617 1138 1677 generibus
1167 1635 1215 1664 ac
1239 1618 1403 1664 naturis
1427 1618 1644 1678 particeps
1670 1618 1864 1674 rationis,
1892 1635 1994 1665 cum

182 1699 326 1732 cetera
346 1685 432 1732 sint
460 1685 611 1732 omnia
636 1685 858 1745 expertia?
885 1688 1032 1745 Atque
1058 1686 1117 1732 ita
1138 1686 1229 1732 sine
1255 1684 1529 1733 dubitatione
1553 1703 1707 1733 verum
1733 1685 1924 1733 arbitror
1946 1686 1993 1732 in

181 1752 379 1800 creandis
396 1753 524 1800 rebus
542 1767 671 1814 atque
689 1753 984 1801 animantibus
1000 1754 1280 1815 praecipuam
1299 1753 1426 1801 fuisse
1446 1753 1630 1801 deorum
1649 1771 1798 1802 curam
1813 1768 1862 1802 ut
1881 1772 1991 1815 quos

181 1821 236 1869 ad
253 1822 319 1869 sui
340 1821 676 1869 similitudinem
699 1821 957 1879 formarent,
978 1823 1195 1870 exactiore
1215 1837 1343 1884 atque
1362 1822 1669 1870 excellentiore
1689 1822 1891 1880 artificio,
1911 1823 1991 1871 etsi

181 1890 305 1937 nullo
325 1891 502 1950 penitus
520 1890 669 1937 labore
690 1905 738 1937 ut
758 1905 1051 1938 cetera—nam
1071 1892 1159 1951 ipse
1179 1891 1287 1938 dixit
1307 1905 1349 1938 et
1366 1890 1479 1938 facta
1492 1891 1846 1938 sunt—homines
1868 1890 1992 1938 effin-

179 1972 398 2018 gerentur.
422 1961 573 2017 Quare
595 1972 636 2005 et
655 1958 882 2018 loquimur
904 1973 945 2005 et
968 1959 1136 2006 ratione
1157 1958 1211 2006 ad
1228 1959 1320 2005 veri
1340 1958 1763 2019 contemplationem
1786 1958 1987 2006 deorum-

181 2044 265 2086 que
283 2027 480 2087 ipsorum
502 2041 703 2073 naturam
722 2027 1079 2087 maiestatemque
1094 2026 1175 2074 soli
1193 2044 1245 2074 ex
1261 2026 1467 2074 omnibus
1484 2026 1782 2087 perducimur,
1801 2041 1991 2074 tantum-

181 2112 264 2154 que
283 2095 436 2141 ceteris
449 2109 667 2155 praestare
682 2094 977 2141 animantibus
995 2094 1198 2142 videmur
1213 2109 1261 2142 ut
1278 2094 1457 2142 difficile
1472 2095 1540 2151 sit,
1556 2095 1591 2142 si
1609 2113 1701 2142 non
1718 2094 1913 2142 divinam
1931 2094 1989 2142 ob

180 2180 441 2223 corpoream
461 2177 502 2210 et
517 2177 736 2210 terrenam
752 2162 910 2219 labem,
929 2177 970 2210 at
987 2177 1101 2210 certe
1117 2181 1208 2210 non
1226 2163 1459 2210 mortalem
1477 2164 1664 2210 omnino
1682 2178 1883 2211 naturam
1900 2181 1988 2211 esse

181 2230 363 2278 humani
389 2232 557 2291 generis
584 2249 676 2278 non
700 2231 946 2278 existimare
970 2249 1018 2278 ac
1037 2250 1121 2292 pro
1145 2246 1266 2279 certo
1290 2231 1459 2279 habere.
1485 2231 1624 2291 Quod
1648 2249 1802 2279 eorum
1827 2249 1987 2279 munus

180 2300 259 2346 etsi
289 2299 496 2346 omnibus
529 2300 776 2360 aequissimi
808 2299 867 2346 dii
896 2318 1030 2360 aeque
1058 2300 1270 2360 impertiti
1298 2314 1413 2356 sunt,
1444 2298 1514 2347 fit8
1544 2314 1693 2347 tamen
1721 2300 1868 2347 nescio
1899 2318 1989 2361 quo

180 2367 319 2414 modo
346 2382 408 2423 ut,
437 2367 678 2415 iacentibus
707 2386 754 2415 ac
780 2367 868 2415 fere
896 2382 1097 2415 naturam
1124 2367 1361 2415 humanam
1389 2368 1606 2429 plerisque
1635 2367 1986 2429 depravantibus,

179 2435 290 2482 adeo
308 2454 397 2482 sese
419 2435 605 2482 efferant
624 2433 828 2482 nonnulli
850 2450 897 2483 ut
919 2451 1082 2496 quanta
1100 2437 1215 2483 inter
1232 2436 1360 2483 bruta
1380 2437 1635 2497 rationeque
1655 2436 1846 2483 carentia
1862 2450 1992 2497 atque

180 2503 383 2551 homines
415 2503 666 2551 differentia
692 2518 768 2560 est,
798 2518 971 2551 tantum
1002 2503 1045 2550 hi
1075 2504 1307 2552 videantur
1333 2505 1486 2552 ceteris
1513 2505 1637 2551 omni
1667 2522 1823 2565 genere
1850 2503 1989 2552 laudis

177 2573 380 2633 vitaeque
403 2573 675 2619 ornamentis
700 2572 969 2620 antecellere.
994 2572 1133 2632 Quod
1154 2573 1188 2620 si
1213 2573 1363 2620 omnia
1386 2572 1564 2634 quidem
1588 2572 1717 2620 debet
1740 2572 1984 2620 humanum

177 2659 312 2700 genus
330 2655 516 2701 propter
534 2655 602 2688 tot
621 2655 828 2701 tantaque
847 2641 927 2688 diis
948 2641 1270 2688 immortalibus
1291 2640 1517 2697 beneficia,
1537 2640 1643 2701 quid
1660 2640 1712 2688 de
1730 2655 1787 2697 te,
1806 2644 1984 2697 Cosme,

178 2708 416 2755 dicendum
437 2723 513 2764 est,
535 2709 610 2768 qui
631 2708 758 2755 rebus
780 2708 844 2755 his
866 2708 1072 2755 omnibus
1096 2726 1204 2769 quae
1224 2708 1498 2769 appellantur
1517 2708 1635 2755 bona
1656 2707 1779 2755 facile
1796 2722 1987 2768 praestas

178 2777 346 2832 ceteris,
368 2777 530 2836 quique
550 2777 713 2823 virtute
731 2794 780 2823 ac
797 2777 1008 2836 sapientia
1027 2791 1114 2832 tua,
1135 2794 1243 2837 quae
1263 2791 1363 2823 sunt
1384 2776 1570 2823 deorum
1591 2793 1786 2832 munera,
1808 2793 1986 2836 exuper-

178 2845 258 2891 asti
276 2844 511 2891 hominum
532 2846 755 2891 naturam?
771 2845 872 2891 Nisi
889 2859 931 2891 te
948 2845 1121 2891 intuens
1139 2844 1297 2891 rubore
1315 2843 1507 2905 quodam
1525 2843 1774 2904 impedirer,
1793 2844 1882 2904 ipse
1900 2844 1987 2890 iam

178 2930 226 2959 ac
242 2911 527 2959 libentissime
546 2912 725 2973 quidem
742 2913 970 2973 aperirem,
987 2930 1237 2973 quanquam
1256 2911 1365 2959 adeo
1380 2926 1486 2959 nota
1501 2911 1682 2959 felicitas
1694 2926 1769 2958 tua
1784 2925 1861 2968 est,
1877 2910 1987 2958 adeo

258 3141 270 3154 ε
289 3136 399 3174 Ovid.
416 3140 496 3175 Met.
518 3140 600 3181 I‚83.

258 3188 337 3231 fDe
354 3194 414 3241 leg.
435 3195 580 3238 1.vii‚22.
