2086 3444
122 160 296 194 POEMS
1826 157 1917 198 445

242 301 341 344 Nec
361 312 430 344 tot
452 314 544 344 non
567 296 670 344 felix
691 297 1011 357 Erysichthone
1036 312 1137 345 nata
1156 297 1313 359 figuras

242 369 399 412 Fertur
419 365 545 412 inisse
568 382 704 412 novas
725 364 950 426 alienaque
971 365 1170 413 membra
1191 365 1350 422 tulisse,
1740 382 1802 414 765

241 435 370 492 Quot
394 447 548 480 natura
570 432 728 480 modos
751 447 891 480 mater
910 433 1168 481 mortalibus
1192 434 1281 495 ipsa

240 500 388 548 Edidit
410 515 452 548 et
473 500 616 548 colere
638 515 680 548 et
698 500 948 562 plantarum
970 516 1139 549 vertere
1159 501 1335 549 formas.

239 568 479 629 Digredior
498 568 677 616 tandem
699 583 741 616 et
762 568 894 616 fessus
915 569 1154 630 spectando
1175 571 1333 631 quievi.

323 637 442 683 Finis
464 636 583 683 Libri
606 637 754 684 Primi.

238 771 472 818 —Secundi
495 771 615 818 Libri
634 772 952 832 principium—
1738 790 1801 820 770

239 839 391 886 Altera
408 857 508 900 pars
530 840 669 886 nostri
692 854 837 896 restat,
857 840 1094 900 Populane,
1118 840 1290 888 laboris.

237 910 374 954 Nunc
396 922 454 963 te,
476 907 643 954 Bacche
660 922 799 968 pater,
820 922 950 968 teque
970 926 999 955 o
1020 909 1183 955 invicta
1202 909 1406 956 Minerva

237 974 477 1035 Expediam
500 989 543 1022 et
563 976 673 1022 vites
693 975 922 1037 oleamque
944 991 1209 1037 cruentaque
1230 995 1366 1024 mora.

236 1044 354 1089 Tum
376 1042 482 1090 telas
502 1058 700 1103 artesque
721 1061 856 1091 novas
879 1061 994 1091 nova
1014 1043 1089 1091 fila
1109 1059 1316 1101 retexam,

235 1111 371 1157 Nisus
396 1111 440 1156 in
463 1111 634 1171 exiguo;
656 1111 732 1158 sed
751 1112 786 1158 si
809 1111 918 1158 mihi
941 1111 1104 1159 faustus
1126 1112 1292 1173 Apollo
1736 1130 1798 1160 775

235 1179 456 1225 Annuerit
479 1193 659 1226 tenuem
682 1196 762 1226 nec
782 1178 1013 1255 dedignata
1031 1179 1227 1227 laborem

235 1246 447 1293 Carmina
469 1246 669 1308 Calliope
692 1247 928 1304 comitarit‚
949 1247 1087 1295 laudis
1109 1263 1308 1309 egentem

234 1315 435 1362 Forsitan
458 1314 575 1362 haud
595 1315 741 1362 videas
761 1315 866 1363 tales
887 1333 968 1363 nec
987 1317 1198 1377 spreveris
1220 1335 1357 1364 ausus.

233 1386 300 1428 En
322 1400 404 1442 ego
424 1382 687 1430 coelicolum
712 1383 849 1430 modo
871 1384 1014 1431 dicere
1034 1384 1152 1431 dona
1172 1385 1362 1432 duorum

234 1450 492 1510 Aggredior3
514 1450 763 1498 veneranda
782 1452 896 1498 Iovis
918 1453 1064 1512 magni
1085 1467 1268 1513 utraque
1287 1453 1447 1513 proles,
1734 1470 1797 1500 780

232 1517 316 1564 Sed
336 1518 477 1578 capite
498 1533 595 1565 orta
613 1519 749 1579 patris
769 1518 918 1575 Pallas,
939 1519 1015 1566 sed
1035 1519 1197 1567 femine
1219 1520 1360 1567 Liber.

233 1586 445 1632 Carmina
464 1587 609 1647 prima
627 1587 739 1647 petit
761 1587 967 1644 Bacchus;
989 1587 1087 1635 date
1108 1589 1301 1636 carmina
1322 1589 1508 1646 Baccho,

232 1653 436 1710 Pierides,
458 1672 539 1701 nec
560 1658 754 1701 Leneum
776 1669 942 1702 tentate
961 1654 1171 1703 favorem:

231 1725 439 1783 Namque
459 1722 571 1769 solet
591 1737 761 1783 spretus
783 1723 938 1784 rigidas
959 1742 1164 1785 exurgere
1186 1725 1231 1771 in
1254 1726 1336 1773 iras

230 1789 544 1851 Vindictasque
565 1791 724 1851 agitare
745 1809 880 1839 novas
900 1793 1180 1854 pretiumque
1203 1792 1375 1841 referre.
1731 1810 1793 1841 785

230 1861 354 1905 Dum
375 1873 544 1919 peteret
563 1863 744 1916 Naxon,
767 1875 923 1907 nautae
943 1861 990 1907 in
1011 1862 1230 1909 contraria
1249 1877 1427 1910 vertunt

229 1926 351 1982 Vela;
374 1926 501 1974 dolos
521 1928 799 1988 sensit—quis
823 1927 969 1976 fallere
990 1930 1172 1977 numina
1195 1930 1341 1978 credat

229 1997 358 2041 Posse
382 1994 597 2051 deum?—;
622 1995 771 2056 dignas
790 1996 954 2057 pendet
975 1996 1143 2045 fallacia
1159 2016 1335 2059 poenas.

229 2065 316 2109 Pro
337 2077 427 2110 rate
446 2078 611 2124 pontus
635 2063 780 2121 habet,
800 2064 959 2112 ludunt
982 2065 1208 2127 delphines
1230 2067 1275 2113 in
1297 2067 1439 2124 undis,

229 2131 322 2190 Qui
345 2145 658 2192 tempestatum
679 2151 855 2194 quoque
877 2134 938 2180 sic
959 2134 1117 2181 instare
1137 2135 1298 2196 pericla
1729 2152 1793 2183 790

227 2199 421 2258 Signant,
445 2217 563 2246 nunc
585 2201 717 2247 etiam
738 2202 896 2248 veteris
915 2203 1203 2250 monimenta.
1221 2242 1229 2250 .
1248 2242 1256 2250 .

227 2266 465 2323 Minoides‚
488 2267 595 2314 dum
617 2286 736 2315 sacra
755 2268 855 2316 colo
877 2269 1096 2330 telamque
1116 2271 1359 2327 Minervae,

228 2334 479 2394 Impediunt
501 2336 664 2396 striges:
688 2336 875 2384 volitant
898 2338 1124 2399 nigrasque
1145 2356 1225 2399 per
1244 2357 1367 2386 auras

226 2405 487 2450 Nocturnae
508 2403 708 2451 volucres
728 2422 812 2465 pro
833 2405 976 2452 verbis
997 2405 1121 2453 sibila
1142 2406 1346 2463 reddunt,

225 2469 416 2517 Stridula
435 2488 653 2518 vanorum
676 2472 902 2533 quondam
925 2474 1200 2522 monimenta
1222 2474 1436 2523 furorum.
1727 2492 1788 2523 795
