2118 3444
122 181 305 214 EssAYs
1826 173 1912 214 281

123 319 261 365 inerat
278 332 326 364 ut
345 318 534 364 nesciam
551 334 605 364 an
623 317 794 364 miseria
811 317 958 377 potius
977 334 1109 377 quam
1126 316 1306 364 felicitas
1322 316 1393 363 illa
1411 334 1507 364 mea
1524 317 1816 378 nuncupanda
1835 317 1923 364 fue-

123 386 191 432 rit.
216 389 282 431 En
307 384 487 431 tandem
510 384 630 431 vides
652 398 865 445 quantum
893 383 1001 430 mihi
1025 384 1215 431 vulneris
1239 383 1417 431 fortuna
1440 383 1664 440 inflixerit,
1687 402 1741 431 eo
1764 386 1922 432 amisso

123 452 219 499 filio
247 453 322 513 qui
349 467 391 499 et
417 452 652 499 senectutis
678 466 768 499 erat
795 466 836 499 et
864 452 999 499 totius
1027 451 1214 499 familiae
1242 469 1291 499 ac
1316 451 1537 512 dignitatis
1565 470 1685 499 meae
1714 470 1921 513 magnum

122 520 329 568 columen
347 537 396 567 ac
410 537 548 580 paene
566 520 866 567 necessarium.
888 519 1012 578 Quid
1031 520 1148 566 enim
1168 537 1248 580 ego
1266 519 1351 567 hoc
1370 521 1520 567 aetatis
1537 519 1708 581 hocque
1725 520 1924 567 valitudi-

123 589 208 635 nis?
232 587 358 647 Quid
378 587 487 635 alter
504 587 620 635 filius
641 588 700 634 ita
718 587 884 644 debilis,
907 588 1051 648 itaque
1070 587 1286 648 podagrae
1308 587 1571 635 hereditario
1590 589 1729 648 gentis
1749 603 1922 636 nostrae

122 656 283 703 morbo
308 655 555 703 confectus?
577 655 716 714 Quid,
741 656 934 716 inquam,
960 656 1004 702 in
1028 656 1118 703 vita
1137 673 1323 716 agemus,
1349 656 1423 716 qui
1445 657 1579 703 simus
1602 671 1644 703 et
1667 656 1794 704 nobis
1821 657 1921 717 ipsis

121 738 163 770 et
186 724 339 770 ceteris
359 724 434 783 qui
455 741 479 770 a
499 715 627 770 nobis
652 722 841 783 aliquam
863 722 1042 770 fortasse
1065 738 1294 784 expectant
1317 741 1447 784 opem
1469 724 1644 784 penitus
1667 724 1861 771 inutiles?
1886 729 1923 771 Is

120 809 241 847 vero,
263 791 338 851 qui
360 805 401 838 et
422 790 549 838 nobis
573 805 615 838 et
634 791 783 838 amicis
806 808 966 851 magno
988 805 1030 838 et
1051 806 1315 838 ornamento
1336 806 1378 838 et
1399 791 1656 839 adiumento
1677 807 1782 848 erat,
1803 810 1881 839 cur
1900 810 1922 839 e

119 859 210 906 vita
226 859 448 920 migravit?
469 858 676 906 Profecto
693 873 765 906 aut
783 859 898 906 caeci
914 859 1101 906 omnino
1121 877 1270 907 sumus
1290 877 1370 907 nec
1386 859 1493 921 quid
1509 859 1679 907 bonum
1701 861 1746 907 in
1764 861 1854 908 vita
1868 861 1923 908 sit

119 927 332 984 videmus,
356 942 429 974 aut
451 942 567 975 certe
589 928 744 975 misera
763 927 1004 975 admodum
1029 927 1262 975 hominum
1286 929 1376 975 vita
1396 943 1472 985 est,
1495 946 1603 989 quae
1625 943 1693 976 tot
1715 928 1922 976 fluctibus

118 995 407 1056 procellisque
438 996 623 1042 iactetur
649 1013 728 1042 nec
755 996 990 1043 stationem
1018 1014 1213 1056 unquam
1243 997 1289 1042 in
1318 1014 1403 1057 qua
1429 996 1497 1043 vel
1524 996 1751 1057 paululum
1785 997 1923 1044 modo

119 1064 399 1124 conquiescat
422 1064 723 1111 nanciscatur.’

204 1135 327 1178 Haec
345 1149 446 1178 cum
466 1131 640 1178 dixisset
658 1131 995 1192 protulissetque
1015 1132 1069 1179 ad
1083 1147 1310 1192 posterum
1331 1150 1492 1193 magno
1510 1151 1611 1180 cum
1630 1134 1817 1194 suspirio
1838 1152 1925 1180 car-

119 1200 239 1246 mina
262 1199 333 1246 illa
354 1217 407 1246 ex
428 1199 639 1246 Hecuba:t

320 1302 589 1362 Quicunque
613 1319 747 1362 regno
770 1301 867 1349 fidit
890 1317 931 1349 et
953 1320 1109 1363 magna
1127 1317 1285 1363 potens

319 1370 592 1417 Dominatur
613 1369 709 1417 aula
730 1388 810 1417 nec
830 1370 945 1417 leves
966 1371 1122 1418 metuit
1145 1370 1249 1418 deos

319 1439 623 1498 Animumque
648 1438 775 1485 rebus
797 1438 1023 1486 credulum
1046 1438 1167 1486 laetis
1188 1439 1322 1496 dedit,

318 1509 395 1552 Me
414 1505 559 1552 videat
581 1520 622 1552 et
643 1520 700 1562 te,
721 1507 868 1562 Troia,

116 1606 296 1653 tandem
316 1621 482 1667 postea,
506 1606 631 1654 vultu
654 1607 699 1653 in
722 1622 883 1654 terram
904 1607 1115 1655 inclinato
1137 1608 1359 1669 oculisque
1383 1608 1604 1666 occlausis,
1629 1610 1855 1657 conticuit.

202 1677 451 1722 ‹SCALA.›
471 1679 532 1722 At
549 1693 630 1736 ego
646 1676 691 1721 in
709 1693 810 1723 meo
827 1676 1030 1723 instituto
1047 1694 1337 1737 perseverans,
1357 1678 1490 1734 ‘Etsi,’
1511 1678 1705 1738 inquam,
1725 1681 1918 1735 ‘Cosme,

117 1742 180 1790 fas
204 1743 278 1789 vix
305 1761 392 1790 esse
418 1758 530 1804 puto
558 1743 701 1804 aliqua
728 1745 772 1790 in
801 1762 845 1791 re
872 1762 896 1791 a
922 1759 996 1792 tua
1022 1745 1232 1805 opinione
1262 1745 1501 1802 dissentire,
1530 1761 1679 1793 tamen
1708 1746 1815 1794 illud
1842 1747 1923 1794 tibi

117 1811 300 1858 minime
327 1813 631 1868 concesserim,
659 1830 751 1859 non
775 1830 901 1873 posse
930 1827 987 1869 te,
1014 1813 1151 1860 modo
1176 1813 1295 1870 velis,
1322 1814 1390 1861 vel
1415 1829 1638 1861 senectute
1662 1814 1730 1862 vel
1759 1815 1919 1862 morbo

118 1879 395 1939 impeditum,
418 1879 597 1927 utilitati
618 1898 772 1927 eorum
796 1882 871 1941 qui
892 1899 916 1928 a
934 1896 976 1928 te
998 1896 1227 1942 expectant
1249 1900 1380 1942 opem
1403 1900 1495 1929 non
1516 1882 1583 1929 vel
1606 1883 1763 1939 multo,
1789 1884 1921 1930 etiam

117 1946 271 1994 melius
292 1965 424 2007 quam
446 1948 600 1994 iunore
622 1963 760 1995 aetate
778 1966 827 1995 ac
845 1949 1091 1996 robustiore
1113 1949 1406 2010 pulcherrime
1428 1950 1666 1997 consulere.
1691 1955 1916 2011 Languent

116 2015 316 2062 membra
335 2030 564 2071 vetustate,
583 2015 760 2063 infirma
778 2031 879 2063 sunt
901 2016 959 2064 ob
980 2017 1200 2064 morbum.
1225 2022 1286 2065 At
1306 2036 1428 2065 mens
1450 2019 1540 2079 Ipsa
1559 2033 1634 2066 tua
1651 2019 1921 2066 divinissima

117 2083 315 2144 ratioque
334 2101 444 2144 quae
462 2098 529 2130 tot
547 2098 755 2145 tantaque
771 2084 980 2146 domique
999 2100 1041 2132 et
1058 2084 1164 2133 foris
1183 2101 1225 2133 et
1242 2101 1363 2133 tanta
1378 2105 1479 2134 cum
1497 2086 1635 2148 gloria
1652 2105 1701 2134 ac
1717 2087 1923 2135 felicitate

114 2152 256 2211 gessit,
285 2169 434 2199 nonne
463 2153 598 2212 viget?
625 2157 792 2200 Nonne
824 2154 868 2200 in
896 2153 986 2201 dies
1012 2155 1154 2201 maior
1181 2155 1311 2202 etiam
1340 2155 1725 2217 admirabiliorque
1754 2157 1919 2204 existit?

115 2218 227 2266 Illud
255 2219 460 2279 profecto
490 2238 644 2267 verum
677 2235 753 2276 est,
787 2221 908 2281 quod
939 2239 1031 2268 non
1062 2222 1293 2269 velocitate
1323 2238 1395 2270 aut
1427 2223 1592 2270 viribus
1625 2225 1822 2284 corporis
1856 2243 1922 2271 res

115 2304 295 2346 magnae
311 2302 535 2347 geruntur,
552 2288 628 2335 sed
643 2288 828 2335 consilio
846 2304 975 2350 atque
990 2291 1261 2337 auctoritate.
1278 2294 1352 2337 An
1369 2309 1501 2351 quem
1516 2291 1766 2352 pontifices,
1784 2310 1916 2352 quem

115 2354 414 2414 imperatores,
444 2373 575 2415 quem
603 2374 734 2416 reges,
761 2374 892 2417 quem
919 2356 1062 2413 duces,
1090 2376 1221 2418 quem
1246 2358 1401 2419 populi
1429 2360 1560 2406 etiam
1587 2359 1759 2407 barbari
1788 2360 1916 2408 rebus

113 2422 200 2469 suis
223 2422 366 2469 dubiis
391 2423 642 2470 consultum
667 2423 890 2481 adhibent,
913 2443 1004 2472 non
1026 2426 1190 2486 poterit
1211 2427 1297 2473 suis
1322 2445 1453 2487 opem
1477 2427 1806 2488 expectantibus
1827 2446 1918 2475 suc-

114 2507 286 2537 currere
311 2505 353 2537 et
378 2490 478 2538 dare
503 2491 757 2539 consilium?
786 2495 964 2540 Petrum
987 2511 1108 2550 vero,
1132 2493 1316 2541 alterum
1343 2494 1500 2551 filium,
1526 2495 1677 2556 gentili
1699 2496 1916 2557 podagrae

115 2558 276 2605 morbo
298 2573 355 2614 et,
375 2574 423 2606 ut
444 2574 492 2606 tu
513 2559 672 2616 dixisti,
697 2560 960 2608 hereditario
981 2562 1039 2608 ita
1058 2562 1324 2619 confectum,
1347 2564 1416 2610 cui
1435 2563 1503 2610 vel
1524 2581 1576 2610 ex
1598 2565 1757 2611 nostris
1778 2564 1845 2611 vel
1867 2583 1919 2611 ex

114 2626 304 2686 antiquis
327 2628 461 2687 magis
480 2627 710 2687 praeclaris
729 2629 831 2676 viris
853 2647 943 2676 non
966 2630 1126 2676 merito
1147 2631 1511 2691 comparabimus3
1536 2649 1667 2692 quem
1690 2633 1748 2679 ita
1767 2633 1852 2679 iam
1874 2647 1915 2679 et

114 2694 259 2740 omnis
286 2709 434 2741 nostra
456 2696 606 2742 civitas
629 2710 670 2742 et
691 2711 786 2743 tota
807 2696 927 2744 Italia
946 2697 1199 2754 admiratur,
1222 2713 1269 2745 ut
1290 2717 1391 2745 vere
1413 2700 1568 2746 Cosmi
1592 2699 1734 2746 filium
1760 2718 1914 2747 omnes

114 2762 363 2808 existiment
382 2780 431 2809 ac
444 2763 696 2822 praedicent
712 2781 852 2824 neque
871 2765 1015 2812 morbi
1034 2780 1221 2821 tantum,
1238 2766 1313 2813 sed
1329 2781 1370 2813 et
1386 2768 1620 2827 sapientiae
1637 2782 1679 2814 et
1695 2768 1916 2828 dignitatis

114 2843 212 2876 tuae
233 2830 523 2877 certissimum
546 2848 838 2878 successorem
863 2833 1276 2894 meritissimumque
1303 2834 1507 2881 heredem
1530 2838 1781 2882 autument?

197 2897 281 2944 Sed
312 2897 417 2945 haec
445 2898 636 2946 arbitror
664 2914 706 2946 te
735 2917 818 2960 pro
848 2915 1059 2961 perpetua
1087 2916 1161 2948 tua
1191 2916 1232 2948 et
1262 2903 1611 2950 constantissima
1644 2903 1915 2951 humanitate

114 2963 241 3011 fuisse
273 2964 486 3012 locutum.
521 2966 632 3013 Illud
660 2982 806 3013 autem
835 2986 887 3014 ex
916 2983 958 3015 te
986 2969 1077 3015 sine
1108 2969 1397 3016 admiratione
1427 2970 1614 3030 quadam
1645 2971 1793 3018 audire
1824 2989 1915 3018 non

193 3179 202 3195 ¹
219 3179 360 3221 Seneca,
383 3178 547 3222 Troiad&
569 3182 643 3217 1-4.
