2124 3464
137 181 368 216 PRIVATE
394 180 623 214 LETTERS
1888 170 1945 211 39

135 319 303 366 substat
329 319 431 365 satis
458 335 600 378 neque
627 317 773 377 indiga
799 317 894 377 opis
922 331 1151 363 extraneae
1175 313 1329 362 ultro²⁴
1357 330 1399 362 et
1424 330 1693 376 propagatur
1718 330 1760 362 et
1788 330 1951 375 regnat.

137 387 266 434 Adde
303 386 426 447 quod
463 383 695 433 Medices²⁵
732 386 821 446 ipse
860 402 915 432 eo
952 399 1014 431 est
1052 382 1265 440 iudicio‚²⁶
1305 398 1354 431 ut
1393 383 1501 430 nihil
1542 383 1697 431 habeat
1734 401 1846 444 opus
1884 383 1954 430 ad-

136 456 327 503 ventitio
352 454 501 515 aliquo
527 450 822 501 testimonio²⁷
848 467 897 500 ut
923 452 977 500 de
1001 452 1156 499 litteris
1182 450 1332 499 recte²⁸
1360 451 1582 499 diiudicet.
1609 454 1780 499 Tamen
1805 469 1952 511 geram

135 523 218 571 tibi
238 540 412 570 morem
434 537 476 569 et
496 521 677 583 quidem
698 521 842 568 multo
863 520 1018 568 melius
1040 538 1142 567 cum
1163 520 1323 581 legero,
1345 520 1467 581 quod
1488 519 1693 580 equidem
1714 519 1831 567 dabo
1851 537 1951 580 ope-

136 609 230 639 ram
252 589 337 638 ut²9
359 590 548 638 scribam
572 589 627 637 ad
646 604 689 637 te
707 604 861 650 postea
882 588 1089 636 omnibus
1114 588 1167 636 de
1189 588 1316 636 rebus
1339 588 1613 635 cumulatius.
1638 588 1759 635 Vale.

1019 731 1071 773 45

485 803 564 842 ΤΟ
587 803 958 842 SACRAMORO
981 803 1327 841 SACRAMORI
1348 803 1414 841 IN
1436 802 1604 841 ROME

766 870 855 911 n.d.
878 869 1156 923 [April-May
1179 872 1323 918 1474]²

629 968 719 1013 Bor,
738 964 805 1005 fol.
825 967 930 1004 2r—v.
949 966 1079 1017 Paper.
1098 963 1325 1016 Autograph
1345 963 1456 1004 draft.

133 1073 396 1117 Sacramoro
417 1063 802 1130 prothonotario.b
824 1072 1069 1115 Succenseo
1091 1068 1173 1115 tibi
1195 1086 1289 1115 non
1313 1067 1435 1128 quod
1456 1067 1623 1115 litteras
1644 1085 1762 1114 meas
1783 1067 1954 1114 latitare

132 1156 282 1199 passus
306 1138 375 1194 sis,
400 1137 477 1185 sed
498 1137 567 1185 vel
591 1137 736 1185 multo
761 1137 895 1197 magis
920 1136 1042 1198 quod
1064 1137 1331 1184 Novariensi
1355 1143 1474 1184 meoc
1500 1154 1592 1183 non
1617 1135 1954 1183 commendave-

135 1206 208 1254 ris¹
235 1221 309 1254 aut
334 1221 466 1263 certe,
490 1207 525 1253 si
551 1206 596 1253 id
621 1205 787 1253 factum
812 1224 836 1253 a
859 1220 902 1253 te
927 1203 1021 1262 est‚²
1047 1223 1139 1252 non
1163 1203 1490 1266 significaveris³
1518 1204 1640 1266 quod
1665 1223 1747 1265 ego
1770 1223 1949 1252 summo

135 1275 331 1336 quodam
349 1274 567 1322 desiderio
582 1275 808 1335 expectavi
822 1274 937 1321 binis
954 1273 1122 1321 litteris.
1138 1275 1287 1321 Maior
1301 1291 1408 1321 vero
1425 1274 1509 1320 isto
1524 1288 1605 1320 tuo
1623 1291 1744 1320 novo
1758 1273 1955 1320 sacerdo-

134 1344 200 1391 tio
219 1343 359 1391 factus
379 1361 422 1390 es
442 1361 576 1404 quam
595 1361 686 1404 quo
707 1343 837 1390 amici
856 1343 922 1390 uti
938 1343 1121 1403 possint.
1145 1343 1404 1389 Memineris
1426 1341 1695 1389 conditionis
1719 1341 1949 1389 humanae.

133 1416 268 1473 Saepe
285 1430 419 1473 quem
436 1412 682 1473 despexeris
698 1429 818 1458 casus
837 1410 939 1458 facit
954 1426 1002 1458 ut
1020 1412 1110 1458 eius
1127 1429 1308 1472 operam
1326 1411 1547 1472 implores.
1569 1410 1852 1471 Conspimbo
1872 1428 1953 1471 ego

134 1499 237 1528 curn
262 1474 607 1528 Tommacello.d
632 1484 670 1527 Is
694 1479 838 1527 multo
863 1495 926 1527 est
951 1498 1084 1541 quam
1107 1479 1243 1527 soleat
1268 1480 1314 1526 in
1339 1497 1410 1527 me
1434 1479 1679 1540 benignior.
1707 1481 1804 1526 Tua
1827 1497 1954 1526 causa

134 1549 241 1597 dicit
259 1549 517 1597 alieniorem
540 1549 615 1596 diu
635 1567 659 1596 a
678 1567 748 1596 me
770 1548 968 1596 habuisse
990 1549 1202 1605 animum,
1226 1548 1348 1610 quod
1367 1563 1462 1596 tuas
1482 1549 1521 1595 ei
1539 1549 1622 1595 sim
1642 1549 1758 1595 visus
1778 1566 1954 1609 semper

132 1633 279 1680 partes
296 1617 530 1679 praeferre.
549 1622 732 1665 Mereor
748 1632 796 1665 ut
815 1617 985 1665 litterae
1003 1617 1188 1665 lateant?
1205 1621 1387 1665 Mereor
1404 1618 1464 1665 ita
1481 1616 1638 1678 negligi
1659 1632 1702 1664 et
1721 1635 1814 1664 non
1834 1635 1952 1664 com—

134 1687 335 1735 mendari
354 1705 456 1734 cum
479 1687 524 1734 id
542 1705 566 1734 a
583 1702 626 1734 te
642 1701 750 1748 peto
770 1702 1014 1748 tantopere.
1034 1687 1234 1734 Marinus
1253 1686 1487 1734 ulciscetur
1503 1687 1538 1734 si
1557 1686 1664 1734 volo
1683 1685 1953 1747 transfugere

134 1771 177 1803 et
194 1756 391 1803 deserere
410 1757 578 1816 ingrata
596 1770 747 1812 castra,
765 1755 842 1802 ubi
862 1756 994 1803 etiam
1013 1756 1102 1802 tiro
1120 1755 1303 1816 quilibet
1324 1755 1506 1802 meliore
1527 1755 1785 1802 conditione
1806 1754 1952 1802 fuerit.

134 1828 172 1871 Is
199 1842 308 1871 vero
335 1824 659 1880 decurionatus,
690 1822 1054 1880 centurionatus,⁴
1083 1821 1348 1871 tribunatus⁵
1377 1823 1672 1884 praefecturas
1697 1823 1807 1869 mihi
1837 1838 1953 1870 totas

132 1892 381 1953 pollicetur.
405 1891 620 1939 ‘Tandem
642 1892 840 1952 regnabis
859 1907 908 1939 tu
927 1895 1133 1948 mecum',
1157 1893 1313 1953 inquit,
1336 1891 1526 1953 ‘paribus
1545 1891 1665 1939 soliis
1686 1891 1949 1948 sedebimus,

131 1960 311 2022 paribus
337 1960 653 2022 imperabimus
680 1961 910 2022 auspiciis’‚
937 1975 986 2008 ut
1011 1960 1064 2008 de
1087 1964 1272 2008 Camese
1297 1975 1374 2008 ‹et›
1398 1965 1504 2008 Iano
1528 1960 1660 2008 tradit
1684 1961 1952 2021 antiquitas,‘

133 2030 335 2090 quamvis
363 2044 412 2077 ut
440 2047 521 2090 ego
549 2034 669 2086 Iano,
698 2029 769 2076 ille
796 2030 973 2077 Camesi
1001 2029 1188 2076 similior
1214 2030 1269 2077 sit
1296 2027 1465 2077 velim.⁶
1493 2029 1619 2088 Quid
1648 2047 1729 2090 ego
1755 2029 1837 2076 tibi
1865 2030 1951 2076 iam

133 2097 299 2145 dicam?
322 2099 366 2145 Si
386 2097 508 2145 voles
530 2099 595 2145 uti
619 2116 689 2145 me
711 2098 930 2159 deinceps,
955 2098 1183 2145 elatiorem
1205 2099 1412 2145 invenies.
1437 2097 1639 2145 Tandem
1661 2097 1953 2145 animadverti

134 2184 227 2213 non
255 2166 406 2213 haberi
431 2166 535 2213 fidei
562 2181 691 2227 atque
716 2166 953 2214 industriae
980 2184 1101 2214 meae
1127 2168 1345 2214 rationem
1370 2181 1412 2214 et
1437 2166 1557 2227 longi
1581 2167 1747 2214 servitii
1771 2167 1948 2227 periisse

133 2249 349 2295 tempora.
380 2234 567 2295 Aliquot
597 2234 660 2282 fui
688 2234 846 2282 dubius
874 2235 965 2282 dies
988 2235 1278 2296 perderemne
1303 2235 1401 2296 plus
1431 2235 1618 2282 chartae.
1644 2232 1832 2282 Verum⁷
1857 2253 1950 2281 non

131 2321 313 2364 possum
333 2321 426 2350 non
444 2321 617 2350 morem
633 2321 780 2364 gerere
796 2318 975 2350 naturae
990 2321 1124 2350 meae.
1141 2307 1253 2350 Non
1267 2321 1447 2364 possum
1468 2321 1561 2350 non
1576 2303 1769 2350 tribuere
1784 2304 1949 2364 primas

134 2372 179 2418 in
201 2372 394 2419 amicitia
414 2372 699 2419 constantiae.
721 2371 849 2418 Nihil
872 2373 991 2419 enim
1015 2371 1218 2428 arbitror,
1240 2390 1342 2419 cum
1365 2365 1576 2428 Platone,f
1593 2372 1792 2431 miserius
1816 2390 1949 2433 quam

133 2455 304 2487 mutare
326 2438 571 2501 amphias?
593 2440 669 2488 sed
690 2441 895 2501 coegeris,
920 2441 1001 2488 nisi
1023 2455 1072 2488 tu
1093 2456 1136 2488 te
1158 2442 1351 2488 mutaris.

219 2513 391 2555 Iocatus
421 2526 519 2555 sum
555 2508 765 2556 hactenus
799 2524 953 2556 nostro
987 2527 1125 2565 more,
1158 2510 1273 2556 serio
1307 2507 1457 2556 nunc.⁹
1492 2512 1562 2556 De
1595 2508 1772 2556 foedere
1805 2508 1951 2556 isthicg

133 2576 241 2636 quid
257 2591 410 2636 agatur
424 2577 533 2623 scire
551 2594 604 2623 ex
621 2591 664 2623 te
681 2577 827 2637 cupio,
848 2576 901 2623 de
918 2595 1008 2637 quo
1027 2577 1206 2637 quidem
1225 2577 1295 2624 hic
1314 2595 1394 2623 nos
1413 2595 1505 2623 non
1524 2576 1682 2623 eodem
1701 2576 1840 2623 modo
1857 2594 1950 2623 sen-

213 2801 226 2816 ²
244 2801 317 2836 For
331 2797 395 2836 the
411 2798 503 2843 date,
522 2812 579 2836 see
597 2798 703 2836 letter
717 2803 773 2843 44,
792 2811 879 2837 note
897 2798 940 2847 a).

212 2850 229 2875 b
247 2858 314 2894 On
330 2857 540 2900 Sacramori,
558 2871 615 2894 see
633 2856 754 2894 letters
771 2860 827 2900 25,
846 2869 933 2894 note
951 2856 982 2905 a)
1002 2856 1072 2895 and
1088 2860 1144 2901 40,
1164 2869 1250 2895 note
1267 2857 1310 2905 c).

214 2920 228 2934 ⁶
245 2916 433 2953 Giovanni
447 2915 700 2959 Arcimboldo,
722 2915 891 2953 Candinal
909 2915 950 2953 of
965 2919 1124 2953 Novara.

212 2968 230 2993 ‘¹
247 2975 393 3012 Marino
413 2974 620 3018 TomacellL
639 2974 862 3023 Neapolitan
878 2974 1104 3012 ambassador
1123 2976 1162 3012 in
1181 2974 1362 3019 Florence,
1378 2989 1436 3012 see
1453 2974 1559 3012 letter
1574 2978 1629 3018 22,
1649 2986 1736 3012 note
1753 2974 1797 3023 a).

214 3036 226 3050 ²
245 3032 304 3070 Cf.
323 3033 543 3077 Macrobius,
563 3035 701 3071 Sanam.
723 3036 845 3077 1,7‚19.

213 3084 225 3109 f
239 3093 321 3127 Not
337 3102 378 3127 to
398 3090 442 3128 be
458 3089 577 3128 found
593 3091 633 3127 in
651 3090 763 3128 Plato.

214 3153 229 3176 ‘
244 3148 322 3186 The
337 3148 458 3198 laegue
475 3149 640 3187 between
654 3150 798 3194 Venice,
817 3149 934 3187 Milan
947 3149 1018 3188 and
1034 3149 1216 3194 Florence,
1231 3149 1431 3188 concluded
1446 3164 1499 3187 on
1514 3153 1535 3186 2
1550 3149 1764 3187 November
1782 3153 1881 3193 1474,
1897 3163 1955 3186 see

134 3204 313 3246 Lorenzo,
330 3204 471 3246 Lettere,
490 3205 532 3246 Π,
550 3205 687 3240 485-90
706 3202 894 3250 (Excursm
914 3202 969 3251 Π)
