2098 3458
118 286 325 336 PART
365 288 385 335 Ι
1195 283 1537 334 PRIVATE
1579 283 1922 334 LETTERS

1015 790 1034 830 1

504 860 605 927 [To.
623 861 970 900 FRANCESCO
994 861 1229 899 FILELFO
1252 862 1318 899 IN
1336 861 1544 907 MILAN]

838 930 1057 976 [Autumn
1082 930 1205 976 1455]

409 1024 494 1070 Mo,
514 1021 581 1062 fol.
603 1024 656 1062 er.
675 1020 907 1074 Incomplete
930 1020 1137 1074 autograph
1158 1020 1267 1061 draft.
1289 1020 1352 1061 Cf.
1369 1020 1482 1069 Scala,
1507 1024 1551 1061 16
1569 1023 1634 1069 [7].

119 1166 127 1174 .
145 1166 154 1174 .
171 1166 179 1174 .
198 1166 206 1174 .
225 1131 347 1173 Nam
366 1141 408 1173 et
427 1144 508 1186 ego
525 1143 716 1186 quoque,
735 1126 770 1172 si
789 1126 884 1172 istic
901 1125 1108 1181 adessem,
1129 1125 1241 1172 hanc
1258 1124 1431 1186 culpam
1451 1125 1674 1186 deprecari
1692 1143 1784 1172 non
1803 1125 1929 1172 aude-

117 1213 224 1243 rem.
247 1195 373 1242 Novi
396 1195 515 1242 enim
538 1193 662 1241 illum
687 1194 732 1240 in
751 1194 900 1255 primo
922 1194 1104 1255 saepius,
1129 1194 1175 1240 in
1194 1193 1389 1241 secondo
1412 1211 1751 1254 nonnumquam
1777 1193 1932 1241 ordine

117 1281 205 1311 esse
235 1281 391 1310 eorum
424 1263 499 1323 qui
528 1262 763 1309 laudantur
792 1261 908 1323 apud
937 1261 1224 1309 Hesiodum.¹
1251 1261 1335 1309 Sed
1365 1261 1471 1309 haec
1498 1280 1595 1309 sum
1628 1263 1795 1309 iocatus
1826 1280 1928 1309 cum

115 1346 220 1379 utro
251 1349 306 1379 ue
337 1345 533 1379 vestrum
567 1345 721 1378 nostro
753 1348 890 1378 more.
922 1335 1059 1378 Nunc
1090 1331 1222 1378 venio
1255 1330 1309 1378 ad
1336 1331 1457 1378 seria.
1490 1330 1706 1378 Iohannes
1738 1330 1927 1377 Borrho-

117 1418 239 1448 meus
289 1399 491 1447 nondum
523 1400 706 1456 invenit,
736 1414 784 1446 ut
813 1400 902 1460 ipse
933 1398 1052 1456 dicit,
1082 1398 1339 1446 mulionem.
1374 1402 1492 1446 Cum
1521 1400 1717 1460 primum
1746 1399 1927 1460 poterit,

114 1486 313 1530 pannum
339 1469 464 1515 omni
488 1486 541 1515 ex
561 1482 685 1528 parte
703 1467 950 1528 perfectum
973 1467 1027 1515 ad
1046 1482 1088 1515 te
1110 1468 1256 1515 mittet
1277 1482 1484 1528 tenetque
1502 1467 1642 1528 probe
1667 1485 1863 1528 quonam
1886 1481 1928 1514 et

116 1554 312 1598 quonam
337 1550 470 1597 pacto
497 1535 758 1583 deferendus
783 1536 851 1583 sit.
880 1540 973 1596 Ipse
1001 1535 1055 1583 ad
1079 1550 1122 1582 te
1146 1550 1320 1583 tantum
1348 1535 1448 1583 dare
1474 1553 1517 1582 se
1543 1535 1653 1582 velle
1680 1535 1846 1582 litteras
1871 1534 1928 1582 af·

116 1604 278 1652 firmat.
298 1609 391 1665 Ego
410 1605 542 1665 igitur
560 1619 640 1652 tuo
659 1605 773 1651 iussu
793 1604 981 1651 scribam
1000 1605 1161 1660 Azoni,
1184 1603 1238 1651 ad
1255 1622 1387 1665 quem
1405 1603 1575 1651 litterae
1592 1618 1720 1651 erunt
1740 1622 1842 1651 cum
1862 1603 1928 1651 his

115 1674 213 1721 tuis.
235 1672 407 1720 Reddes
421 1691 523 1720 cum
542 1672 623 1720 tibi
640 1672 873 1720 videbitur.
893 1675 963 1720 De
980 1673 1189 1720 coccineo
1206 1672 1315 1719 nihil
1335 1673 1515 1720 invenio
1533 1672 1654 1733 quod
1673 1672 1781 1720 illud
1799 1687 1927 1720 tuum

116 1741 381 1803 exemplum.
408 1742 476 1789 Sic
501 1742 620 1789 enim
645 1742 763 1788 iuvat
788 1741 931 1788 dicere
953 1741 1075 1802 quod
1099 1755 1147 1788 tu
1170 1741 1442 1788 calmierium
1467 1740 1668 1802 appellas,
1694 1759 1748 1788 ne
1773 1755 1929 1802 aequet

116 1810 308 1871 quidem.
335 1811 378 1857 Si
402 1809 508 1870 quid
532 1809 736 1870 deinceps
760 1810 986 1866 invenero,
1012 1809 1168 1857 faciam
1191 1824 1233 1857 te
1256 1810 1404 1857 statim
1429 1810 1676 1857 certiorem.
1704 1809 1844 1869 Quod
1869 1824 1927 1856 at-

115 1879 226 1926 tinet
252 1877 306 1925 ad
328 1896 422 1925 rem
448 1892 660 1934 nostram,
687 1877 795 1924 nihil
822 1877 964 1925 adhuc
991 1877 1200 1925 habemus
1226 1892 1299 1925 aut
1325 1892 1593 1925 transactum
1618 1892 1691 1925 aut
1717 1878 1926 1925 constitu-

115 1961 225 1994 tum.
252 1946 377 2006 Quid
401 1945 601 1993 futurum
624 1946 677 1993 de
700 1964 744 1994 re
767 1947 946 1994 Vermia
968 1947 1036 2003 sit,
1062 1964 1326 2007 magnopere
1350 1953 1660 2007 expectamus.c
1682 1945 1927 2007 Magnifico

115 2008 308 2062 Comitid
345 2029 386 2062 et
423 2014 609 2062 Iohanni
647 2013 742 2062 filio
778 2014 1026 2076 Philelph00
1066 2014 1132 2062 fac
1166 2033 1298 2076 quam
1335 2014 1661 2076 diligentissime
1700 2033 1769 2061 me
1807 2033 1924 2062 com-

115 2083 308 2131 mendes.
331 2083 612 2131 Galimberto
631 2098 785 2131 nostro
806 2084 999 2144 itemque
1019 2083 1262 2144 Cambiago
1284 2083 1420 2131 dicito
1436 2083 1621 2131 salutem
1642 2084 1750 2131 meis
1769 2083 1925 2131 verbis.

194 2663 207 2677 ²
223 2660 380 2707 Hes.Op.
399 2662 535 2696 293—97
554 2658 704 2707 (cf.Livy
717 2658 778 2696 Ab
791 2659 875 2697 urbe
890 2659 1039 2703 condita,
1056 2659 1285 2708 22,29,7-11);
1305 2660 1415 2697 Arist.
1432 2659 1642 2697 Nichssthioe
1659 2659 1846 2703 i,4,1095b,
1867 2661 1925 2697 Pe—

112 2709 244 2755 trarch,
260 2712 316 2748 De
332 2713 423 2753 viris,
445 2710 564 2748 Fabius
580 2713 671 2755 Max,
691 2714 746 2749 ³5.

193 2763 209 2788 ¹³
222 2770 288 2806 On
299 2768 363 2806 the
377 2768 585 2807 Florentine
597 2770 783 2807 Giovanni
795 2772 1006 2813 Borromeo,
1019 2783 1075 2807 see
1089 2770 1193 2814 Scala,
1212 2773 1253 2807 16
1266 2773 1348 2816 [14],
1364 2782 1450 2807 note
1465 2774 1519 2808 54.
1535 2771 1721 2808 Giovanm'
1730 2769 1769 2807 di
1782 2769 1924 2818 Filippo

114 2823 314 2858 Borromeo
333 2835 404 2858 was
422 2820 485 2859 the
502 2835 573 2859 son
589 2821 630 2859 of
646 2821 771 2859 Scala's
789 2834 922 2870 patron
940 2823 980 2858 in
996 2821 1122 2866 Milan,
1141 2821 1232 2859 with
1249 2821 1376 2860 whom
1393 2822 1438 2860 he
1456 2821 1562 2866 lived,
1580 2821 1741 2871 possibly
1761 2836 1796 2859 as
1814 2834 1927 2866 tutor,

112 2872 173 2910 for
189 2887 209 2910 a
224 2887 310 2921 year
325 2872 423 2911 from
445 2877 612 2917 1454-55;
632 2873 676 2911 cf.
695 2886 782 2911 note
798 2873 834 2922 d)
855 2873 984 2911 below.

194 2936 208 2950 ⁶
224 2933 286 2969 See
302 2931 408 2969 letter
423 2935 456 2975 2,
475 2942 566 2970 note·
579 2932 622 2980 c).

193 2984 210 3008 ‘¹
232 2989 386 3038 Filippo,
409 2989 517 3028 eldest
537 3004 607 3028 son
628 2989 669 3028 of
690 2992 815 3028 Count
837 2990 1016 3028 Vitaliano
1040 2994 1251 3035 Borromeo,
1272 2990 1395 3028 whose
1415 2990 1477 3028 life
1499 3005 1570 3028 was
1593 2992 1740 3028 written
1759 2991 1807 3039 by
1829 2990 1926 3028 Scala

115 3041 210 3089 (Vua
230 3041 397 3079 Vitaliani
408 3041 639 3085 Borrhomaei,
656 3045 782 3086 Rome,
800 3042 911 3091 1677).
926 3042 1003 3080 The
1016 3042 1141 3091 family
1154 3042 1354 3091 originated
1364 3042 1461 3081 from
1477 3045 1652 3091 Tuscmy,
1667 3042 1732 3080 but
1744 3042 1925 3080 Vitaliano

113 3092 209 3131 took
228 3093 283 3131 his
303 3107 408 3131 name
426 3093 524 3131 from
546 3093 600 3132 his
620 3093 733 3132 wife’s
752 3094 912 3138 brother,
934 3095 1119 3132 Giovanni
1138 3098 1349 3139 Borromeo,
1369 3094 1455 3132 who
1476 3094 1620 3132 became
1641 3108 1661 3132 a
1679 3094 1867 3132 merchant
1887 3095 1926 3131 in

114 3146 232 3184 Milan
246 3146 337 3184 after
351 3147 457 3195 being
473 3146 588 3185 exiled
601 3146 699 3185 from
717 3147 887 3185 Florence
903 3149 942 3184 in
960 3151 1057 3192 1370,
1076 3147 1323 3186 G.Chittoli.ni
1337 3149 1377 3185 in
1388 3149 1478 3191 DBI,
1492 3162 1555 3191 s.v,·
1570 3147 1675 3192 Scala,
1697 3150 1806 3185 15-16
1821 3150 1926 3193 [6-7]ι

195 3209 208 3223 ²
226 3205 450 3242 Giammario
471 3204 609 3242 Filelfo.
