2118 3444
128 174 310 207 ESSAYS
1833 165 1923 206 283

129 328 199 357 ma
219 327 362 365 carne,
382 327 469 356 esse
489 308 736 369 profiterer.
758 312 917 369 Neque
936 309 1068 364 enim,
1091 323 1137 355 ut
1158 309 1215 355 ait
1236 308 1350 364 Iob,u
1371 308 1477 355 illud
1497 309 1677 355 unicum
1699 309 1934 369 patientiae

127 392 169 425 et
190 376 462 425 fortitudinis
483 377 527 423 in
548 377 677 424 sacris
696 376 851 423 litteris
871 376 1202 423 documentum:
1227 375 1475 423 ‘Fortitudo
1496 375 1690 437 lapidum
1714 375 1933 424 fortitudo

129 446 214 493 mei
236 460 312 492 est:
335 463 415 492 nec
437 462 538 492 caro
559 462 655 491 mea
677 462 820 491 aenea.
841 448 950 491 Ecce
973 462 1063 490 non
1086 459 1147 491 est
1168 444 1376 491 auxilium
1402 443 1511 490 mihi
1533 445 1577 490 in
1602 462 1670 491 me
1693 446 1933 491 necessarii-

127 531 211 574 que
234 513 320 560 mei
343 526 609 559 recesserunt
632 530 655 559 a
677 515 776 559 me.‘
801 511 940 571 Quod
962 526 1004 559 et
1025 511 1230 559 dissimile
1254 511 1366 559 illius
1388 519 1563 572 poetaeV
1586 529 1676 558 non
1699 526 1775 559 est:

530 614 790 661 Mollissima
814 614 947 661 corda

329 687 543 729 Humano
566 683 713 742 generi
735 682 835 729 dare
855 700 898 729 se
922 696 1075 729 natura
1096 681 1257 729 fatetur

328 753 456 809 Quae
478 750 676 797 lacrimas
698 750 830 797 dedit.

125 856 285 913 Neque
309 870 390 912 ego
413 853 446 899 is
469 870 566 899 sum
591 853 666 912 qui
689 851 808 899 datas
830 869 917 899 esse
941 851 1050 898 mihi
1074 870 1097 898 a
1120 866 1320 899 naturam
1344 869 1498 912 negem
1520 851 1718 899 lacrimas
1742 867 1784 899 et
1807 851 1927 899 dolo-

127 938 219 967 rem
244 920 462 967 sentiendi
488 920 828 967 mollitudinem.
858 920 1008 967 Sentio
1034 921 1197 967 etenim
1223 934 1435 980 tantoque
1462 938 1532 967 me
1558 920 1681 967 bono
1707 921 1929 981 privatum

126 1006 214 1035 esse
246 988 534 1035 vehementer
562 987 705 1034 doleo.
740 992 899 1048 Neque
930 987 1117 1048 probare
1149 1006 1328 1048 possum
1363 989 1534 1035 Stoicos
1566 1003 1679 1044 tuos,
1714 1006 1824 1049 quos
1857 1003 1930 1035 aut

127 1074 403 1117 nequaquam
424 1071 539 1103 recte
559 1056 916 1116 interpretantur,
936 1070 1008 1103 aut
1028 1070 1144 1103 certe
1162 1055 1369 1103 videntur
1384 1071 1558 1117 praeter
1572 1074 1726 1103 verum
1747 1071 1934 1117 praeter-

126 1142 209 1184 que
229 1124 467 1171 humanam
486 1139 651 1170 sortem
671 1123 724 1171 de
740 1123 892 1171 dolore
912 1123 1143 1184 disputare.
1163 1127 1286 1171 Dum
1305 1125 1422 1171 enirn
1442 1139 1615 1171 tantum
1632 1124 1832 1172 tribuunt
1851 1125 1933 1171 vir-

124 1193 224 1248 tuti,
258 1191 453 1252 dumque
487 1206 660 1238 tantum
695 1192 830 1239 animi
864 1191 1171 1239 fortitudinem
1206 1191 1437 1252 magnifica
1470 1192 1658 1253 quadam
1690 1192 1929 1239 verborum

123 1259 391 1320 supellectile
416 1260 475 1306 ita
498 1274 727 1315 exornant,
751 1261 948 1320 corporis
975 1259 1084 1306 mihi
1109 1261 1296 1307 omnino
1320 1260 1527 1307 videntur
1551 1260 1760 1307 oblivisci.
1789 1260 1929 1319 Quod

125 1328 203 1374 etsi
233 1328 394 1374 servire
425 1328 575 1374 animo
608 1328 842 1388 imperanti
873 1327 1016 1383 debet,
1046 1342 1195 1374 tamen
1226 1328 1270 1374 id
1299 1327 1473 1375 efficere
1502 1329 1672 1375 animus
1704 1346 1931 1389 nunquam

122 1396 287 1456 poterit
313 1396 348 1442 si
375 1410 634 1456 torqueatur
659 1413 830 1456 corpus,
858 1396 892 1442 si
919 1410 1082 1451 uratur,
1109 1397 1143 1442 si
1169 1411 1351 1452 secetur,
1377 1411 1424 1443 ut
1451 1414 1543 1443 non
1567 1397 1739 1452 sentiat,
1765 1411 1812 1443 ut
1840 1414 1932 1443 non

125 1462 285 1519 doleat3
307 1481 448 1523 neque
470 1463 514 1510 id
532 1464 817 1524 praecipienti
838 1463 1160 1524 obtemperabit
1182 1463 1558 1524 quemadmodum
1582 1482 1723 1524 neque
1743 1464 1929 1511 domino

123 1549 285 1587 servus,
304 1546 352 1578 ut
369 1532 461 1578 sine
479 1532 636 1591 pennis
655 1531 774 1578 volet
792 1546 864 1578 aut
881 1531 961 1578 sub
980 1532 1101 1592 aquis
1120 1531 1187 1578 vel
1205 1550 1339 1579 unam
1358 1546 1526 1579 tantam
1544 1532 1699 1579 horam
1718 1547 1767 1579 ut
1786 1547 1931 1579 enatet

124 1598 326 1646 edicenti.
351 1600 465 1658 Quis
489 1600 607 1646 enim
633 1617 725 1646 non
748 1599 867 1646 videt
891 1599 935 1646 id
957 1617 1195 1660 repugnare
1220 1615 1412 1656 naturae,
1436 1618 1576 1660 neque
1601 1599 1837 1647 doctorum
1861 1600 1929 1647 vel

122 1668 271 1727 potius
296 1667 594 1714 humanorum
620 1667 990 1728 philosophorum
1019 1669 1176 1714 mereri
1199 1669 1505 1724 assensionem,
1532 1686 1673 1728 neque
1694 1671 1816 1715 Deus
1841 1669 1929 1729 ipse

124 1749 279 1781 auctor
296 1749 338 1781 et
360 1750 505 1781 rector
522 1735 776 1782 mortalium
800 1735 844 1782 id
860 1735 1015 1796 procul
1038 1735 1174 1782 dubio
1193 1736 1348 1792 voluit,
1370 1737 1445 1796 qui
1465 1735 1575 1783 adeo
1594 1736 1810 1783 imbecille
1833 1754 1928 1783 nos—

123 1818 243 1850 trum
272 1821 407 1863 genus
434 1804 653 1863 tantisque
682 1818 724 1850 et
752 1802 952 1850 morbis²⁴
984 1818 1026 1850 et
1054 1803 1392 1851 omniformium
1426 1804 1645 1851 malorum
1676 1804 1843 1851 casibus
1873 1805 1933 1852 ita

124 1869 406 1918 obnoxium²⁵
452 1870 598 1918 effecit
636 1886 684 1918 ut
726 1871 1026 1932 ignobilissimi
1072 1873 1203 1919 etiam
1243 1872 1471 1919 vermiculi
1513 1871 1669 1919 afferre
1707 1872 1928 1920 levissimo

123 1957 300 1999 quoque
324 1953 489 1986 attactu
506 1954 675 1999 pestem
696 1940 885 1999 possint?

208 2006 353 2054 Aliter
377 2006 595 2067 profecto,
625 2007 750 2054 aliter
775 2025 906 2068 quam
934 2008 1082 2064 Stoici,
1112 2009 1186 2068 qui
1214 2009 1346 2055 etiam
1373 2023 1607 2069 propterea
1634 2008 1756 2069 quod
1783 2008 1931 2056 dolere

122 2074 262 2121 videri
284 2075 442 2122 nolunt
465 2093 508 2122 se
532 2075 751 2136 appellant
774 2075 1001 2132 masculos,
1027 2076 1163 2132 aliter,
1187 2077 1380 2137 inquam,
1405 2076 1458 2123 de
1479 2076 1646 2133 dolore,
1670 2077 1704 2124 si
1729 2091 1858 2133 recte,
1880 2092 1928 2124 ut

121 2160 251 2203 supra
271 2143 375 2199 dixi,
397 2144 754 2204 interpretantur,
773 2144 1051 2191 sentiendum
1073 2159 1147 2191 est.
1170 2144 1378 2192 Afferunt
1398 2145 1516 2192 enim
1535 2145 1802 2205 praeclaram
1823 2145 1930 2192 dun-

122 2225 240 2258 taxat
258 2211 478 2271 quandam
499 2211 827 2272 magnificisque
847 2227 1047 2259 ornatam
1066 2212 1208 2259 verbis
1229 2213 1490 2269 orationem,
1511 2231 1603 2260 rem
1623 2228 1769 2260 autem
1789 2214 1925 2274 ipsam

123 2296 171 2325 ac
197 2294 398 2326 naturam
426 2279 620 2326 deserere
646 2279 930 2340 obliviscique
959 2280 1176 2327 videntur.
1205 2284 1492 2341 Quapropter
1517 2296 1559 2328 et
1584 2282 1827 2341 Dionysius
1857 2281 1926 2328 ille

123 2346 408 2394 Heracleotes
426 2348 594 2407 optime
615 2347 711 2394 illos
731 2348 883 2408 arguit.
905 2351 1023 2395 Cum
1044 2349 1162 2395 enim
1183 2347 1330 2396 fuisset
1351 2350 1544 2396 Zenonis
1565 2349 1800 2410 discipulus
1820 2350 1929 2396 Stoi-

123 2432 365 2475 corumque
384 2415 658 2476 disciplinam
678 2416 932 2472 imbibisset,
952 2416 1129 2464 tandem
1145 2435 1251 2464 vero
1268 2435 1422 2464 renum
1440 2432 1671 2464 vexaretur
1684 2417 1925 2474 doloribus,

123 2481 227 2529 falsa
255 2482 326 2529 illa
354 2501 442 2530 esse
471 2484 659 2530 omnino
689 2502 797 2544 quae
827 2485 871 2530 in
899 2485 1074 2544 porticu
1104 2484 1320 2532 didicisset
1349 2485 1576 2541 asserebat,
1605 2500 1770 2532 astante
1797 2487 1929 2532 etiam

123 2565 252 2611 atque
276 2550 542 2598 acclamante
567 2551 869 2613 condiscipulo
896 2553 985 2599 eius
1011 2552 1226 2600 Cleanthe
1251 2555 1566 2614 Zenonemque
1593 2554 1735 2614 ipsum
1762 2554 1928 2614 tragico

122 2636 248 2665 versu
284 2619 336 2665 ab
371 2618 519 2666 inferis
554 2620 783 2667 excitante:
819 2620 1029 2668 ‘Audisne
1065 2620 1169 2668 haec
1200 2621 1279 2668 sub
1313 2636 1440 2677 terra,
1473 2620 1776 2682 Amphiarae²⁶
1811 2621 1927 2669 abdi·

122 2688 234 2733 te?’W
262 2691 431 2734 Nonne
465 2687 640 2734 videtur
672 2687 965 2735 nobilissimus
1005 2688 1074 2735 hic
1106 2688 1339 2749 transfuga,
1374 2689 1516 2736 multo
1552 2689 1623 2736 illa
1654 2689 1739 2736 dici
1773 2689 1927 2736 melius

122 2771 254 2814 quam
278 2772 322 2801 re
343 2754 439 2801 fieri
459 2773 600 2815 posse,
624 2755 812 2802 dilucide
834 2756 1092 2803 ostendisse?
1115 2760 1175 2803 Ea
1194 2757 1312 2803 enim
1336 2771 1397 2804 est
1418 2757 1670 2813 verborum,
1696 2775 1744 2804 ea
1762 2757 1927 2804 subtili—

122 2840 197 2868 um
217 2824 649 2882 argumentationum
669 2824 732 2870 vis
750 2842 798 2870 ac
813 2838 967 2871 natura
981 2839 1029 2871 ut
1046 2823 1169 2871 facile
1185 2843 1336 2885 capere
1353 2824 1635 2872 indoctorum
1654 2826 1821 2886 possint
1842 2826 1928 2872 ani-

202 3060 217 3074 ·¹
231 3055 302 3102 Job
321 3059 478 3093 ⁶212-13.

202 3116 216 3130 ’¹
231 3114 392 3160 Juvenal,
411 3116 477 3151 Sat.
499 3118 726 3158 XV,131—33.

203 3174 224 3188 '¹
243 3171 384 3214 Cicero,
407 3173 592 3220 TuscDisp.
614 3175 797 3215 H‚xxv.60:
816 3172 1046 3220 ‘Amphiarae
1062 3173 1129 3210 sub
1147 3175 1302 3210 terram.‘
