2118 3444
114 167 343 202 PRIVATE
369 166 597 201 LETTERS
1824 155 1906 196 181

113 306 181 354 vel
203 305 475 366 antiquitatis
495 321 667 351 causam
690 302 959 350 indefensam
978 302 1167 349 siverim.
1190 302 1336 348 Movit
1358 319 1427 348 me
1447 300 1649 348 videlicet
1670 300 1915 361 impudens,

114 374 169 422 da
182 374 371 429 veniam,
390 373 537 420 nescio
555 389 644 432 quo
662 370 876 432 appellem
892 385 1037 431 pacto,
1055 371 1134 417 ista
1149 369 1398 430 disputandi
1416 368 1703 416 consuetudo.
1724 369 1918 428 Fingitis,

115 441 340 502 refingitis,
370 439 698 496 machinamini,
730 438 1020 495 demolimini,
1050 438 1247 494 asseritis,
1276 437 1439 485 diluitis
1465 455 1549 498 pro
1578 436 1773 484 arbitrio.
1803 437 1918 496 Quis

114 511 286 571 quietus
308 510 384 556 sit?
408 509 522 568 Quis
548 525 640 555 non
664 508 814 554 animo
839 508 1193 554 commoveatur?
1218 505 1455 566 Appellant
1481 519 1524 552 te
1546 505 1724 566 quidem
1750 509 1917 552 Hercu-

113 578 217 634 lem,
238 594 379 637 neque
399 591 442 623 te
464 577 619 631 invito,
641 574 763 636 quod
783 574 928 630 audio,
949 589 1106 635 utputa
1125 574 1199 634 qui
1220 574 1301 620 tibi
1321 574 1533 634 temporis
1555 573 1682 620 huius
1705 587 1915 628 monstra,

111 645 368 706 praesertim
389 658 604 704 quantum
626 642 681 690 ad
698 642 862 689 litteras
879 643 1084 703 pertinet,
1103 641 1346 702 superanda
1365 641 1613 701 susceperis.
1638 643 1684 687 O
1706 658 1786 700 ego
1806 639 1919 687 tardi

114 713 290 773 ingenii,
318 712 393 772 qui
417 710 524 772 quid
548 710 592 758 id
616 711 677 758 rei
701 711 755 757 sit
781 710 1037 757 nesciverim
1064 709 1272 756 hactenus
1295 709 1552 770 perspicere!
1578 712 1715 755 Nunc
1739 708 1851 755 sensi
1878 722 1919 755 et

112 780 256 828 video.
279 784 334 827 Es
355 795 403 827 tu
425 779 604 840 quidem
625 772 874 834 Hercules,b
896 777 963 825 vel
986 777 1129 825 multo
1150 778 1281 825 etiam
1304 777 1484 824 meliore
1507 776 1764 824 conditione
1787 794 1920 837 quarn

114 848 183 896 ille
205 849 319 895 Iovis
340 847 456 894 filius
476 846 665 903 Alcides,
687 864 818 907 quem
839 846 1011 907 imperii
1031 846 1258 893 necessitas
1278 845 1476 892 trahebat
1497 846 1542 891 in
1560 844 1818 905 periculum.
1844 844 1918 891 Ille

113 918 249 965 iussus
283 916 429 964 adibat
460 930 670 972 monstra3
703 930 751 962 tu
783 914 863 962 tibi
895 932 944 962 ea
972 913 1187 975 confingis
1222 914 1483 975 instruisque
1517 927 1565 960 ut
1597 913 1790 974 superari
1822 931 1845 960 a
1875 927 1918 960 te

112 999 287 1047 queant.
311 985 394 1032 His
414 984 552 1032 demis
573 1002 706 1040 arma,
727 983 832 1031 haec
850 1001 1028 1030 enervas
1046 983 1210 1030 viribus
1230 983 1350 1043 prius
1371 1000 1503 1043 quam
1524 981 1768 1042 aggrediare
1787 982 1919 1029 etiam

112 1071 221 1115 quae
240 1053 359 1100 nulla
375 1067 491 1109 sunt3
511 1067 553 1099 et
570 1070 679 1113 quae
697 1066 745 1099 tu
760 1070 843 1112 pro
863 1052 1038 1112 ingenio
1057 1050 1292 1107 effinxeris,
1311 1051 1451 1098 evicta
1466 1068 1489 1097 a
1506 1065 1548 1097 te
1565 1050 1700 1097 trahis
1717 1051 1762 1096 in
1778 1068 1916 1110 popu-

111 1122 246 1169 larem
268 1121 465 1181 gloriam.

195 1190 238 1236 Si
262 1188 420 1250 placet,
447 1188 553 1235 volo
582 1203 624 1235 et
650 1206 731 1248 ego
758 1187 906 1234 indere
935 1187 1015 1234 tibi
1042 1187 1220 1247 aliquod
1248 1201 1608 1247 cognomentum.
1640 1185 1758 1233 Volo
1788 1200 1836 1233 ut
1863 1187 1918 1232 sis

113 1257 222 1304 mihi
256 1256 469 1304 Hercules
500 1255 704 1312 factitius,
738 1273 903 1302 nomen
936 1270 1052 1302 certe
1082 1254 1247 1302 factum
1280 1272 1332 1302 ex
1364 1272 1409 1301 re
1442 1254 1694 1301 habitururn
1730 1253 1846 1314 apud
1876 1268 1919 1301 te

112 1343 288 1386 quoque
305 1325 601 1371 autoritatem.
616 1323 786 1370 Habeat
801 1323 870 1370 ille
883 1341 958 1370 sua
973 1326 1162 1376 nomina,
1180 1322 1331 1369 habeat
1344 1340 1470 1375 sacra,
1486 1322 1638 1369 habeat
1652 1321 1829 1375 caelum;
1845 1339 1921 1368 nos

109 1392 188 1440 hoc
197 1392 380 1453 fortuna
405 1406 547 1439 nostra
566 1391 810 1452 gloriemur.
835 1394 1014 1450 Quaeso
1038 1405 1094 1446 te,
1116 1390 1232 1437 bone
1256 1391 1336 1446 vir,
1359 1389 1465 1451 quid
1486 1390 1566 1437 tibi
1589 1407 1690 1437 cum
1714 1390 1918 1445 amicitia,

112 1460 219 1522 quid
247 1478 349 1507 curn
381 1460 624 1515 inimicitia,
657 1477 758 1506 curn
790 1458 1047 1515 ridicularia,
1078 1459 1138 1505 ita
1164 1473 1212 1506 ut
1243 1476 1323 1505 nos
1353 1457 1549 1514 fecimus,
1581 1457 1833 1505 scribuntur
1864 1457 1917 1504 ab

111 1529 281 1576 amicis?
306 1531 381 1574 An
405 1528 464 1574 ita
484 1527 590 1574 levis
613 1542 675 1574 est
700 1526 815 1587 apud
837 1541 879 1574 te
901 1527 1092 1574 amicitia
1113 1541 1161 1573 ut
1184 1526 1251 1573 vel
1274 1526 1491 1573 levissima
1515 1527 1647 1573 etiam
1670 1543 1841 1586 quaque
1865 1525 1918 1572 de

111 1614 215 1644 aura
231 1595 437 1643 fluctuet?
454 1596 747 1642 Constantior
765 1594 837 1642 illa
853 1594 996 1642 multo
1013 1609 1075 1642 est
1094 1612 1142 1642 ac
1158 1594 1344 1651 firmior,
1364 1593 1507 1641 multo
1525 1595 1663 1641 virtus
1680 1593 1921 1654 elegantior

111 1682 243 1726 quam
266 1682 375 1725 quae
397 1663 477 1711 hos
498 1664 743 1711 amicorum
767 1662 893 1710 ludos
912 1664 1203 1724 pertimescat.
1225 1662 1435 1710 Arbitror
1455 1680 1547 1709 non
1569 1677 1718 1709 tenere
1737 1677 1779 1709 te
1797 1663 1917 1723 peni-

111 1733 423 1780 tusffamicitiae
449 1733 554 1788 vim,
584 1749 716 1793 quam
742 1731 920 1792 quidem
948 1732 993 1778 in
1021 1732 1171 1779 animo
1199 1732 1472 1779 constituisse
1499 1731 1620 1778 sedes
1646 1731 1845 1792 oportuit
1874 1745 1916 1778 et

111 1802 256 1848 iecisse
280 1801 550 1861 gravissimas
577 1818 756 1847 ancoras
778 1814 826 1847 ut
851 1814 1006 1847 contra
1027 1814 1338 1861 tempestatum
1363 1800 1566 1846 omnium
1594 1800 1685 1845 vim
1712 1799 1854 1846 illaesa
1877 1813 1919 1846 et

111 1870 258 1930 quieta
272 1883 459 1916 maneat.
476 1872 604 1927 Quae
621 1868 800 1929 quidem
817 1868 868 1915 ab
885 1869 1046 1915 amoris
1062 1867 1378 1915 consuetudine
1397 1885 1562 1914 nomen
1581 1867 1710 1914 habet
1725 1882 1773 1914 ut
1790 1885 1916 1928 quae·

110 1936 212 1984 darn
229 1936 424 1998 plebeiae
443 1937 577 1997 magis
596 1937 811 1983 amicitiae
830 1951 871 1983 et
891 1937 935 1982 in
955 1935 1082 1983 horas
1102 1935 1332 1983 mutabiles
1350 1935 1403 1983 ab
1424 1935 1557 1983 hamo
1577 1954 1664 1983 esse
1683 1935 1917 1996 appellatas

111 2005 325 2061 duxerim,
348 2019 397 2052 ut
417 2019 518 2052 sunt
542 2004 637 2052 illae
659 2022 767 2065 quae
789 2004 847 2051 ob
870 2004 1074 2061 formam,
1098 2022 1207 2065 quae
1228 2004 1285 2051 ob
1309 2005 1549 2060 avaritiam,
1572 2022 1681 2065 quae
1702 2004 1759 2051 ob
1783 2004 1917 2051 ambi-

110 2074 280 2120 tionem
304 2087 533 2133 ceteraque
549 2090 751 2133 perversa
771 2073 906 2119 animi
927 2072 1138 2119 desideria
1155 2072 1458 2119 conciliantur.
1483 2073 1566 2119 His
1587 2072 1832 2119 cavendum
1853 2086 1916 2119 est

111 2158 164 2188 ne
196 2140 414 2187 vacillent.
449 2140 525 2187 Illa
555 2140 778 2187 stabiliora
809 2154 910 2187 sunt
944 2155 1087 2201 atque,
1120 2155 1167 2187 ut
1201 2158 1293 2187 rem
1327 2139 1492 2187 facilius
1525 2139 1750 2200 intelligas,
1784 2140 1917 2187 velim

110 2208 263 2256 induas
296 2209 431 2269 patris
465 2208 643 2256 alicuius
675 2226 909 2269 personam
946 2209 1020 2269 qui
1052 2209 1233 2256 unicum
1270 2208 1424 2256 habeat
1457 2208 1614 2264 filium,
1651 2223 1781 2269 atque
1813 2226 1914 2255 eum

110 2276 289 2338 quidem
306 2276 643 2338 haudquaquam
659 2277 760 2324 satis
773 2277 1054 2337 morigerum.
1072 2276 1292 2338 Nunquid
1307 2295 1359 2324 ex
1374 2277 1498 2324 omni
1515 2276 1706 2324 erratulo
1721 2276 1915 2324 abiiciet?

109 2349 183 2391 An
206 2345 352 2392 vincet
371 2346 520 2405 potius
542 2359 749 2405 paternus
771 2363 897 2392 amor
918 2359 974 2401 et,
997 2345 1143 2406 quoad
1162 2363 1258 2406 spes
1280 2345 1423 2406 aliqua
1443 2344 1663 2392 effluxerit
1685 2344 1916 2392 mutando-

110 2431 208 2460 rum
237 2431 429 2469 morum,
460 2413 686 2460 tolerabit?
712 2417 932 2460 Naturam
961 2413 1115 2460 melius
1142 2428 1184 2460 et
1211 2413 1399 2474 reliquae
1427 2414 1642 2460 amicitiae
1669 2414 1910 2460 imitantur.

109 2482 383 2528 Pervicacior
398 2495 460 2528 est
480 2482 542 2541 (ut
561 2482 621 2528 ita
636 2481 793 2542 dicam)
811 2499 913 2528 vera
929 2482 1130 2529 amicitia:
1149 2482 1222 2528 vix
1238 2499 1339 2529 cum
1357 2481 1641 2542 vapulaverit,
1660 2481 1912 2529 discesserit.

108 2552 268 2596 Parum
295 2549 434 2596 multa
456 2550 547 2596 scio
574 2567 661 2596 esse
687 2549 792 2597 haec
816 2549 870 2597 ad
892 2550 1106 2597 amicitiae
1130 2550 1448 2606 conditionem,
1476 2549 1552 2597 sed
1576 2551 1666 2611 ipsa
1689 2568 1732 2597 se
1760 2549 1914 2597 melius

108 2617 317 2673 tuebitur,
339 2635 448 2678 quae
467 2618 587 2664 testis
606 2617 716 2664 mihi
735 2632 796 2664 est
816 2618 868 2665 de
887 2636 936 2665 ea
951 2618 1196 2665 cunctanda
1212 2633 1359 2665 tecum
1378 2633 1450 2665 aut
1471 2618 1710 2665 minuenda
1730 2636 1783 2665 ne
1802 2619 1914 2678 cogi-

108 2686 324 2732 tationem
347 2685 526 2746 quidem
547 2685 681 2732 ullam
706 2686 750 2732 in
773 2686 970 2733 animum
995 2685 1206 2733 incidisse.

192 2753 276 2800 Sed
295 2753 402 2814 quid
418 2768 466 2800 tu
486 2753 595 2799 mihi
614 2754 921 2814 antiquitatem
939 2756 1104 2801 narras?
1123 2758 1196 2800 An
1217 2772 1297 2814 ego
1315 2772 1406 2800 non
1425 2772 1522 2800 sum
1540 2771 1713 2814 semper
1732 2771 1827 2800 eam
1846 2753 1915 2800 ad-

110 2821 311 2867 miratus?
333 2820 488 2867 Profer
506 2822 666 2881 scripta
684 2839 794 2877 mea,
812 2821 965 2881 profer
984 2821 1111 2868 dicta.
1131 2826 1242 2868 Non
1263 2821 1401 2881 legisti
1422 2822 1484 2881 (ut
1505 2821 1649 2881 video)
1673 2821 1910 2881 apologum

109 2906 259 2935 meurn
280 2888 333 2935 de
351 2889 661 2949 Antiquitate,c
679 2890 753 2949 qui
772 2888 895 2936 facile
914 2903 1060 2949 arguat
1082 2889 1161 2936 hac
1180 2890 1225 2935 in
1242 2903 1364 2949 parte
1382 2903 1503 2936 tuam
1523 2889 1576 2936 de
1594 2907 1664 2936 me
1683 2890 1914 2949 antiquita-

188 3105 204 3130 ¹²
221 3114 283 3150 See
300 3111 406 3150 letter
421 3116 485 3150 213
505 3112 630 3157 above,
649 3125 735 3150 note
753 3112 801 3161 b).

189 3174 203 3189 ⁶
218 3172 300 3207 Not
317 3183 449 3218 among
466 3169 529 3208 the
545 3171 729 3218 surviving
746 3170 964 3219 Apologues.
