2118 3444
230 171 323 212 200
1836 177 1974 211 PART
1999 178 2034 211 II

231 315 519 362 corroborata
539 328 581 361 et
597 313 787 361 stabilita
805 314 974 360 veritas.
995 314 1130 373 Igitur
1146 314 1288 360 visum
1309 328 1370 361 est
1389 328 1437 361 ut
1456 313 1658 361 ordinem
1679 332 1860 361 omnem
1881 315 1942 362 rei
1959 315 2041 376 ipsi

231 380 478 430 edoceant.5
504 386 569 428 Ex
599 382 699 443 ipsis
729 399 832 442 ergo
860 381 1102 429 Iohannem
1133 382 1371 442 Baptistam
1398 381 1451 429 de
1476 382 1770 429 Montesiccoc
1798 382 2035 431 audiamus.

231 456 324 513 Ipse
359 469 453 499 rem
489 468 671 498 omnem
709 449 863 498 ordine
898 451 1075 511 aperiet,
1110 450 1230 498 cuius
1265 451 1553 511 attestationis
1586 450 1809 512 exemplar
1842 450 1927 499 hoc
1961 466 2038 509 est,

229 520 447 567 videlicet:

315 610 529 671 [confessio
552 609 754 657 Iohannis
774 613 982 671 Baptistae
1001 609 1053 657 de
1069 613 1319 657 Montesicco
1339 613 1543 671 sequitur]

228 702 344 748 Noti
365 702 451 748 iam
468 715 569 748 sunt
590 702 891 748 coniuratores
910 715 1038 761 atque
1056 719 1210 748 eorum
1230 702 1380 748 omnia
1398 701 1578 748 consilia
1596 719 1647 748 ex
1665 702 1766 762 ipsis
1786 702 2036 749 coniuratis.

228 774 329 816 Nos
349 769 487 816 modo
506 768 613 830 quid
630 768 731 816 inde
749 783 948 816 secutum
966 769 1019 816 sit
1038 768 1160 815 brevi
1175 770 1528 829 perstringemus.
1550 772 1668 816 Cum
1688 769 1778 816 dies
1795 769 2037 817 advenisset

230 837 395 899 Aprilis
414 837 647 898 vigesimus
666 851 825 893 sextus,
845 837 920 898 qui
937 836 1175 884 destinatus
1193 851 1282 884 erat
1299 836 1497 894 facinori,
1517 837 1562 884 in
1581 837 1805 885 Liberatae
1821 836 2039 898 templum

230 906 449 953 coniurati
468 906 593 952 tectis
609 903 777 966 gladiis⁶
796 919 1114 962 convenerunt,
1135 905 1289 952 horam
1309 905 1429 952 caedi
1445 906 1730 953 constitutam
1750 920 2040 967 expectantes.

230 977 515 1021 Convenerat
545 973 703 1020 eodem
734 987 775 1020 et
804 972 1179 1033 frequentissimus
1208 973 1397 1033 populus
1430 973 1485 1020 ad
1509 991 1733 1020 sacrorum
1764 974 2040 1034 apparatiora

228 1040 487 1102 spectacula.
512 1040 705 1101 Raphael
727 1041 845 1087 enim
869 1034 1131 1097 cardinalis,d
1151 1059 1203 1087 ex
1225 1055 1354 1101 nepte
1376 1055 1501 1088 natus
1522 1041 1631 1088 Sixti
1649 1040 1888 1102 pontificis,
1911 1042 2042 1088 sacris

228 1108 570 1156 solemnioribus
601 1108 904 1169 praesidiebat‚
933 1108 1208 1169 accipiendus
1236 1109 1444 1156 convivio
1471 1127 1495 1156 a
1520 1109 1757 1156 Laurentio
1783 1108 2039 1170 Iulianoque

228 1177 479 1224 Medicibus
502 1191 603 1238 post
627 1191 804 1238 peracta
825 1194 956 1233 sacra,
982 1176 1103 1238 quod
1126 1176 1375 1238 proditores
1401 1176 1453 1224 de
1477 1177 1689 1224 industria
1713 1191 1970 1225 curaverant
1990 1191 2040 1225 ut

229 1263 317 1302 eos,
343 1246 378 1293 si
403 1246 448 1292 in
474 1245 644 1306 templo
667 1244 823 1306 perfici
848 1263 913 1292 res
936 1263 1028 1293 non
1052 1246 1203 1306 possit,
1231 1245 1354 1293 domi
1379 1246 1494 1293 inter
1516 1245 1782 1307 epulandum
1810 1245 2041 1294 obtrunca-

230 1329 340 1361 rent.
360 1313 559 1361 Aderant
578 1314 710 1374 igitur
729 1314 775 1360 in
793 1314 947 1375 primis
967 1315 1224 1361 Laurentius
1244 1313 1518 1375 Iulianusque
1538 1313 1690 1362 fratres
1706 1329 1755 1362 ut
1775 1314 2040 1362 cardinalem

229 1397 271 1430 et
293 1383 501 1430 convivas
526 1382 712 1429 domurn
738 1382 1008 1429 reducerent.
1031 1383 1265 1430 Coniurati
1288 1397 1434 1430 autem
1458 1382 1512 1430 ad
1531 1382 1792 1430 fractionem
1813 1382 2037 1430 Eucharis-

229 1452 328 1507 tiae,
350 1450 395 1498 id
416 1451 535 1498 enim
560 1450 712 1498 datum
735 1451 907 1511 signum
932 1465 1037 1507 erat,
1057 1451 1216 1498 strictis
1238 1450 1387 1511 gladiis
1410 1450 1625 1498 Iulianum
1649 1450 1913 1498 confodiunt
1938 1465 2038 1498 ante

229 1537 321 1566 aras
343 1519 633 1579 caeduntque3
654 1533 783 1579 atque
805 1518 962 1566 eodem
984 1533 1184 1579 tempore
1205 1518 1338 1566 altera
1358 1537 1525 1575 manus,
1549 1533 1597 1566 ut
1618 1519 1787 1566 diversa
1805 1520 1943 1580 spatia
1962 1519 2040 1566 cir-

230 1585 351 1635 cum7
376 1586 508 1634 altare
532 1586 731 1643 faciebat,
755 1587 1040 1634 Laurentium
1066 1586 1264 1634 adoritur
1286 1601 1327 1634 et
1350 1587 1428 1634 sub
1454 1605 1602 1634 aurem
1628 1586 1826 1634 dextram
1850 1587 1896 1634 in
1919 1586 2038 1635 collo

228 1655 443 1703 vulnerat.
470 1659 593 1703 Deus
618 1674 698 1703 suo
726 1655 1067 1703 clementissimo
1094 1655 1312 1703 beneficio
1339 1654 1406 1703 ex⁸
1432 1670 1522 1703 tam
1549 1655 1646 1703 diro
1672 1653 1938 1703 infortunio⁹
1962 1654 2039 1704 sal-

228 1742 335 1771 vum
365 1724 569 1771 reddidit.
598 1728 690 1784 Ipse
720 1742 896 1784 quoque
924 1742 1023 1771 suae
1050 1724 1177 1771 saluti
1205 1723 1381 1771 fortiter
1406 1739 1467 1771 est
1495 1723 1734 1785 opitulatus
1763 1738 1805 1771 et
1831 1723 2037 1784 gladiolo,

229 1810 362 1853 quem
388 1810 440 1839 ex
464 1791 782 1839 consuetudine
807 1791 1086 1839 Florentinae
1110 1793 1348 1839 iuventutis
1373 1791 1636 1839 adornatum
1660 1791 1848 1852 gerebat,
1871 1792 2039 1848 stricto,

229 1860 435 1908 dantibus
457 1861 574 1907 viam
595 1860 911 1921 proditoribus,
939 1861 983 1906 in
1005 1861 1240 1908 sacrarium
1264 1859 1473 1921 confugit.

313 1928 483 1976 Eodem
505 1943 706 1990 tempore
726 1926 836 1990 qui¹O
858 1928 902 1976 id
921 1929 1085 1989 negotii
1104 1943 1348 1990 susceperat
1366 1929 1618 1976 Franciscus
1636 1928 1860 1986 Salviatus,
1881 1927 2042 1976 archie-

226 1998 433 2058 piscopus
465 1998 676 2054 Pisanus,⁶
704 2015 805 2045 cum
835 1997 888 2045 ad
915 1997 960 2045 id
986 1997 1163 2045 delectis
1190 1998 1364 2045 armatis
1390 1997 1646 2045 satellitibus
1672 1997 1884 2059 palatium
1913 2015 2039 2046 occu-

226 2064 351 2127 pat,ll
379 2081 515 2114 status
540 2067 679 2114 nostri
707 2081 748 2114 et
773 2066 1052 2114 Florentinae
1076 2066 1287 2114 libertatis
1312 2066 1600 2114 domicilium.
1629 2067 1909 2128 Magistratus
1933 2084 2034 2115 cum

228 2136 539 2182 circumveniri
566 2153 609 2182 se
639 2136 929 2196 improvisum
960 2136 1172 2192 sensisset,
1202 2136 1246 2181 in
1275 2135 1573 2183 deambulatra
1599 2135 1854 2183 conscendit
1881 2150 1924 2183 et
1950 2135 2038 2183 illic

228 2203 417 2250 aditibus
439 2203 592 2250 clausis
612 2221 655 2250 se
676 2217 858 2259 tutatur3
880 2217 1008 2264 atque
1029 2203 1129 2250 inde
1151 2203 1358 2250 Iacobum
1380 2204 1592 2260 Pactium,
1613 2204 1806 2264 equitem
1825 2203 2038 2251 Florenti-

228 2265 367 2327 num,f
399 2272 767 2318 immanissimum
803 2269 1100 2332 parricidam¹2
1133 2289 1233 2318 cum
1265 2271 1399 2332 globo
1434 2286 1703 2318 armatorum
1737 2286 2038 2319 accurrentem

228 2354 270 2386 et
289 2339 506 2386 ferentem
526 2340 764 2386 coniuratis
784 2339 1008 2396 auxilium,
1030 2339 1245 2400 lapidibus
1268 2357 1319 2386 ex
1339 2339 1647 2387 deambulatris
1668 2340 1833 2400 magnis
1854 2339 2037 2387 iactibus

228 2407 432 2455 deturbat
457 2422 660 2468 arcetque
684 2407 860 2468 palatio.
890 2407 1037 2455 Habet
1065 2408 1110 2454 in
1134 2425 1310 2455 summo
1339 2407 1525 2455 aedificii
1547 2407 1758 2468 palatium
1786 2407 1891 2455 duas
1916 2408 2038 2469 quasi

225 2474 473 2536 porticus,13
503 2474 702 2522 tectam¹⁴
727 2475 922 2532 alteram,
946 2477 1037 2522 sine
1065 2490 1322 2536 tegumento
1349 2475 1542 2532 alteram,
1570 2476 1615 2522 in
1640 2475 1825 2523 modum
1854 2475 2039 2536 duplicis

227 2561 418 2590 coronae
447 2543 502 2590 ad
526 2543 836 2590 deambulandi
862 2561 989 2590 usum
1019 2543 1259 2600 fabricatas,
1285 2543 1401 2590 unde
1429 2558 1470 2591 et
1496 2541 1839 2590 deambulatris¹⁵
1867 2561 2034 2590 nomen

228 2626 303 2658 est.
322 2615 384 2658 Ea
402 2629 493 2658 non
514 2611 652 2658 modo
671 2612 867 2658 ornatius
886 2610 1050 2658 faciunt
1067 2611 1293 2672 palatium,
1313 2626 1354 2659 et
1371 2611 1736 2659 commoditatem
1756 2610 2034 2659 deambulan-

227 2679 271 2726 di
301 2694 342 2726 et
368 2679 448 2726 sub
479 2694 599 2726 tecto
625 2694 666 2726 et
692 2679 772 2726 sub
803 2678 945 2726 divo¹⁶
971 2679 1196 2740 praebent,
1223 2679 1298 2726 sed
1323 2679 1604 2740 belligerandi
1634 2694 1676 2727 et
1702 2678 1891 2736 arcendi,
1917 2678 2035 2726 unde

227 2745 381 2794 unde¹⁷
420 2748 582 2804 veniat,
621 2748 868 2794 invasorem
905 2747 1199 2808 pulcherrime
1239 2747 1403 2795 faciunt
1442 2747 1706 2794 facultatem.
1743 2750 1867 2794 Dum
1905 2747 2038 2808 igitur

308 2966 321 2980 ⁰
339 2962 527 2999 Giovanni
543 2962 689 2999 Battista
705 2961 750 2999 da
768 2965 1010 3006 Momesecco,
1029 2961 1092 2999 the
1108 2961 1212 3010 papal
1229 2961 1446 3006 condoctiere,
1465 2963 1602 3006 Perosa,
1622 2964 1744 3005 23-24,
1765 2973 1862 2999 note.

307 3013 323 3037 ‘¹
341 3019 511 3057 Raffaelle
530 3021 651 3057 Riario
670 3021 831 3063 Sansoni,
848 3034 904 3057 see
925 3023 1000 3064 1125,
1019 3032 1105 3058 note
1123 3019 1154 3068 e)
1173 3020 1298 3058 above.

308 3082 320 3096 ⁸
347 3080 540 3114 Francesco
565 3076 603 3115 di
629 3076 809 3115 Bernardo
836 3076 989 3121 Salviati‚
1015 3076 1153 3115 created
1178 3076 1410 3126 Archbishop
1434 3076 1475 3114 of
1499 3077 1574 3114 Pisa
1599 3090 1650 3114 on
1677 3080 1718 3114 14
1744 3076 1910 3114 October
1936 3079 2035 3120 1474,

228 3132 473 3236 Ρετῖδῖἑςέἱὲ
482 3134 687 3225 ἓίῗῑῑιέῐεα
704 3188 818 3232 Pazzi,
838 3187 933 3225 born
951 3188 989 3224 in
1010 3191 1096 3225 1422
1114 3187 1184 3225 and
1200 3186 1290 3225 head
1307 3187 1348 3225 of
1362 3186 1576 3235 the'family,
1597 3188 1734 3231 Perosa,
1755 3189 1831 3231 5-6,
1850 3197 1948 3224 note.
