2118 3444
115 174 344 209 PRIVATE
370 173 598 207 LETTERS
1824 163 1910 203 173

115 329 218 359 nam
238 312 273 359 si
295 310 413 358 aliud
430 311 485 357 sit
506 309 702 357 medium
724 323 797 356 aut
818 309 933 356 inter
948 326 991 355 se
1012 308 1180 355 diversa
1198 307 1483 368 glutinentur,
1505 306 1656 354 dicunt
1674 306 1918 368 applumba-

115 377 326 427 tionem.³⁴
356 379 546 426 Novisse
578 377 768 425 arbitror
795 391 838 424 te
866 391 1014 424 tamen
1044 390 1173 437 atque
1203 370 1523 452 Hermolaum,¹
1551 376 1695 422 virum
1727 389 1843 422 certe
1873 375 1917 421 in

114 448 303 495 litteris
292 448 342 494 lis
368 447 527 494 nostris
551 446 733 492 minime
759 444 1151 500 contemnendum,
1177 445 1252 505 qui
1276 445 1334 491 ita
1356 458 1398 491 et
1420 444 1606 491 utamini
1630 443 1764 490 libere
1788 458 1918 504 atque

114 515 394 564 insolentiam
418 514 541 562 verbi
562 513 817 561 defendatis.

199 582 493 630 Hermolaum
511 583 630 629 enim
648 582 780 628 etiam
794 599 890 628 sum
907 581 965 628 ob
981 581 1155 627 virtutis
1170 580 1472 627 excellentiam
1486 579 1737 635 admiratus,
1755 579 1918 626 nedum

114 651 501 699 ferruminatorem
538 647 699 697 illum³⁵
737 650 918 704 riserim3
956 666 1145 709 namque
1180 649 1295 695 inter
1328 665 1402 695 eos
1437 649 1513 708 qui
1547 647 1627 695 hac
1661 662 1919 708 tempestate

112 719 241 767 bonis
259 718 424 766 artibus
441 717 738 765 excelluerunt
753 716 941 764 libenter
955 733 1285 763 connumerem.
1304 720 1485 771 Verum,
1503 730 1551 762 ut
1569 715 1690 776 quod
1703 716 1848 762 sentio
1865 714 1922 762 fa·

112 802 206 835 tear
228 784 318 834 de³⁶
343 786 503 833 nostris
529 785 816 846 temporibus,
845 784 942 845 plus
968 785 1059 845 spei
1085 784 1195 830 mihi
1219 783 1427 831 videntur
1451 783 1522 831 illa
1544 798 1761 844 praestare
1786 801 1918 844 quam

114 856 187 902 rei.
221 852 324 901 Ac³⁷
353 853 476 901 soleo
508 853 553 900 id
580 871 706 914 saepe
737 870 838 900 cum
871 852 1072 899 Landino
1104 846 1294 908 nostro,k
1323 849 1554 912 quocum³⁸
1585 866 1770 912 propter
1800 869 1918 898 com-

114 940 247 970 mune
284 922 530 969 litterarum
565 920 784 968 scribendi
819 920 1094 980 publicarum
1136 937 1295 966 munus
1333 919 1596 979 congredior
1633 918 1918 979 frequentius,

113 1007 255 1051 neque
285 1004 347 1037 est
377 989 431 1036 de
459 1007 550 1050 quo
578 988 886 1049 colloquamur
916 1005 1048 1048 quam
1078 987 1131 1034 de
1159 988 1238 1034 ista
1265 1002 1407 1034 vestra
1435 986 1707 1034 humanitate
1736 986 1916 1043 avidius,

111 1058 247 1114 soleo,
267 1058 462 1118 inquam,
479 1075 583 1118 prae
601 1057 790 1117 antiquis
808 1074 888 1103 nos
906 1055 1121 1117 appellare
1140 1055 1421 1111 homullulos;
1444 1056 1520 1116 qui
1536 1056 1615 1102 etsi
1632 1056 1721 1116 ipse
1741 1072 1917 1115 quoque

113 1125 252 1173 multa
276 1123 530 1186 scripserit³⁹
558 1125 754 1186 apposite
783 1139 912 1185 atque
938 1123 1157 1185 eleganter
1179 1123 1450 1184 edideritque
1474 1138 1523 1170 ut
1551 1123 1651 1170 inde
1677 1123 1916 1170 subtimere

110 1195 282 1255 scriptis
301 1195 388 1241 suis
406 1194 558 1254 possit,
580 1194 615 1240 si
634 1193 861 1240 vetustatis
880 1192 1237 1240 candidissimum
1260 1192 1383 1239 illum
1404 1191 1690 1253 splendorum
1714 1209 1807 1239 non
1826 1192 1921 1239 atti-

110 1263 267 1323 gerint,
284 1261 573 1309 nihilominus
594 1276 744 1308 tamen
763 1262 888 1322 (quae
904 1261 987 1307 viri
1005 1260 1219 1308 modestia
1235 1261 1329 1320 est),
1349 1260 1686 1321 haudquaquam
1706 1274 1917 1320 repugnat

112 1330 385 1378 obstinatius.
419 1329 670 1376 Plusculum
701 1347 808 1376 vero
836 1330 983 1376 nescio
1014 1328 1120 1389 quid
1149 1346 1280 1389 quam
1309 1326 1426 1389 ego⁴⁰
1456 1328 1632 1375 videtur
1659 1328 1761 1375 huic
1791 1329 1922 1375 aetati

111 1398 316 1446 tribuere.
357 1402 418 1444 At
459 1396 582 1458 ipse⁴l
625 1414 725 1444 cum
767 1414 859 1444 rem
899 1396 1148 1452 militarem,
1188 1394 1325 1443 cum⁴²
1365 1396 1543 1452 litteras,
1583 1414 1685 1443 cum
1723 1395 1916 1456 philoso-

110 1465 276 1527 phiam,
301 1483 403 1512 curn
422 1466 614 1526 picturas
635 1464 962 1525 sculpturasque
985 1478 1153 1511 nostras
1175 1464 1426 1525 reliquaque
1446 1478 1639 1511 aetatum
1658 1478 1920 1510 ornamenta

111 1533 345 1581 considero
368 1547 410 1580 et
434 1532 618 1580 confero
643 1550 744 1580 cum
767 1532 1093 1588 vetustioribus,
1121 1532 1227 1593 quid
1248 1534 1395 1593 putas?
1421 1531 1600 1579 Cadunt
1624 1532 1760 1579 animi
1784 1531 1917 1592 pude-

112 1619 244 1662 reque
273 1602 426 1662 incipit
458 1616 713 1648 nostrorum
743 1600 1006 1656 studiorum,
1039 1601 1121 1647 nisi
1150 1600 1382 1660 astrologia
1412 1598 1629 1647 forsitan⁴³
1661 1599 1847 1647 redimat
1876 1614 1918 1647 et

110 1669 316 1716 solatium
352 1668 505 1716 afferat
535 1669 776 1729 prostratis.
812 1671 939 1727 Quae
973 1668 1027 1715 ad
1058 1668 1103 1715 id
1135 1669 1221 1715 iam
1254 1669 1443 1715 insaniae
1478 1667 1641 1728 redegit
1674 1667 1913 1714 nonnullos

112 1755 259 1784 rerum
283 1735 547 1798 profitentes
570 1735 818 1783 futurarum
843 1737 1070 1783 scientiam
1094 1751 1143 1783 ut
1168 1754 1223 1783 ne
1247 1735 1609 1797 vespertilionum
1638 1735 1817 1796 quidem
1843 1750 1917 1782 aut

109 1805 386 1882 papilionum
414 1820 457 1852 et
480 1803 829 1852 cicindelarum⁴⁴
853 1819 1000 1852 motus
1025 1804 1138 1852 ullos
1164 1804 1260 1852 fieri
1281 1805 1373 1851 sine
1399 1803 1492 1852 fato
1514 1819 1685 1865 putent.
1710 1808 1919 1851 Verume-

111 1874 314 1920 nimvero
333 1891 425 1920 non
445 1872 604 1920 frustra
621 1873 716 1929 erit,
734 1873 909 1934 opinor,
930 1872 984 1920 ad
1000 1887 1181 1934 nepotes
1201 1887 1243 1920 et
1258 1873 1562 1934 posteritatem
1578 1873 1854 1933 provocatio,
1874 1887 1916 1919 et

109 1941 314 2003 profecto
333 1956 408 1989 tua
427 1942 617 1988 maxime
638 1959 784 2002 opera,
808 1942 889 2035 quil
903 1941 1132 1989 meliorem
1154 1941 1281 1989 nobis
1303 1941 1489 2002 legendo
1510 1956 1551 1989 et
1572 1940 1775 1988 docendo
1796 1941 1914 1988 Flor-

110 2011 306 2058 entinam
335 2010 561 2057 reddidisti
589 2004 889 2057 iuventutem.¹
917 2009 1063 2057 Multa
1090 2011 1176 2057 iam
1205 2025 1246 2057 et
1273 2028 1429 2070 magna
1454 2009 1663 2057 videntur
1690 2010 1800 2057 iacta
1826 2028 1914 2057 esse

110 2077 398 2125 fundamenta
432 2078 594 2138 gloriae
630 2078 889 2134 litterarum,
923 2078 999 2125 sed
1035 2078 1235 2125 nondum
1275 2078 1330 2125 ad
1362 2078 1546 2138 frugem,
1584 2078 1706 2139 quod
1741 2078 1915 2134 dicitur,

107 2161 387 2207 perventum,
411 2147 492 2193 nisi
515 2164 585 2193 me
608 2161 680 2193 aut
703 2146 913 2193 iudicium
936 2147 1072 2193 animi
1095 2147 1181 2193 mei
1201 2161 1274 2193 aut
1296 2146 1559 2194 desiderium
1583 2146 1915 2207 consequendae

109 2211 291 2261 tantae⁴⁵
319 2213 541 2274 dignitatis
567 2213 689 2261 fallit.
720 2212 817 2260 At⁴⁶
845 2215 890 2260 in
919 2214 1135 2261 desiderio
1162 2214 1341 2275 quidem
1368 2215 1552 2275 antiquo
1579 2214 1819 2275 proverbio
1847 2214 1916 2260 vel

109 2281 304 2329 celeritas
324 2299 450 2329 mora
472 2296 547 2329 est.

193 2354 330 2396 Nunc
349 2350 481 2396 venio
501 2349 556 2396 ad
572 2368 674 2397 eum
695 2349 843 2397 locum
864 2351 939 2410 qui
957 2365 1019 2397 est
1039 2351 1085 2396 in
1104 2351 1189 2397 tuis
1207 2350 1363 2397 litteris
1381 2350 1434 2397 de
1451 2351 1622 2411 scriptis
1643 2351 1750 2397 meis
1769 2365 1817 2397 ut
1838 2350 1919 2397 hac

109 2435 286 2478 quoque
314 2417 368 2464 de
395 2435 439 2464 re
466 2417 588 2478 quod
614 2432 676 2464 est
703 2435 796 2464 non
824 2415 1050 2465 differar.⁴⁷
1077 2416 1239 2477 Quae⁴⁸
1266 2419 1416 2479 scripsi
1444 2436 1525 2478 ego
1551 2418 1730 2479 quidem
1754 2436 1912 2479 parum

109 2485 248 2532 multa
266 2500 383 2541 sunt,
406 2485 522 2532 edita
539 2503 646 2532 vero
666 2485 833 2542 nulla‚¹¹¹
852 2486 933 2533 nisi
956 2503 1065 2547 quae
1086 2500 1158 2533 aut
1179 2485 1527 2547 imprudentiore
1550 2487 1596 2532 in
1618 2501 1757 2533 aetate
1773 2486 1914 2547 pueri-

107 2553 208 2600 liter
230 2571 368 2614 paene
395 2553 650 2600 exciderunt
676 2569 749 2601 aut
775 2555 956 2601 extorsit
983 2555 1222 2601 necessitas.
1250 2558 1361 2601 Non
1387 2555 1506 2601 enirn
1533 2554 1663 2615 digna
1689 2554 1799 2600 mihi
1825 2555 1915 2601 visa

187 2787 195 2819 ἶ
215 2791 384 2830 Ermolao
406 2792 573 2837 Barbaro,
593 2792 667 2830 like
686 2792 870 2831 Poliziano
891 2807 938 2831 an
957 2794 1118 2831 eminent
1137 2792 1357 2842 philologist,
1377 2792 1510 2831 author
1529 2792 1571 2831 of
1587 2792 1650 2831 the
1672 2795 1915 2841 Castigation&

104 2843 299 2888 Plinianae,
320 2847 486 2888 1492-9³;
506 2844 552 2882 he
569 2844 655 2882 used
671 2844 734 2882 the
751 2845 838 2882 verb
847 2844 1085 2893 fer-ruminare
1099 2846 1138 2882 in
1155 2859 1174 2882 a
1189 2845 1295 2883 letter
1308 2857 1348 2883 to
1368 2845 1564 2889 Poliziano,
1583 2848 1636 2893 Ly
1657 2849 1709 2882 17.

187 2896 205 2922 ¹¹
219 2902 425 2940 Cristoforo
441 2902 615 2947 Landino,
630 2902 752 2941 roeder
764 2904 803 2940 in
814 2903 877 2941 the
891 2903 1098 2941 Florentiae
1109 2903 1246 2947 Studio,
1261 2903 1342 2947 and,
1356 2903 1453 2941 from
1470 2907 1568 2947 1488,
1584 2918 1604 2941 a
1614 2915 1790 2951 secretary
1804 2904 1843 2940 in
1855 2903 1918 2941 the

108 2953 316 2991 Florentiae
332 2953 520 3002 chancery3
537 2968 594 2992 see
612 2954 717 2998 Scala,
737 2958 801 2992 203
820 2958 925 3001 [1401

187 3006 196 3032 ¹
211 3014 277 3050 On
291 3011 507 3050 Poliziano's
520 3012 685 3061 taching
699 3014 740 3050 in
752 3012 815 3051 the
830 3013 1036 3051 Florentine
1049 3013 1174 3051 Studio
1188 3013 1286 3051 from
1305 3017 1392 3051 1480
1405 3026 1445 3051 to
1464 3017 1561 3057 1494,
1577 3028 1634 3051 see
1651 3016 1675 3051 1.
1691 3013 1760 3051 Del
1777 3016 1914 3062 Lungo,

107 3064 291 3102 Florentia·
306 3068 445 3102 uomini
461 3078 479 3102 e
494 3079 565 3102 cose
580 3064 638 3103 del
657 3067 740 3109 '4oo‚
759 3064 940 3109 Florence‚
962 3069 1059 3109 1897,
1082 3069 1225 3103 176-80.

156 3175 164 3181 ·
189 3127 214 3142 ¹¹²
229 3122 426 3189 Poliziano,
437 3126 499 3172 Ep.
515 3126 593 3167 V.1,
611 3126 664 3171 Ly
681 3127 756 3161 131:
771 3123 901 3161 ‘Multa
913 3135 955 3161 tu
969 3124 1125 3172 quidem,
1142 3123 1259 3168 credo,
1274 3125 1454 3173 scripsisti,
1472 3138 1550 3162 non
1560 3123 1675 3161 multa
1688 3123 1776 3162 adeo
1792 3136 1915 3161 tamen
