2118 3444
213 149 304 189 202
1821 155 1959 188 PART
1984 156 2018 189 11

214 311 291 340 mo
323 308 364 340 et
392 293 623 354 praeclaris
654 292 735 339 illis
767 310 876 353 quos
906 292 1213 353 gubernationi
1245 307 1379 340 status
1408 292 1620 340 Ecclesiae
1649 294 1895 354 proposuit,
1930 311 2022 341 non

214 362 343 409 aliam
370 361 427 408 ob
457 379 629 408 causam
656 362 738 407 nisi
765 360 886 420 quod
913 360 1119 407 trucidari
1147 378 1226 407 nos
1253 379 1344 407 non
1370 359 1603 407 sivimus.⁴0
1628 366 1749 408 Nam
1777 361 1822 408 id
1847 379 2022 422 quoque

214 444 384 476 accusat
407 430 452 475 in
474 428 718 475 interdictis
740 443 781 475 et
802 428 854 475 de
872 428 1173 488 proditoribus
1199 443 1327 489 atque
1348 428 1676 489 archiepiscopo
1700 430 1857 476 Pisano
1877 447 2021 490 sump-

214 512 310 545 tum
337 515 424 544 esse
447 495 746 557 supplicium⁴¹
777 496 958 543 moleste
984 496 1081 552 fert,
1103 514 1211 557 quae
1236 496 1368 543 altera
1389 514 1514 543 causa
1537 511 1597 543 est
1623 497 1843 544 interdicti
1865 512 1907 544 et
1930 515 2026 544 cen-

213 583 426 613 surarum.
457 566 674 624 Quamvis
701 583 832 625 quarn
857 566 979 621 iuste,
1006 583 1137 625 quarn
1158 566 1243 625 pie,
1270 583 1401 626 quam
1426 565 1621 625 religiose
1646 579 1687 612 et
1708 565 2026 626 pontificaliter

215 634 381 681 factum
413 634 467 681 sit
498 633 692 694 plurium
728 648 789 680 est
822 633 1178 680 doctissimorum
1216 633 1624 680 iurisconsultorum
1663 648 1703 680 et
1734 633 2021 694 collegiorum

214 702 483 750 declaratum
511 703 770 749 testimonio
800 716 841 749 et
868 701 1053 762 publicis
1083 720 1237 749 eorum
1266 703 1436 763 scriptis
1466 703 1510 748 in
1540 716 1693 763 aperto
1719 696 1951 763 positum;k
1983 717 2024 750 et

214 771 336 831 quod
368 770 580 831 palatium
612 785 863 831 statumque
897 785 938 817 et
969 770 1217 817 libertatern
1249 785 1459 827 nostram,
1494 788 1602 831 quae
1633 771 1723 817 vita
1753 789 1929 831 quoque
1963 785 2024 818 est

214 840 369 895 carior,
404 838 693 886 defendimus.
730 839 798 885 Sic
829 838 1054 899 pontificis
1089 838 1444 886 Christianorum
1483 839 1698 886 maximus
1733 839 1947 886 exercitus
1979 839 2024 885 in

211 907 430 968 populum
455 907 827 967 religiosissimum
852 921 894 953 et
914 906 1026 954 illius
1046 906 1313 967 pontificalis
1333 906 1489 967 fastigii
1507 925 1680 967 semper
1700 907 2022 954 observantissi-

214 994 338 1023 mum
375 975 678 1022 infestissimus
717 976 898 1035 insurgit
933 976 1105 1036 iamque
1141 993 1290 1035 agrum
1324 990 1476 1032 vastat,
1510 975 1681 1022 castella
1712 975 1860 1036 diripit
1895 990 2025 1036 atque

214 1043 424 1100 incendit3
451 1043 635 1091 feminas
663 1061 888 1104 maresque
915 1058 956 1090 et
980 1061 1098 1090 sacra
1122 1058 1163 1090 et
1186 1043 1372 1104 profana
1398 1043 1494 1091 loca
1518 1043 1695 1091 militari
1721 1042 1955 1091 licentiae⁴²
1982 1058 2024 1092 et

212 1112 386 1159 libidini
424 1112 640 1172 elargitur.
678 1115 799 1158 Deus
837 1111 967 1167 bone,
1005 1111 1214 1172 quamdiu
1253 1126 1420 1158 tantam
1455 1113 1732 1172 iniquitatem
1768 1112 2019 1159 sustinebis?

214 1179 412 1238 Quando
438 1179 677 1226 laborantis
703 1181 840 1239 gregis
865 1180 929 1226 tui
956 1179 1226 1226 misereberis
1252 1194 1293 1226 et
1317 1179 1600 1226 confirmabis
1627 1179 1843 1240 populum
1872 1182 2020 1226 tuum?

214 1247 287 1294 Ad
309 1262 351 1294 te
375 1265 566 1308 quoque,
592 1247 646 1294 ad
667 1262 709 1294 te
733 1247 1023 1307 confugimus,
1051 1247 1254 1294 Federice
1275 1248 1559 1303 serenissime,
1587 1252 1831 1308 Imperator
1851 1265 2025 1308 semper

213 1330 404 1375 auguste.
428 1316 701 1371 Memineris,
725 1333 940 1375 rogamus,
965 1313 1274 1362 fidelissimae⁴³
1298 1315 1416 1362 urbis
1438 1330 1536 1362 tuae
1557 1315 1803 1362 Florentiae
1825 1330 1866 1362 et
1884 1333 2022 1376 popu-

212 1383 242 1429 li
273 1383 400 1430 huius
432 1384 501 1430 isti
529 1384 838 1430 sacratissimae
867 1384 1087 1430 Maiestati
1115 1384 1420 1443 imperatoriae
1448 1401 1621 1443 semper
1649 1377 1945 1430 devotissimi.¹
1976 1387 2026 1429 In

214 1451 355 1508 nobis,
387 1452 432 1497 ni
460 1451 666 1507 fallimur,
696 1469 821 1498 causa
848 1452 989 1511 agitur
1012 1451 1187 1512 publica
1214 1451 1488 1498 Christianae
1517 1451 1749 1511 religionis,
1780 1469 1889 1512 quae
1915 1451 2022 1498 dum

212 1521 356 1566 Sixtus
376 1520 462 1566 suis
483 1519 648 1566 bellum
674 1519 819 1575 infert,
839 1534 1035 1566 versatur
1054 1520 1097 1565 in
1116 1519 1314 1579 periculo
1336 1519 1703 1575 manifestissimo,
1726 1520 2024 1567 victoriosissi-

214 1589 295 1635 mis
322 1602 363 1634 et
387 1588 705 1648 potentissimis
733 1587 930 1634 hostibus
960 1588 1004 1633 in
1029 1587 1180 1634 limine
1207 1587 1351 1635 Italiae
1377 1588 1436 1634 ita
1459 1587 1813 1634 insultantibus.m
1840 1589 1936 1634 Tua
1961 1602 2023 1634 est

213 1657 259 1702 in
274 1657 428 1716 primis
448 1673 594 1702 rerum
612 1656 815 1702 omnium
836 1655 1187 1702 Christianarum
1206 1674 1319 1702 cura.
1337 1658 1419 1712 Tu,
1437 1673 1627 1716 quoque,
1644 1655 1880 1712 Lodovice‚
1896 1660 2026 1703 Fran·

213 1743 369 1771 corum
403 1725 686 1771 invictissime
719 1728 812 1771 Rex
843 1739 883 1771 et
915 1724 1327 1780 Christianissime,¹¹
1357 1725 1566 1771 virtutem
1597 1722 1680 1771 ut4⁴
1713 1725 1872 1771 excites
1901 1738 2023 1771 tuam

213 1792 457 1840 admodum
497 1810 667 1839 necesse
707 1807 783 1849 est,
821 1807 862 1839 et
898 1810 1121 1839 succurras
1159 1790 1320 1839 rebus⁴⁵
1362 1792 1623 1839 Christianis
1660 1792 2020 1853 periclitantibus.

213 1861 335 1908 Idem
353 1861 435 1907 nisi
453 1862 611 1907 caeteri
626 1879 802 1921 quoque
820 1861 1039 1921 principes
1057 1875 1098 1907 et
1114 1860 1267 1921 populi
1287 1860 1527 1907 Christiani
1545 1860 1742 1917 fecerint,
1759 1860 1949 1907 multum
1970 1860 2023 1907 de

212 1928 348 1976 salute
374 1928 727 1975 Christianarum
754 1947 900 1976 rerum
926 1928 1124 1976 dubitare
1148 1930 1357 1989 cogimur.
1386 1930 1529 1989 Agite,
1554 1929 1696 1989 igitur,
1721 1929 1830 1989 agite
1853 1946 2021 1985 omnes,

214 1995 600 2057 expergiscimini⁴⁶
627 1998 713 2043 iam
738 2011 779 2044 et
803 1995 1044 2057 capessite⁴⁷
1072 2015 1163 2044 rem
1187 2015 1486 2053 communem,
1514 2011 1555 2044 et
1579 2015 1679 2044 cum
1705 1996 1886 2044 Christo
1912 1997 2023 2057 opti-

215 2083 290 2112 mo
318 2066 528 2121 maximo,
560 2065 839 2125 redemptore
867 2080 908 2112 et
934 2065 1146 2112 salvatore
1176 2080 1341 2122 nostro,
1371 2066 1445 2126 qui
1473 2083 1644 2112 causam
1669 2083 1791 2112 suam
1818 2064 2024 2126 profecto

214 2152 306 2180 non
334 2133 516 2190 deseret,
543 2134 587 2179 in
615 2151 852 2180 commune
883 2133 1108 2181 consulite.
1138 2138 1201 2180 Ex
1227 2133 1449 2181 Florentia
1474 2133 1542 2180 die
1569 2131 1833 2180 undecima⁴⁸
1862 2133 2021 2180 mensis

214 2203 421 2262 Augustis
445 2202 765 2249 Mcccclxxviii.
789 2202 1150 2249 Bartholomaeus
1172 2202 1291 2249 Scala
1311 2202 1606 2249 Cancellarius
1628 2199 1961 2249 Florentinus.⁴⁹

209 2517 312 2561 June,
332 2513 454 2551 which
472 2513 807 2551 excommunicated
826 2517 1001 2558 Lorenzo‚
1021 2513 1083 2551 the
1101 2515 1262 2562 Signoria
1279 2513 1349 2551 and
1366 2513 1428 2551 the
1447 2516 1540 2551 Otto
1558 2513 1596 2551 di
1616 2513 1773 2551 Guardia
1791 2514 1830 2550 in
1848 2512 1956 2551 office
1973 2527 2025 2551 on

213 2571 256 2604 26
280 2567 386 2615 April
410 2571 508 2611 1478,
534 2567 605 2605 and
628 2567 840 2605 interdicted
862 2567 923 2605 the
946 2568 1029 2616 city;
1054 2569 1081 2605 it
1106 2581 1175 2605 was
1198 2567 1370 2605 followed
1393 2567 1441 2615 by
1462 2579 1537 2605 two
1561 2581 1663 2604 more
1687 2581 1739 2604 on
1761 2570 1805 2603 22
1823 2570 1926 2614 June,
1950 2580 2026 2604 war

213 2619 386 2667 breaking
403 2631 469 2656 out
486 2619 628 2667 shortly
646 2619 860 2663 afterwards,
883 2619 976 2663 ibid„
996 2623 1119 2657 46—49.

293 2671 310 2695 k
337 2681 408 2715 For
434 2677 606 2726 example,
634 2677 696 2715 the
724 2677 863 2715 consilia
891 2677 931 2715 of
956 2681 1147 2715 Francesco
1176 2677 1318 2715 Accolti
1345 2678 1444 2725 (note
1472 2677 1508 2725 (l)
1537 2677 1667 2725 below)
1697 2676 1767 2714 and
1793 2676 2022 2714 Bar-tolomeo

212 2730 368 2773 Sozzini,
389 2729 451 2766 the
470 2729 623 2777 Synodus
631 2729 843 2777 florentinus
861 2729 902 2767 of
919 2729 1063 2767 Gentile
1083 2729 1211 2767 Becchi
1226 2729 1296 2767 and
1314 2729 1454 2777 Angelo
1475 2729 1688 2767 Poliziano’s
1709 2730 2024 2772 Commentarium‚

213 2781 318 2825 Scala,
342 2785 473 2819 158-59
493 2785 598 2827 [111],
619 2793 722 2818 notes
742 2785 863 2818 65-67.

293 2834 301 2858 ¹
320 2839 490 2877 Florence
509 2854 579 2877 was
597 2839 669 2877 still
688 2839 815 2887 legally
831 2839 966 2887 subject
985 2851 1024 2877 to
1042 2839 1104 2877 the
1123 2853 1299 2888 emperor,
1321 2839 1490 2877 Federick
1508 2842 1564 2883 ΙΙΙ,
1581 2853 1638 2876 see
1658 2842 1849 2876 Francesco
1869 2837 2023 2882 Accolti‚

216 2891 380 2935 Consilia,
407 2892 551 2935 Venice,
583 2895 680 2935 1573,
707 2891 831 2928 f.175r:
860 2892 993 2929 ‘civitas
1018 2891 1212 2928 florentine
1234 2891 1352 2929 subest
1380 2892 1543 2939 imperio,
1570 2905 1647 2928 non
1668 2904 1811 2928 summo
1842 2889 2023 2928 Pontifici’

214 2943 341 2991 (1478);
367 2943 508 2990 Angelo
531 2943 623 2991 degli
649 2943 792 2986 Ubaldi‚
818 2943 981 2987 Consilia,
1007 2942 1210 2987 Frankfurt,
1235 2947 1332 2986 1575,
1355 2942 1483 2980 f.135v.
1509 2942 1566 2979 Cf.
1591 2942 1715 2980 Scala's
1738 2943 1883 2980 oration
1901 2953 1941 2979 to
1963 2941 2026 2979 the

214 2996 375 3044 imperial
394 2996 634 3033 ambassadors
658 2997 696 3032 in
717 2999 814 3040 1496,
835 2999 891 3033 III:
911 3001 931 3032 7
950 2995 1078 3033 below

295 3058 319 3072 ¹¹¹
340 3053 417 3090 The
436 3067 540 3101 peace
561 3054 694 3090 Venice
716 3067 786 3090 was
808 3054 1027 3100 negotiating
1046 3052 1137 3090 with
1155 3053 1216 3090 the
1237 3052 1352 3090 Turks
1374 3066 1443 3090 was
1466 3064 1531 3090 not
1550 3051 1673 3100 signed
1692 3051 1785 3089 until
1805 3055 1847 3089 25
1865 3054 2021 3099 January

217 3110 314 3150 1479,
336 3109 512 3150 Lorenzo‚
532 3109 670 3150 Lettere,
691 3107 738 3149 iii,
759 3109 812 3150 52,
832 3118 918 3143 note
939 3110 990 3143 11.

295 3168 311 3182 ¹³
328 3165 390 3200 See
409 3166 449 3206 ΙΙ,
470 3167 501 3206 5,
521 3175 607 3200 note
626 3163 662 3210 k)
681 3163 806 3200 above.
