2124 3458
113 197 296 231 ESSAYs
1821 186 1911 227 375

828 336 893 379 31.
918 331 1114 379 Umbrae
1137 335 1209 388 [11]

908 400 970 455 Bi,
997 403 1127 446 19r-v

112 496 219 544 ‹A›d
253 513 437 543 coenam
473 495 604 542 Pluto
640 512 719 555 per
752 493 1047 554 Ascalaphum
1084 493 1260 541 umbras
1297 493 1597 540 advocaverat.
1633 494 1917 554 Proserpinae

112 579 260 612 autem
280 563 457 611 dederat
474 563 706 623 negocium
726 576 773 608 ut
792 562 970 622 opipare
992 562 1197 608 invitatae
1214 562 1526 622 acciperentur.
1545 565 1646 608 Erat
1665 575 1812 608 autem
1830 560 1921 608 dies

112 632 385 687 umbrarum3
403 630 519 691 apud
532 647 712 690 superos
730 629 862 677 festus
876 629 1187 690 celebritasque
1198 647 1421 676 sacrorum
1439 628 1672 676 mortualia
1687 643 1915 676 vocantur.

111 699 298 747 Tardius
323 717 427 759 ergo
450 716 551 745 cum
577 697 631 744 ad
653 697 930 744 coenandum
955 698 1275 752 convenissent,
1302 697 1524 757 indignata
1545 699 1642 743 Dea
1664 714 1817 743 canem
1842 697 1918 742 im-

114 768 230 814 misit
252 768 297 812 in
314 780 484 826 paratas
503 765 663 825 epulas,
683 766 757 825 qui
777 782 881 811 mox
903 765 1044 824 rapuit
1062 765 1319 824 voravitque
1337 779 1498 824 parata.
1517 764 1622 810 Inde
1639 764 1807 810 umbris
1825 781 1919 824 per-

111 849 296 895 petuum
316 834 527 880 ieiunium
547 847 624 888 est,
641 850 726 892 qua
744 850 823 878 nos
841 849 885 878 re
900 831 992 878 sola
1010 831 1219 878 distamus
1236 831 1288 878 ab
1305 831 1483 878 umbris.
1505 834 1717 878 Ceterum
1735 830 1916 877 umbrae

114 903 258 948 minus
282 901 463 948 umbrae
485 915 600 947 sunt.
624 904 723 947 Nos
745 900 925 947 umbrae
947 917 1108 946 sumus.

850 1040 916 1082 32.
941 1034 1186 1082 Affluentia

933 1104 996 1160 Bi,
1023 1108 1103 1150 19v

112 1198 362 1254 ‹F›icedula‚
381 1216 490 1259 quae
510 1212 637 1245 antea
653 1197 929 1244 macilentior
944 1197 1078 1244 libere
1098 1214 1361 1257 quocunque
1379 1196 1548 1244 luberet
1566 1211 1807 1257 vagaretur,
1825 1197 1919 1257 pin-

111 1268 240 1328 guior
263 1266 376 1314 facta
395 1266 589 1322 tandem,
613 1284 714 1313 cum
737 1265 948 1326 penderet
970 1265 1167 1312 cruribus
1192 1283 1244 1312 ex
1267 1265 1554 1325 aucupatorio
1576 1264 1781 1325 laqueolo
1806 1265 1922 1312 inter

114 1336 295 1382 miseros
317 1334 526 1382 stridores
547 1334 608 1381 sic
629 1333 683 1381 ad
701 1348 967 1394 spectatores
987 1334 1142 1394 inquit:
1168 1332 1428 1380 ‘Affluentia
1449 1351 1519 1380 me
1540 1333 1764 1380 bonorum
1790 1347 1920 1393 atque

113 1421 232 1464 opes,
264 1402 385 1463 quod
416 1420 562 1449 rerum
596 1420 688 1449 non
719 1402 886 1462 experti
916 1419 1007 1448 non
1040 1401 1318 1457 crediderint,
1347 1402 1393 1447 in
1425 1400 1504 1448 hos
1535 1400 1673 1448 modo
1705 1401 1920 1448 cruciatus

111 1470 368 1532 perduxere.
391 1469 638 1517 Affluentia
659 1471 704 1516 in
727 1469 892 1516 damno
914 1473 1006 1516 est.'

888 1609 953 1652 33.
978 1605 1148 1652 Uxoria

908 1674 971 1729 Bi,
992 1677 1128 1719 ΖΘΓ-ν

112 1772 215 1816 ‹D›e
236 1770 351 1816 vitae
371 1783 544 1815 nostrae
565 1769 678 1815 curis
700 1768 836 1824 miles,
859 1768 1018 1824 navita,
1039 1782 1270 1824 mercator,
1291 1767 1453 1829 opifex,
1476 1767 1663 1828 agricola
1682 1785 1784 1814 cum
1806 1766 1921 1814 forte

113 1838 435 1893 convenissent,
467 1837 746 1898 disputabant
778 1852 820 1884 et
845 1855 929 1898 pro
958 1855 1002 1884 se
1032 1837 1213 1898 quisque
1243 1837 1345 1884 artis
1373 1854 1472 1884 suae
1503 1835 1784 1883 difficultates
1809 1837 1919 1897 peri·

113 1906 295 1967 culaque
312 1906 507 1953 elevabat
524 1905 679 1953 verbis.
698 1909 751 1952 Et
770 1905 987 1952 habebant
1002 1905 1297 1966 proculdubio
1315 1905 1426 1952 latos
1441 1904 1598 1965 singuli
1616 1922 1808 1965 campos,
1829 1905 1919 1965 qui-

112 1974 193 2021 bus
216 1988 432 2035 quantum
458 1973 647 2020 dicendo
667 1973 803 2020 velint
827 1974 1036 2034 expatiari
1056 1974 1243 2034 quirent.
1267 1973 1404 2020 Nulla
1426 1974 1544 2020 enim
1570 1973 1622 2019 de
1643 1991 1688 2019 re
1712 1990 1844 2034 quam
1866 1972 1919 2019 de

112 2043 226 2089 vitae
243 2042 465 2089 laboribus
484 2042 663 2088 uberior
682 2041 830 2088 haberi
848 2042 991 2088 oratio
1005 2056 1163 2102 potest.
1184 2041 1257 2088 Ad
1273 2041 1317 2088 id
1335 2042 1420 2088 iam
1438 2059 1504 2088 res
1521 2041 1705 2088 redierat
1722 2055 1769 2088 ut
1787 2055 1919 2088 nauta

114 2110 323 2171 milesque
357 2109 623 2170 disputando
652 2110 896 2170 superiores
928 2109 1195 2165 viderentur,
1226 2127 1326 2156 cum
1357 2108 1668 2170 paterfamilias
1697 2123 1918 2169 oportune

113 2179 364 2225 intervenit.
384 2177 457 2224 Ad
475 2177 592 2224 hunc
611 2178 742 2237 igitur
759 2179 975 2224 continuo
995 2178 1142 2224 cuncti
1159 2178 1424 2238 quaestionis
1442 2178 1532 2224 eius
1552 2177 1782 2224 arbitrium
1802 2176 1922 2224 detu-

112 2246 213 2293 lere.
248 2249 391 2292 Causa
423 2246 611 2305 cognita,
642 2244 952 2305 paterfamilias
982 2244 1187 2305 praetulit
1219 2260 1340 2292 extra
1369 2244 1821 2300 ordinem.uxoriam,
1857 2244 1922 2291 his

113 2314 246 2360 etiam
269 2314 369 2373 ipsis
393 2312 737 2360 concedentibus
760 2314 834 2373 qui
854 2330 950 2359 suas
972 2327 1099 2359 antea
1116 2327 1260 2373 partes
1281 2313 1598 2359 accuratiSsime
1620 2312 1921 2359 defenderant:

112 2381 292 2428 uxoriae
314 2381 430 2427 inter
450 2399 572 2428 curas
592 2381 862 2441 principatus
885 2395 960 2427 est.

847 2521 912 2563 34.
938 2516 1187 2563 Assuetudo

881 2585 943 2641 Bi,
964 2589 1157 2631 20v-21r

113 2678 331 2734 ‹C>edrus,
351 2696 452 2725 curn
470 2696 600 2739 supra
619 2678 803 2725 modum
822 2696 1037 2739 supraque
1055 2679 1167 2725 vires
1185 2696 1373 2725 crescere
1389 2696 1464 2725 sua
1482 2679 1527 2724 in
1545 2696 1589 2725 se
1605 2696 1741 2738 poma
1757 2679 1918 2725 sensim

114 2746 481 2793 animadverteret
508 2760 550 2793 et
578 2747 747 2793 onerati
776 2746 1008 2793 ramusculi
1039 2746 1093 2793 ad
1119 2761 1280 2793 terram
1306 2764 1441 2806 usque
1469 2746 1666 2806 pondere
1693 2747 1829 2806 pressi
1858 2746 1918 2792 in-

114 2813 342 2870 clinarent,
360 2814 446 2860 iam
463 2814 636 2874 iamque
654 2813 792 2874 frangi
808 2813 1093 2874 decidereque
1107 2813 1373 2870 viderentur,
1389 2814 1611 2874 geniturae
1628 2828 1758 2874 atque
1774 2812 1921 2860 feraci-

114 2881 249 2929 tatis⁴⁴
274 2881 392 2928 illam
417 2899 517 2929 suae
539 2882 802 2942 paenitebat.
827 2886 908 2938 Ac,
930 2896 1067 2929 vento
1091 2896 1260 2938 exorto,
1283 2899 1379 2942 spes
1403 2881 1484 2928 fuit
1508 2881 1635 2928 deiici
1660 2899 1709 2928 ea
1727 2899 1853 2942 posse
1880 2896 1922 2928 et

114 2949 288 2996 liberari
303 2949 519 3010 periculis.
539 2953 658 2996 Cum
675 2964 823 2996 tamen
840 2967 932 2996 non
947 2949 1196 2996 succederet
1212 2964 1254 2996 et
1266 2967 1401 3010 poma
1418 2948 1706 2996 nihilominus
1726 2949 1921 2996 tenacius

113 3016 325 3077 pediculis
350 3017 600 3064 inhererent
625 3016 908 3072 firmioribus,
937 3020 1161 3064 Pomonae
1186 3034 1351 3064 numen
1375 3016 1627 3077 imploravit
1651 3034 1727 3063 sua
1748 3017 1803 3063 sit
1826 3019 1923 3063 Dea

114 3099 163 3131 ut
183 3099 337 3140 mater,
356 3083 496 3132 officii
516 3102 607 3131 non
628 3085 866 3132 immemor
884 3085 964 3141 sui,
982 3084 1250 3145 perduraret.
1270 3088 1391 3131 Nam
1410 3083 1620 3144 patiendo
1639 3101 1920 3131 consuescen—

116 3150 298 3213 doque⁴⁵
322 3153 454 3199 etiam
476 3170 585 3213 quae
607 3152 872 3213 quandoque
893 3152 1031 3199 videri
1053 3151 1343 3199 intolerabilia
1363 3152 1546 3212 possint,
1571 3152 1749 3198 mitiora
1770 3150 1880 3198 fieri.
