2124 3464
93 188 324 222 PRIVATE
350 187 578 221 LETTERS
1841 176 1896 217 83

180 324 449 373 Havendolo
473 342 497 372 a
522 324 762 385 ’doperare,
786 322 884 370 saro
908 337 1122 370 contento
1145 323 1226 369 stia
1250 340 1273 369 3
1296 336 1448 369 vostro
1474 321 1624 368 modo.
1653 321 1908 368 Mancando

94 412 195 441 cosa
213 393 380 449 alcuna,
398 394 442 439 vi
459 393 612 453 priego
631 391 851 438 mandiate
869 391 909 438 la
927 390 1071 437 forma
1089 390 1168 437 che
1187 390 1332 437 volete
1350 404 1392 437 et
1410 389 1455 436 di
1470 389 1619 436 subito
1639 390 1674 436 si
1691 388 1909 450 spacciera

92 461 288 509 secondo
311 461 351 508 13
373 460 517 507 forma
538 474 698 506 vostra.

178 528 395 576 Mandovi
419 546 580 576 ancora
600 545 687 575 una
711 526 856 583 effera,
875 545 919 574 se
941 526 1185 587 bisognasse
1211 527 1396 573 scrivere
1418 543 1504 573 con
1526 525 1603 586 piu
1627 526 1830 572 cautione
1853 525 1907 572 al-

94 616 207 646 cuna
227 615 340 645 cosa.

179 670 237 713 Le
261 683 360 712 cose
387 664 430 712 di
455 668 641 712 Serzana
667 663 954 720 intenderete,
977 682 1057 724 per
1079 663 1119 710 la
1143 663 1297 710 lettera
1319 662 1386 710 de’
1413 663 1541 709 Dieci
1566 662 1679 709 dove
1705 663 1829 709 sieno
1856 663 1907 708 ri-

93 734 223 782 docte
241 752 322 795 per
341 733 381 781 13
401 747 577 781 tornata
595 732 639 780 di
659 736 768 790 [Ser]
788 726 1077 779 Alexandro.b
1099 731 1148 778 El
1169 735 1297 779 Duca
1318 731 1362 778 di
1382 730 1585 778 Calabria
1606 748 1697 778 non
1718 731 1753 778 si
1774 730 1905 778 vuole

93 802 387 850 dimonstrare
411 816 596 862 excepto
617 819 743 848 come
767 800 821 848 ha
842 800 960 848 facto
981 801 1125 847 insino
1147 818 1171 847 a
1192 800 1267 861 qui
1289 818 1374 847 con
1396 799 1549 846 lettere
1568 814 1609 846 et
1631 798 1841 855 mandati,
1864 813 1906 846 et

91 870 288 932 produce
317 870 357 917 13
382 887 483 917 cosa
508 887 531 916 a
557 869 735 930 capitoli
762 868 874 916 della
896 886 1015 929 pace.
1044 872 1084 914 Α
1112 886 1182 915 me
1209 886 1301 915 non
1327 885 1430 929 pare
1456 882 1607 928 questa
1632 885 1732 914 cosa
1757 867 1858 914 vadi
1884 885 1907 914 a

93 939 216 986 buon
249 939 437 985 camino.
471 937 694 984 Aiutatela
721 936 841 984 costa
871 937 915 982 in
945 936 1045 997 quel
1076 936 1214 983 modo
1245 935 1324 983 che
1353 937 1397 982 vi
1424 953 1541 996 pare.
1572 935 1827 982 Habbiamo
1860 936 1906 981 in

93 1021 250 1068 questo
272 1024 372 1053 caso
392 1005 469 1067 piu
493 1005 725 1053 adversarii
747 1023 839 1052 non
862 1006 897 1052 si
920 1004 1232 1061 converrebbe,
1258 1019 1299 1052 et
1321 1003 1435 1051 forse
1459 1003 1530 1051 chi
1552 1022 1606 1051 ne
1629 1003 1902 1051 doverrebbe

93 1075 172 1122 dar
187 1074 264 1136 piu
287 1074 436 1122 favore
458 1092 551 1121 non
571 1073 616 1121 lo
639 1073 682 1121 13
701 1088 743 1121 et
762 1074 871 1120 vassi
893 1091 978 1120 con
1000 1074 1155 1120 astutie
1173 1091 1254 1134 per
1274 1072 1362 1120 fare
1382 1076 1419 1120 e'
1442 1072 1544 1120 facti
1564 1071 1709 1119 d'altri
1727 1071 1803 1133 piu
1827 1071 1907 1119 che

93 1147 130 1190 e’
152 1143 304 1190 nostri.
325 1147 437 1189 Non
455 1160 588 1203 posso
607 1160 688 1203 per
706 1141 814 1189 hora
834 1141 925 1188 dire
942 1141 1020 1202 piu
1041 1156 1207 1202 aperto,
1227 1140 1339 1188 colla
1356 1140 1489 1188 cifera
1506 1140 1614 1188 altra
1629 1140 1751 1187 volta
1767 1139 1903 1201 potro

93 1210 255 1271 meglio
278 1211 471 1271 aprirmi.

178 1283 238 1326 La
253 1278 408 1326 lettera
419 1293 569 1325 vostra
585 1278 638 1325 de
653 1279 760 1325 xviii
777 1277 921 1325 molto
938 1277 1122 1338 rallegro
1139 1278 1343 1325 ciascuno
1362 1291 1403 1324 et
1417 1295 1550 1338 parve
1570 1276 1726 1324 havere
1742 1276 1783 1324 la
1796 1295 1903 1337 pace

93 1348 138 1394 in
162 1365 309 1395 mano.
333 1351 503 1406 Questa
525 1346 577 1394 de
597 1351 651 1393 22
675 1346 729 1394 ha
749 1346 892 1394 molto
915 1346 1099 1394 alterato
1118 1361 1159 1393 et
1181 1345 1299 1393 facto
1318 1345 1408 1393 fare
1429 1345 1483 1393 ad
1501 1346 1706 1393 ciascuno
1729 1345 1808 1392 che
1831 1344 1903 1392 n’a

93 1415 260 1463 havuto
283 1416 442 1463 notitia
465 1415 509 1463 di
529 1416 665 1463 strani
685 1415 886 1476 pensieri.
913 1419 972 1462 La
992 1416 1176 1476 risposta
1198 1414 1220 1462 ὲ
1242 1429 1353 1462 stata
1372 1413 1617 1462 consultata
1638 1413 1822 1475 qualche
1846 1413 1903 1461 di,

91 1484 367 1531 Finalmente
387 1484 565 1531 vedrete
581 1483 620 1531 le
642 1483 915 1531 conclusioni
936 1483 1062 1531 facte.
1082 1487 1132 1530 Se
1152 1501 1245 1530 non
1266 1501 1289 1530 a
1306 1484 1395 1539 voi,
1418 1501 1510 1530 non
1529 1484 1564 1530 si
1584 1483 1764 1530 sarebbe
1784 1482 1904 1530 obte-

93 1567 199 1599 nuta
226 1552 270 1599 di
296 1567 419 1599 tanta
443 1570 544 1599 cosa
568 1551 603 1599 si
631 1551 767 1598 libera
792 1552 1133 1598 commissione.c
1163 1552 1265 1598 Ecci
1291 1566 1332 1598 et
1359 1551 1426 1598 de'
1452 1551 1585 1611 primi
1614 1550 1693 1598 che
1719 1550 1903 1597 l’hanno

91 1620 323 1681 baptezata
349 1620 386 1667 el
415 1619 552 1680 foglio
581 1620 754 1675 bianco,
785 1634 826 1666 et
853 1619 943 1666 cosi
973 1619 994 1666 ὲ
1023 1620 1068 1665 in
1098 1619 1227 1666 facto.
1256 1624 1334 1666 Ma
1360 1619 1542 1666 essendo
1571 1620 1646 1665 voi
1675 1620 1720 1665 in
1750 1618 1821 1665 chi
1848 1618 1906 1666 tal

92 1689 404 1735 commissione
438 1689 579 1743 viene,
611 1705 702 1734 non
732 1688 767 1734 si
797 1687 949 1734 dubita
978 1687 1057 1734 che
1087 1687 1235 1734 n'abbi
1266 1705 1290 1734 a
1317 1688 1482 1747 seguire
1512 1687 1635 1733 buon
1668 1686 1827 1733 fructo.
1858 1691 1906 1733 Io

92 1774 219 1803 come
242 1770 391 1803 vostra
415 1770 612 1803 creatura
632 1756 675 1802 vi
701 1755 877 1802 ricordo
901 1755 981 1802 che
1006 1755 1105 1816 quel
1130 1755 1209 1802 che
1234 1773 1319 1816 qua
1342 1773 1434 1802 non
1458 1755 1493 1802 si
1519 1754 1676 1802 facesse
1699 1773 1722 1802 a
1743 1769 1902 1815 punt0‚

92 1825 358 1884 correggiate
377 1823 489 1871 colla
508 1823 723 1871 auctorita
739 1824 782 1870 vi
800 1824 835 1870 si
856 1823 910 1870 da
927 1823 1028 1870 nell’
1050 1823 1210 1870 ultimo
1230 1823 1423 1884 capitolo
1443 1823 1555 1870 della
1570 1838 1718 1870 vostra
1735 1822 1902 1870 lettera.

92 1896 152 1939 La
176 1910 282 1952 pace
313 1891 368 1938 ha
396 1910 419 1938 a
447 1909 583 1938 essere
611 1906 744 1952 grata,
774 1910 844 1938 me
870 1909 913 1938 se
942 1891 981 1938 le
1010 1891 1257 1938 conditioni
1288 1909 1379 1938 non
1409 1890 1576 1938 fussino
1605 1909 1691 1938 con
1721 1890 1905 1951 qualche

93 1959 278 2016 honore,
306 1974 452 2020 sapete
479 1963 515 2006 e’
544 1960 733 2006 costumi
760 1960 912 2006 nostri:
940 1959 1163 2020 vogliamo
1191 1974 1232 2006 et
1258 1977 1350 2006 non
1376 1959 1599 2020 vogliamo
1625 1958 1821 2006 secondo
1847 1958 1905 2019 gli

91 2026 255 2075 eventi¹
278 2043 320 2075 et
342 2027 583 2084 affectioni3
605 2027 645 2075 la
666 2029 842 2088 ragione
863 2046 981 2089 poco
1005 2029 1043 2075 ci
1063 2028 1323 2089 s'impaccia.
1349 2028 1508 2087 Questi
1530 2027 1574 2074 di
1594 2027 1768 2074 Milano
1789 2028 1824 2074 si
1848 2027 1907 2074 di-

92 2111 354 2144 monstrano
389 2097 434 2142 in
470 2095 633 2153 favore,
669 2114 795 2143 come
828 2096 1006 2143 vedrete
1035 2114 1114 2157 per
1145 2096 1184 2144 le
1217 2096 1385 2153 lettere,
1417 2114 1489 2143 ma
1522 2095 1631 2143 costi
1664 2095 1710 2143 lo
1745 2095 1904 2143 dovete

91 2164 253 2225 meglio
278 2164 519 2212 intendere.
545 2165 728 2225 Vinegia
751 2183 911 2212 ancora
934 2183 1026 2212 non
1051 2164 1183 2212 credo
1206 2165 1241 2212 si
1265 2179 1539 2212 contentasse
1563 2164 1607 2211 di
1632 2164 1731 2226 quel
1755 2163 1835 2211 che
1859 2165 1905 2210 in

91 2247 211 2280 tutto
240 2234 279 2280 ci
308 2251 450 2280 avesse
480 2251 503 2280 a
531 2233 780 2294 dispiacere.
809 2234 896 2280 Voi
926 2233 1150 2281 intendete
1178 2233 1339 2294 meglio
1368 2234 1471 2294 ogni
1500 2251 1599 2280 cosa
1627 2233 1707 2280 che
1737 2234 1780 2280 io
1811 2251 1903 2280 non

90 2302 230 2362 saprei
254 2301 559 2348 dimonstrare.
585 2306 696 2348 Non
719 2299 913 2348 entrero²
938 2301 1178 2348 altrimenti
1201 2302 1246 2348 in
1269 2301 1367 2349 altri
1387 2301 1653 2362 particulari,
1677 2301 1756 2348 che
1779 2319 1829 2348 so
1852 2301 1907 2348 da

91 2369 189 2416 altri
208 2369 611 2416 abondantemente
630 2370 734 2416 siate
753 2370 930 2416 avisato.
951 2374 992 2416 A
1009 2371 1084 2416 voi
1105 2371 1166 2416 mi
1185 2369 1492 2417 raccomando.
1514 2374 1577 2416 Ex
1595 2369 1819 2417 Florentia
1837 2369 1906 2416 die

89 2438 239 2497 primo
263 2438 450 2484 Ianuarii
476 2442 594 2484 1479.
621 2437 957 2484 Bartholomeus
979 2438 1111 2484 Scala.

171 3130 186 3155 '³
204 3139 266 3175 See
283 3137 389 3175 letter
405 3141 459 3182 84,
478 3150 565 3175 note
583 3138 619 3186 ι).

172 3199 185 3213 ⁰
201 3196 264 3232 See
280 3194 386 3232 letter
403 3198 457 3238 83,
476 3207 563 3232 note
580 3195 628 3243 b).
