2124 3458
199 174 289 215 332
1809 184 1947 218 PART
1971 185 2003 218 V

199 337 300 365 cum
327 318 450 365 nullo
477 319 656 379 negotio
680 319 944 379 pervicisset,
967 320 1162 379 primum
1187 319 1385 367 libertate
1406 321 1608 381 privavit,
1632 320 1788 368 deinde
1811 322 1870 369 ita
1891 322 2007 369 vinc-

198 401 295 434 tum
315 386 589 447 (ostendebat
607 401 753 434 autem
770 387 1035 447 compedes),
1053 389 1371 435 morosissimae
1390 388 1557 448 puellae
1575 390 1690 436 misit
1708 389 1762 436 ad
1775 390 2005 438 continuas

199 473 352 515 operas
375 455 420 500 in
442 454 720 514 ergastulum.
746 458 854 513 Quo
874 455 955 501 sim
979 454 1135 502 deinde
1157 455 1327 502 habitus
1347 470 1492 516 pacto,
1514 455 1727 504 habitudo
1748 458 1838 517 ipsa
1860 458 2005 505 miseri

199 523 397 583 corporis
436 522 538 569 facit
572 537 620 569 ut
658 520 942 569 edisseram192
980 540 1150 570 necesse
1186 541 1277 570 non
1314 524 1381 571 sit.
1418 523 1586 571 Videtis
1622 525 1739 571 enim
1775 524 2004 586 pallorem,

198 590 375 647 iudices,
400 591 446 636 in
468 590 608 647 vultu,
631 590 788 638 videtis
809 592 1011 638 omnium
1038 591 1341 639 membrorum
1368 593 1566 648 maciem,
1591 610 1675 653 qua
1696 592 1874 653 quidem
1896 594 2010 641 vitae

198 660 271 704 vix
288 660 374 706 iam
390 659 567 719 spiritus
587 658 846 719 halitusque,
865 660 939 719 qui
954 658 1109 719 reliqui
1126 659 1263 706 modo
1279 674 1394 716 sunt,
1413 661 1709 707 continentur.
1726 665 1886 721 Neque
1903 679 2005 708 con·

198 726 340 773 tendit
367 726 438 773 ille
466 726 660 786 quidem,
690 726 811 786 quod
840 726 1019 773 infitiari
1047 745 1138 773 non
1164 741 1323 787 potest,
1353 728 1697 775 immeritissimo
1728 746 1815 775 esse
1843 728 2007 776 illatam

198 795 418 851 iniuriam,
443 809 485 841 at
505 812 592 841 esse
614 794 666 841 ab
687 812 730 841 se
752 794 915 841 illatam
937 794 981 841 id
1000 813 1106 842 vero
1128 795 1503 856 impudentissime
1525 810 1745 856 pernegat.
1766 800 1887 844 Nam
1910 797 2005 858 quis

198 862 353 910 rudem
383 862 665 923 desidemque
695 863 892 910 animum
924 862 1033 909 mihi
1064 862 1118 910 ad
1144 863 1380 911 amandum
1411 865 1635 911 excitavit?
1665 864 1856 925 Cupido.
1890 866 2004 924 Quis

198 931 415 987 invitavit,
441 931 641 987 irritavit,
666 930 822 991 adegit,
844 931 1050 992 perpulit,
1074 932 1165 978 vim
1192 930 1419 992 impulit¹⁹³
1445 931 1644 979 tandem?
1670 932 1861 994 Cupido.
1889 934 2004 993 Quis

195 1000 385 1060 privavit
410 999 610 1047 libertate
635 1014 676 1047 et
702 999 864 1047 infelici
889 1001 1135 1061 miseroque
1160 1001 1339 1048 servitio
1364 1000 1549 1048 addixit?
1573 1001 1764 1062 Cupido.
1793 1005 2002 1050 Honores

196 1067 376 1115 tandem
403 1067 596 1128 Cupido,
625 1067 747 1128 quod
772 1068 915 1115 multo
941 1083 1002 1115 est
1027 1068 1360 1125 lamentabilius,
1389 1067 1480 1116 et¹⁹⁴
1507 1069 1676 1116 bonum
1704 1088 1883 1126 nomen,
1912 1088 2004 1118 non

197 1154 290 1183 rem
316 1136 461 1183 solum
490 1150 619 1196 atque
645 1137 796 1183 aetatis
822 1135 994 1193 florem,
1020 1136 1268 1197 populatus,
1299 1138 1423 1184 omni
1451 1138 1737 1184 contentione
1764 1139 1930 1185 curavit
1957 1152 2006 1186 ut

198 1204 453 1251 hominibus
480 1203 645 1251 fabulas
668 1222 844 1265 quoque
867 1205 953 1251 iam
975 1223 1023 1251 ac
1043 1204 1169 1252 ludos
1191 1204 1352 1252 darem.
1375 1209 1428 1252 Et
1451 1220 1599 1252 tamen
1621 1205 1763 1253 dicere
1783 1205 1911 1253 audet
1933 1224 2003 1254 me

196 1290 284 1319 esse
324 1290 527 1319 meorum
569 1272 678 1318 mihi
716 1273 864 1333 potius
905 1272 1295 1320 incommodorum
1338 1291 1508 1320 causam
1547 1288 1676 1334 atque
1713 1271 2003 1335 exprobrat¹⁹⁵

195 1341 426 1401 genetricis
453 1359 647 1388 munera.
678 1344 804 1400 Quae
832 1340 1010 1402 quidem
1037 1342 1115 1388 etsi
1141 1359 1241 1388 cum
1269 1341 1355 1398 dat,
1381 1356 1554 1389 tantum
1579 1341 1782 1389 fucorum
1812 1341 1931 1390 addit
1955 1357 2004 1390 ut

196 1410 329 1456 etiam
355 1410 510 1456 misere
536 1407 863 1470 expetantur,¹96
892 1424 1054 1465 tamen,
1080 1409 1315 1456 involucris
1343 1411 1500 1457 amotis
1526 1428 1626 1457 cum
1654 1425 1863 1471 apparent
1886 1411 2005 1471 peni-

195 1478 294 1533 tius,
323 1478 535 1537 accepisse
562 1478 769 1537 paenitet.
797 1480 945 1524 Durae
974 1477 1097 1524 illum
1127 1477 1305 1524 tandem
1332 1492 1450 1524 cotes
1476 1478 1730 1538 scopulique
1757 1479 1906 1538 potius
1934 1493 2007 1526 aut

196 1544 310 1592 ferae
334 1546 463 1606 tigres
489 1546 551 1606 (ut
574 1560 730 1606 poetae
754 1544 968 1606 tradunt)r
986 1560 1250 1606 pepererunt
1274 1545 1575 1607 dederuntque
1597 1545 2003 1594 excarnificatorem

195 1614 337 1670 nobis,
366 1631 499 1674 quam
524 1613 569 1660 id
592 1628 746 1674 putare
772 1613 976 1670 debeatis,
1004 1613 1179 1670 iudices,
1206 1632 1227 1661 e
1251 1615 1415 1661 semine
1442 1629 1590 1661 ortum
1618 1632 1705 1662 esse
1730 1614 1878 1675 aliquo
1905 1614 2004 1662 deo-

195 1700 307 1729 rum.
333 1681 523 1728 Proinde
547 1700 718 1729 necesse
741 1696 817 1738 est,
839 1696 886 1729 ut
908 1683 1145 1729 severiores
1167 1683 1212 1728 in
1233 1683 1448 1729 sententia
1468 1683 1554 1729 iam
1577 1682 1755 1730 ferenda
1773 1683 1876 1730 sitis.
1900 1683 2001 1730 Nisi

195 1751 314 1798 enim
345 1768 424 1797 vos
454 1751 721 1798 iniuriatoris
753 1751 1108 1811 compescueritis
1134 1750 1436 1812 petulantiam,
1467 1751 1598 1798 etiam
1625 1752 1660 1798 si
1690 1769 1782 1798 non
1812 1751 2002 1799 multum

195 1820 384 1866 iacturae
403 1820 448 1865 in
470 1837 539 1866 me
559 1818 650 1875 fiat,
670 1834 819 1866 tamen
837 1834 984 1866 vestro
1002 1820 1158 1880 insigni
1180 1838 1279 1867 cum
1301 1819 1527 1876 dedecore,
1546 1820 1621 1880 qui
1637 1838 1886 1867 succurrere
1907 1838 2003 1881 neg-

194 1887 398 1943 lexeritis,
419 1902 466 1934 ut
488 1888 663 1934 iamiam
685 1887 916 1948 depeream
935 1906 1104 1934 necesse
1125 1902 1199 1935 est.
1220 1887 1505 1935 Adversarius
1524 1906 1630 1935 vero
1649 1906 1701 1935 ex
1719 1889 1904 1935 victoria
1922 1887 2004 1936 fac-

194 1970 263 2002 tus
291 1955 448 2002 elatior
472 1973 524 2002 ne
552 1973 575 2002 a
599 1955 725 2002 vobis
754 1955 932 2016 quidem
959 1955 1146 2016 denique
1175 1956 1234 2016 (id
1259 1954 1391 2016 ego197
1416 1956 1707 2016 praedixerim
1732 1974 1859 2003 verus
1885 1970 2004 2004 vates

194 2023 334 2079 vobis,
361 2023 537 2079 iudices,
562 2024 768 2084 moriens)
796 2023 1059 2070 abstinebit.'

280 2090 507 2139 Orandi¹⁹⁸
535 2091 673 2139 finem
698 2091 857 2139 fecerat
880 2106 921 2139 et
944 2096 1105 2148 Venus,
1132 2110 1240 2152 quae
1266 2107 1370 2139 nato
1394 2091 1604 2139 advocata
1622 2106 1814 2149 venerat,
1837 2091 2003 2139 dixerat

195 2161 286 2207 nati
317 2178 489 2207 causam
519 2160 767 2220 elegantius.
802 2160 967 2207 Iudices
997 2175 1143 2207 autem
1173 2158 1510 2207 adolescentis¹99
1541 2160 1838 2207 misericordia
1868 2161 2002 2221 magis

195 2246 327 2288 quam
345 2246 495 2275 causae
512 2229 729 2288 aequitate
743 2229 949 2288 permoti,
969 2228 1237 2288 Cupidinem
1257 2228 1575 2275 damnaverunt
1594 2243 1635 2275 et
1649 2229 1847 2288 Negotio
1866 2229 1999 2289 impe-

196 2310 346 2342 rarunt
364 2310 412 2342 ut
433 2295 799 2343 animadverteret
816 2314 867 2343 ex
887 2296 1050 2343 iudicio
1070 2297 1115 2342 in
1134 2295 1415 2357 Cupidinem.
1438 2297 1662 2343 Sententia
1677 2297 1845 2343 tristior
1862 2295 2001 2343 fuerat

195 2363 260 2411 his
286 2382 424 2424 paene
450 2364 606 2411 verbis:
638 2367 669 2410 ‘I
694 2364 837 2420 lictor,
862 2365 1120 2425 Negotium,
1150 2364 1354 2425 colligato
1381 2364 1592 2425 Cupidini
1621 2382 1787 2412 manus.
1816 2365 2002 2411 Demito

194 2431 279 2479 alas
303 2450 444 2492 puero
473 2447 514 2479 et
540 2431 810 2492 confringito
837 2432 1001 2493 spicula
1027 2447 1068 2479 et
1093 2432 1343 2493 pharetram
1369 2432 1685 2493 verberatoque
1710 2432 1764 2479 ad
1788 2431 1997 2479 lassitudi-

195 2518 310 2547 nem.
342 2505 405 2547 Ita
431 2500 611 2547 demum
642 2500 932 2561 exspoliatum
963 2501 1092 2548 armis
1120 2500 1317 2561 ablegato
1345 2501 1389 2547 in
1419 2501 1579 2548 otiosas
1607 2515 1754 2557 terras,
1781 2500 1857 2548 ubi
1883 2501 2002 2548 vivat

194 2586 351 2615 aevum
374 2568 612 2629 inglorius.'

279 2640 398 2683 Cum
421 2637 640 2683 accinctus
663 2637 748 2683 iam
769 2636 899 2683 lictor
920 2651 1026 2684 esset
1047 2651 1094 2684 ut
1118 2651 1353 2697 capesseret
1375 2637 1621 2697 imperium,
1646 2636 1824 2697 Cupido
1849 2637 1998 2683 matris

194 2705 370 2751 monitu
405 2704 608 2751 evolavit.
640 2709 703 2750 Ex
735 2722 788 2751 eo
819 2722 922 2764 ergo
952 2704 1020 2751 die
1052 2704 1263 2765 Cupidini
1296 2722 1396 2751 cum
1426 2705 1624 2764 Negotio
1657 2704 1814 2751 mansit
1845 2703 1999 2751 odium

194 2790 336 2832 neque
359 2772 517 2819 eodem
540 2770 750 2819 deinde²00
773 2787 892 2819 tecto
913 2772 1179 2819 cohabitant.

274 3194 286 3208 Γ
304 3188 361 3226 Cf.
382 3189 512 3236 Vergil,
531 3191 620 3226 Aen.
640 3192 845 3232 IV‚366-67.
