2060 3450
171 179 261 220 452
1762 181 1900 215 PART
1925 182 1977 215 vl

1053 326 1106 367 22

499 400 564 437 IN
585 397 822 436 PETRUM
844 397 1204 436 BECANUSUM
1224 395 1660 435 MORIBUNDUM²

375 493 530 540 Elisios
555 493 748 539 moriens
772 493 932 548 venies,
957 496 1188 547 Becanuse‚
1212 509 1410 538 recessus.

476 565 549 608 Ne
573 560 731 608 doleas:
757 559 867 620 fugis
891 559 1007 607 haec.
1034 560 1189 618 “Quin
1214 559 1500 606 moriemur!''
1528 559 1599 605 ait.

1054 701 1106 742 23

744 771 1030 811 DISTICON
1049 770 1415 810 AMATORIUM

377 871 473 914 Cur
493 868 604 928 geris
627 866 858 913 obscuram
884 865 1092 913 faculam?
1113 869 1239 912 Num
1263 863 1411 912 deficit
1433 864 1561 924 ignis?

479 940 582 982 Huc
605 934 717 982 ades:
742 952 763 981 e
786 948 940 981 nostro
962 951 1132 980 sumere
1156 932 1287 980 corde
1309 932 1422 979 licet.

1055 1075 1110 1116 24

570 1150 635 1187 ΙΝ
656 1148 977 1186 LACAENAM
998 1145 1261 1191 MATREM,
1282 1147 1314 1184 E
1338 1144 1594 1184 GRAECO²

377 1247 502 1291 Dum
526 1243 693 1303 fugeret
716 1242 872 1298 nudus,
896 1242 1096 1302 Spartani
1118 1256 1257 1288 mater
1276 1240 1328 1287 ab
1353 1240 1476 1287 hoste

480 1311 630 1359 Obvia
653 1310 766 1358 facta
785 1309 932 1357 furens
955 1310 1115 1370 excipit
1138 1327 1237 1356 ense
1258 1308 1369 1356 latus

379 1385 527 1442 Atque
551 1381 621 1427 ait:
648 1379 733 1427 “ad
753 1380 932 1440 Stygias,
957 1378 1136 1439 fugitive
1159 1379 1172 1424 i
1194 1392 1308 1434 nate,
1330 1377 1513 1424 latebras

479 1449 697 1496 Mentitus
718 1451 894 1508 Spartae
914 1448 974 1494 sic
995 1464 1128 1507 genus
1151 1460 1193 1493 et
1212 1446 1444 1506 patriam.'’

1057 1589 1110 1630 25

557 1695 840 1745 JULIANUS
862 1695 927 1733 IN
947 1693 1267 1732 APOLOGOS
1288 1690 1605 1730 PATERNOS²

380 1791 522 1847 Absis,
548 1808 703 1850 magne
727 1793 857 1846 Cato,
882 1788 1024 1836 rident
1046 1788 1291 1849 luduntque
1314 1787 1461 1834 libelli.

481 1859 624 1915 Adsis,
648 1876 803 1918 magne
826 1861 956 1913 Cato,
981 1857 1110 1917 digna
1131 1860 1303 1903 Catone
1325 1855 1448 1916 leges.

1057 1999 1110 2040 26

323 2074 389 2111 ΙΝ
411 2072 849 2111 SIMULACHRUM
869 2070 1096 2109 AMORIS
1117 2068 1376 2108 POSITUM
1398 2067 1577 2107 IUXTA
1599 2065 1842 2106 FONTEM

379 2171 511 2213 Forte
532 2180 659 2226 putas
683 2179 857 2211 nostros
882 2165 1145 2224 restinguere
1168 2162 1364 2209 fontibus
1389 2163 1526 2222 ignes?

480 2235 523 2280 Si
546 2234 696 2288 nescis,
721 2246 861 2279 mater
881 2233 941 2277 mi
963 2236 1112 2278 Venus
1136 2245 1232 2277 orta
1254 2231 1363 2277 mari
1385 2244 1459 2276 est.

1057 2373 1111 2414 27

968 2445 1033 2482 ΙΝ
1053 2443 1200 2481 IDEM

381 2540 456 2587 Ille
477 2540 825 2601 pharetrigerum
850 2538 904 2585 ad
924 2537 1068 2585 fontes
1090 2538 1165 2598 qui
1184 2537 1311 2598 ponit
1336 2540 1551 2582 Amorem

482 2613 620 2655 Errat:
645 2622 686 2654 et
709 2608 753 2653 in
776 2606 925 2667 gelidis
949 2605 1175 2666 improbus
1200 2605 1286 2652 urit
1309 2605 1441 2665 aquis.

260 3033 272 3047 ⁸
291 3030 394 3066 Piero
415 3028 611 3075 Beccanugi
628 3041 698 3064 was
717 3026 913 3075 appointed
930 3024 1191 3063 co-chancellor
1208 3023 1298 3061 with
1314 3023 1410 3061 Scala
1425 3037 1476 3060 on
1493 3026 1535 3059 28
1554 3024 1744 3059 Dec.1494.
1765 3023 1823 3058 He
1839 3019 1922 3057 died
1937 3032 1990 3056 on

179 3085 222 3119 25
241 3083 446 3124 Nov.1496,
466 3079 571 3123 Scala,
594 3082 724 3116 122-23
746 3081 827 3124 [84].

261 3143 272 3157 ²
292 3138 349 3177 Cf.
368 3138 579 3186 Anthologia
600 3139 739 3181 Graeca,
761 3140 821 3180 IX,
841 3139 880 3174 61

261 3201 272 3215 ²
292 3198 357 3234 On
376 3195 606 3233 Bartolomeo
625 3194 750 3232 Scala's
768 3208 837 3231 son
855 3193 1038 3236 Giuliano,
1058 3192 1153 3230 born
1170 3193 1209 3228 in
1228 3194 1325 3235 1480,
1343 3204 1400 3228 see
1419 3189 1522 3233 Scala,
1543 3191 1677 3226 247-50
1695 3189 1868 3234 [165—661.
