2118 3444
218 148 304 190 188
1846 154 1984 188 PART
2008 155 2023 188 1

1083 297 1164 339 226

782 367 859 407 ΤΟ
882 369 1143 407 MICHELE
1162 369 1462 407 MARULLO²

1077 435 1166 476 n.d.

891 531 1094 569 Vat.Pat.2.
1115 528 1353 581 Autograph.

213 634 351 691 Salve,
383 635 444 680 mi
474 633 676 681 Marulle.
706 634 855 680 Nimis
886 634 1013 680 iratas
1044 634 1259 694 nimisque
1292 633 1495 680 obscuras
1526 632 1580 680 ad
1606 651 1676 680 me
1705 633 1843 681 modo
1872 633 2030 681 dedisti

214 703 392 750 litteras.
416 707 538 749 Nam
564 702 671 763 quid
692 720 773 762 ego
796 702 862 762 egi
884 702 929 748 in
953 716 1009 758 te,
1034 720 1112 748 cur
1131 716 1179 748 tu
1203 701 1312 749 adeo
1336 701 1445 748 mihi
1466 701 1811 749 succensendum
1836 701 1918 749 tibi
1938 720 2026 749 esse

212 785 340 831 putes
364 773 379 818 ?
400 770 592 817 Voluisti
615 769 755 816 multa
775 769 1059 816 commodare
1082 769 1204 816 mihi.
1230 770 1453 816 Recusavi.
1476 773 1618 816 Causa
1640 787 1731 816 non
1753 769 1835 816 fuit
1856 787 1934 817 cur
1953 784 2026 817 aut

214 857 295 899 ego
313 838 394 886 tibi
413 856 506 885 non
525 855 697 898 agerem
715 852 757 885 et
775 837 980 884 deberem
998 838 1166 898 gratias,
1184 851 1257 884 aut
1275 852 1322 884 tu
1341 837 1462 884 mihi.
1485 838 1605 897 Quia
1623 855 1715 884 non
1734 836 1935 885 conferre
1949 855 2026 898 po-

213 908 348 954 tueris
368 906 652 963 beneficium,
676 904 841 953 minus¹
864 903 993 953 bene²
1014 905 1145 953 velles
1168 908 1184 953 ?
1204 910 1325 953 Nam
1349 905 1470 967 quod
1491 905 1543 953 de
1564 905 1761 953 conficto
1780 905 1938 953 scelere
1959 923 2027 953 ex-

211 975 422 1036 postulas,
445 976 505 1022 ita
522 993 592 1022 me
613 978 735 1021 Deus
755 989 871 1021 amet
890 975 1037 1021 nescio
1058 974 1164 1035 quid
1181 974 1263 1021 sibi
1283 974 1355 1021 illa
1372 989 1447 1021 tua
1465 989 1555 1021 tarn
1575 973 1731 1021 efficax
1749 975 2027 1035 querimonia

213 1043 332 1091 velit.
358 1048 451 1104 Ipse
477 1061 618 1104 neque
641 1042 731 1090 dixi
755 1061 895 1104 neque
920 1042 1065 1090 audivi
1087 1061 1140 1090 ex
1163 1060 1386 1104 quoquam
1412 1043 1614 1090 omnium
1641 1043 1716 1103 qui
1737 1043 1893 1090 vivunt
1916 1060 2026 1104 quae

214 1111 451 1159 offendisse
474 1127 516 1159 te
536 1112 778 1172 potuerint.
803 1115 921 1158 Cum
944 1111 1170 1172 loquimur
1192 1111 1244 1158 de
1264 1125 1320 1168 te,
1342 1111 1376 1158 si
1398 1110 1589 1172 quando,
1611 1125 1659 1158 ut
1682 1110 1747 1167 fit,
1768 1125 1816 1158 tu
1837 1111 1960 1158 venis
1981 1111 2027 1157 in

212 1198 481 1236 sermonem,
503 1180 626 1227 soleo
645 1198 726 1240 ego
745 1179 950 1226 admirari
968 1179 1133 1226 litteras
1149 1194 1243 1226 tuas
1262 1194 1303 1226 et
1320 1179 1568 1226 doctrinam
1586 1197 1724 1240 prope
1743 1178 2020 1239 singularem,

213 1248 368 1296 tollere
386 1249 432 1295 in
449 1248 618 1296 caelum
635 1266 826 1304 carmen,
842 1247 1016 1295 laudare
1032 1248 1271 1308 ingenium,
1290 1265 1381 1295 non
1399 1247 1640 1295 desiderare
1652 1246 1934 1308 prudentiam
1952 1261 2025 1295 aut

214 1317 351 1364 fidem
371 1331 444 1364 aut
466 1316 743 1373 modestiam,
765 1330 806 1363 et
824 1334 933 1377 quae
951 1330 1125 1377 praeter
1141 1334 1190 1363 ea
1207 1316 1251 1362 in
1270 1316 1392 1363 bono
1413 1316 1510 1363 viro
1530 1330 1797 1377 expetuntur
1814 1333 1902 1363 esse
1919 1316 1966 1362 in
1985 1330 2028 1363 te

213 1400 372 1433 cuncta
397 1385 770 1432 abundantissime
798 1384 1031 1432 affirmare.
1059 1385 1101 1432 Si
1127 1384 1211 1432 hoc
1238 1403 1335 1445 egre
1360 1399 1436 1441 est,
1463 1384 1719 1445 dispeream,
1747 1384 1828 1431 nisi
1854 1383 2024 1445 desipis.

212 1459 329 1514 Ergo
351 1454 482 1500 nimis
505 1453 716 1500 obscurus
740 1471 795 1500 es.
818 1454 912 1512 Qui
934 1471 982 1500 ea
1001 1453 1055 1500 ad
1073 1467 1115 1500 te
1135 1452 1290 1500 detulit
1307 1470 1556 1500 succenseas
1577 1467 1768 1513 oportet,
1789 1452 1858 1499 vel
1879 1466 2025 1500 aucto-

214 1540 307 1568 rem
341 1539 384 1568 se
420 1536 621 1582 apertum
654 1520 932 1582 profiteatur,
968 1539 1073 1567 non.
1095 1520 1357 1568 maledicum
1394 1539 1485 1568 non
1519 1538 1683 1567 vanum
1717 1538 1764 1567 s‹.
1784 1559 1792 1567 .
1811 1559 1819 1567 .
1855 1518 2022 1567 ›onem3

211 1588 436 1651 praestet.⁴
456 1591 526 1636 Tu
549 1589 643 1636 vale
665 1603 706 1636 et
728 1607 825 1636 ama
847 1607 930 1636 me.
956 1588 1291 1636 Bartholomeus
1314 1588 1445 1636 Scala.

293 2912 305 2926 ²
318 2906 488 2951 Marullo,
502 2906 564 2944 the
578 2906 700 2945 Greek
711 2906 854 2944 scholar
865 2906 935 2944 and
945 2906 1086 2951 soldier,
1103 2920 1173 2944 was
1186 2905 1392 2955 patronised
1404 2906 1452 2954 by
1466 2909 1629 2943 Lorenzo
1642 2904 1681 2943 di
1693 2903 1952 2942 Pierfrancoeco
1963 2903 2020 2942 de’

211 2958 346 2996 Medici
361 2960 401 2995 in
417 2958 588 2996 Florence
605 2959 645 2995 in
659 2958 722 2996 the
737 2958 865 3007 period
883 2962 1049 3002 1489-94,
1068 2959 1108 2995 in
1122 2957 1200 2996 that
1214 2972 1299 3006 year
1313 2958 1451 3006 joining
1467 2957 1522 2995 his
1538 2956 1600 2994 old
1614 2969 1747 3005 patron
1762 2955 1964 2994 Antonello
1977 2955 2024 2994 da

211 3013 445 3049 Sanseverino
467 3013 507 3048 in
528 3015 660 3049 France
678 3023 718 3049 to
738 3023 891 3059 support
910 3011 973 3048 the
994 3011 1132 3048 French
1151 3012 1325 3048 invasion.
1348 3014 1406 3048 He
1425 3010 1514 3048 later
1531 3009 1686 3047 married
1705 3009 1830 3047 Scala’s
1850 3008 2026 3056 daughter

212 3063 425 3100 Alessandra
443 3063 514 3100 and
530 3062 707 3100 drowned
724 3062 832 3100 while
847 3062 1001 3110 fighting
1017 3074 1057 3100 to
1074 3062 1205 3100 defend
1224 3061 1320 3099 Forli
1338 3063 1377 3098 in
1397 3065 1494 3105 1500,
1512 3075 1568 3099 see
1587 3059 1809 3104 M.Ma.rtelli,
1828 3059 1869 3097 ‘Il
1887 3059 2023 3097 “Libro

210 3114 302 3152 delle
322 3114 497 3163 epistole’'
515 3114 553 3152 di
571 3114 712 3162 Angelo
734 3114 943 3158 Poliziano‚'
961 3117 1126 3162 Interpres
1144 3117 1168 3158 I,
1191 3117 1288 3158 1978,
1310 3117 1455 3157 213-15‚
1476 3111 1685 3156 C.Kidwell,
1703 3111 1881 3150 Marullus:
1897 3110 2023 3149 soldier

207 3176 287 3215 poet
305 3166 350 3214 of
358 3166 412 3204 the
427 3168 660 3210 Renaissance,
681 3165 848 3210 London,
870 3169 967 3210 1989,
987 3165 1058 3203 and
1074 3165 1178 3209 Scala,
1199 3169 1265 3203 210
1282 3168 1386 3211 [142]
