2124 3458
220 180 313 220 340
1834 184 1972 218 PART
1996 185 2028 217 V

221 339 337 372 recte
362 321 561 380 ieceris,¹²
590 341 731 384 neque
758 322 1074 383 imprudenter,
1102 340 1203 370 cum
1230 322 1284 370 ad
1306 323 1476 383 privata
1500 337 1595 370 tum
1622 322 1676 370 ad
1698 322 1873 383 publica
1899 340 2033 383 opera

219 393 337 440 viam
360 392 455 448 tibi,
478 410 563 452 qua
582 391 848 452 perhoneste
871 405 1046 451 surgant
1071 390 1143 438 illa
1163 390 1341 451 quidem
1364 405 1492 451 atque
1511 389 1811 451 perficiantur,
1834 408 2030 438 commo-

220 461 445 508 dissimam
460 460 799 521 praeparaveris,
816 460 984 520 iterque
999 458 1052 506 ad
1065 458 1175 506 bene
1191 458 1401 520 beateque
1415 458 1654 506 vivendum
1672 476 1803 520 quam
1821 459 2030 520 apertissi-

220 547 345 576 mum
371 528 718 589 facillimumque
743 527 1038 575 substraveris.
1064 527 1148 575 Sed
1169 527 1221 575 de
1243 527 1308 575 his
1332 527 1444 575 alias.
1467 530 1575 574 Sunt
1600 528 1718 574 enim
1740 526 1867 588 plura
1889 526 2033 575 multo

220 599 432 645 iuvenum
464 611 720 644 nostrorum
751 610 891 643 errata
918 614 1049 656 quam
1078 613 1186 656 quae
1215 595 1407 643 breviter
1432 596 1478 642 in
1504 596 1748 656 praesentia
1774 596 1932 656 corrigi
1961 610 2034 643 aut

220 664 541 726 comprehendi
563 662 800 711 oratione¹³
823 665 1005 725 possint.
1030 663 1150 711 Alias
1172 663 1351 711 fortasse
1374 663 1549 711 dabitur
1568 663 1620 711 de
1642 663 1707 711 his
1728 663 2032 711 accommoda·
2056 660 2067 670 '

219 735 310 781 tior
331 733 506 780 dicendi
529 733 663 780 locus.
689 737 826 780 Nunc
852 732 984 779 redeo
1005 730 1091 779 ad14
1118 732 1277 779 horum
1304 732 1474 779 dierum
1498 733 1898 793 intemperantiam,
1922 750 2033 793 quos

220 801 401 863 quidem
417 801 609 848 arbitror
623 800 677 848 ad
689 800 1037 848 Saturnaliorum
1055 800 1403 856 similitudinem,
1419 815 1467 847 ut
1484 800 1622 847 multa
1634 814 1858 861 praeterea
1869 800 2031 861 accepi-

220 888 318 918 mus
346 869 398 917 de
424 870 628 930 antiquis,
657 887 744 916 esse
771 887 795 916 a
820 869 980 916 nostris
1007 869 1242 916 institutos.
1274 869 1468 916 Licentia
1492 883 1607 916 certe
1632 868 1798 925 eadem,
1825 883 1866 916 et
1891 869 1926 916 si
1951 886 2032 916 nos

220 938 336 986 forte
356 956 489 999 quarn
510 939 679 999 antiqui
699 938 885 985 maiores
906 937 1130 984 afferimus
1150 937 1204 984 ad
1219 942 1438 984 Venerem
1459 952 1500 984 et
1521 937 1575 984 ad
1592 937 1811 984 Bacchum
1831 951 1961 998 atque
1979 936 2034 984 ad

220 1007 373 1054 omnia
396 1025 554 1067 genera
578 1006 1001 1053 incontinentiarum
1025 1006 1214 1067 spiritus,
1241 1005 1302 1052 illi
1329 1005 1465 1066 (quod
1488 1020 1529 1052 et
1552 1023 1717 1052 nomen
1742 1005 1920 1066 indicat)
1943 1006 2034 1053 eius

220 1094 330 1137 quae
352 1090 442 1123 erat
465 1090 672 1136 regnante
693 1078 882 1122 Saturno
904 1074 1079 1122 libertas
1103 1074 1170 1135 (de
1190 1092 1275 1135 qua
1295 1089 1385 1122 tam
1407 1074 1546 1122 multa
1564 1074 1735 1135 poetae)
1759 1075 1880 1135 quasi
1903 1092 2035 1135 quan-

220 1144 322 1191 dam
348 1144 585 1204 imaginem
612 1143 858 1190 referebant
881 1158 923 1190 et
946 1144 1058 1190 servi
1083 1161 1183 1190 cum
1210 1142 1401 1190 dominis
1426 1142 1602 1189 liberius
1628 1142 1926 1199 versabantur3
1952 1160 2034 1189 nos

218 1213 327 1259 vino
357 1226 399 1259 et
428 1211 630 1259 carnibus
661 1212 709 1272 (si
740 1211 820 1258 diis
848 1210 1005 1272 placet)
1035 1229 1127 1258 non
1156 1211 1422 1271 ingurgitari,
1454 1228 1546 1258 non
1571 1210 1744 1271 prolabi
1776 1211 1821 1256 in
1849 1228 2031 1257 omnem

219 1280 453 1337 luxuriem,
482 1298 574 1327 non
599 1277 834 1340 obmergi¹⁵
863 1279 1102 1327 immundis
1128 1279 1370 1340 quibusque
1398 1278 1652 1326 libidinibus
1680 1279 1891 1326 rusticum
1916 1277 2033 1326 inde-

220 1367 464 1410 corumque
493 1367 731 1396 censemus.
760 1353 813 1395 Et
840 1363 887 1395 ut
915 1348 976 1394 illi
1004 1362 1119 1395 recte
1143 1347 1321 1409 quidem
1347 1366 1371 1395 a
1394 1348 1569 1398 Saturni
1594 1347 1818 1409 expetibili
1843 1346 2032 1408 simplici

219 1418 435 1474 libertate,
458 1418 517 1464 ita
538 1435 618 1464 nos
642 1416 785 1464 multo
807 1431 855 1464 ut
876 1416 1082 1477 pleraque
1105 1416 1307 1472 deterius,
1330 1416 1451 1477 quod
1473 1434 1546 1463 esu
1567 1417 1795 1477 privemur
1816 1416 2029 1472 carnium,

220 1486 484 1533 Christianis
510 1486 774 1542 constitutis,
802 1485 881 1532 hos
905 1486 1186 1546 carnisprivia
1210 1484 1299 1532 dies
1322 1484 1602 1546 appellamus,
1629 1485 1749 1545 quasi
1774 1484 1826 1532 de
1847 1484 2030 1532 summis

220 1554 401 1615 aliquod
428 1554 552 1601 malis
578 1555 631 1601 sit
659 1572 751 1601 non
779 1553 913 1601 edisse
940 1571 1101 1601 carnes.
1129 1553 1269 1613 Quod
1295 1567 1468 1601 tantum
1495 1552 1610 1614 apud
1635 1553 1912 1613 Pictagoreos
1937 1570 2030 1600 non

220 1622 515 1670 inhumanum
543 1622 695 1679 modo,
719 1622 795 1669 sed
817 1621 959 1669 ferum
983 1622 1115 1669 etiam
1137 1636 1266 1682 atque
1288 1622 1479 1668 immane
1503 1636 1579 1678 est,
1601 1636 1649 1668 ut
1670 1621 1808 1682 probe
1833 1614 1996 1668 nosti.’s

304 1693 422 1739 Tum
444 1690 774 1747 Machiavellus,
799 1688 1003 1747 ‘Novi,'¹⁶
1030 1691 1185 1751 inquit,
1210 1694 1266 1738 ‘et
1287 1705 1470 1751 tangunt
1492 1689 1677 1737 mirifice
1700 1690 1898 1737 animum
1923 1707 2032 1751 quae

220 1760 428 1808 edisseris.
457 1759 541 1807 Sed
565 1778 710 1821 perge,
738 1757 950 1820 quaeso,17
976 1759 1120 1820 siquid
1145 1773 1369 1820 praeterea
1393 1758 1523 1806 habes
1551 1758 1672 1819 quod
1698 1758 1752 1806 ad
1778 1757 2031 1819 disputatio-

220 1847 323 1876 nem
348 1829 475 1876 istam
498 1846 583 1889 qua
605 1828 657 1875 de
679 1829 765 1888 agis
786 1828 1006 1888 pertinere
1029 1828 1263 1888 quicquam
1285 1831 1440 1888 putes.'

307 1896 482 1943 ‘Habeo
506 1896 740 1957 equidem,’
766 1897 961 1956 inquam,
987 1899 1050 1943 ‘ac
1070 1895 1356 1943 vehementer
1376 1896 1514 1942 miror
1537 1895 1649 1942 hanc
1671 1895 1905 1942 hominum
1931 1912 2033 1942 con-

218 1964 499 2012 suetudinem
528 1965 587 2011 ita
610 1965 761 2011 omnia
788 1963 1082 2024 detorquendi
1106 1964 1151 2009 in
1178 1964 1335 2010 vitium
1363 1981 1514 2024 resque
1540 1963 1628 2010 fere
1654 1977 1831 2010 cunctas
1856 1980 1879 2010 a
1902 1962 2031 2010 bonis

219 2034 355 2080 initiis
385 2032 439 2080 ad
467 2033 606 2080 exitus
634 2032 1015 2093 depravatissimos
1044 2031 1346 2088 transferendi,
1375 2046 1423 2079 ut
1453 2032 1584 2079 etiam
1612 2032 1702 2079 ausi
1729 2031 1816 2079 sint
1843 2030 2030 2078 scribere

220 2101 425 2149 nonnulli
457 2101 699 2148 doctissimi
729 2101 931 2148 homines
962 2101 1113 2148 omnia
1141 2100 1277 2148 ferme
1306 2100 1418 2148 mala
1446 2114 1542 2147 orta
1569 2099 1696 2147 fuisse
1725 2118 1778 2147 ex
1803 2100 2030 2161 principiis

219 2170 360 2217 bonis.
396 2167 728 2226 Thelesforus,18
766 2169 904 2216 homo
940 2172 1147 2225 Graecus,
1179 2169 1445 2225 anachorita,
1478 2183 1603 2216 natus
1636 2186 1659 2215 a
1688 2169 1866 2215 Simone
1900 2171 2033 2215 Petro

217 2237 485 2299 pontificatu
512 2256 655 2285 nonus
685 2238 915 2298 (quantum
941 2237 1258 2298 comprehendi
1283 2237 1437 2284 litteris
1459 2237 1587 2284 sacris
1609 2237 1770 2298 potest)
1794 2237 1864 2283 vir
1885 2236 2028 2283 bonus

219 2306 317 2362 fuit,
338 2321 379 2353 et
398 2306 619 2366 augendae
638 2305 947 2366 ornandaeque
968 2305 1187 2366 religionis
1210 2305 1335 2352 huius
1356 2305 1597 2353 admodum
1617 2304 1847 2352 studiosus.
1872 2308 1910 2352 Is
1927 2322 2031 2365 ergo

220 2375 336 2421 inter
369 2374 450 2421 alia
485 2392 594 2434 quae
628 2375 779 2421 statuit
812 2373 1059 2434 pontificali
1095 2374 1353 2421 auctoritate
1388 2373 1573 2429 decreta,
1606 2373 1817 2420 ieiunium
1855 2390 2031 2433 quoque

219 2442 391 2489 dierum
414 2442 700 2502 quadraginta
716 2441 770 2488 ad
788 2443 943 2488 ieiunii
957 2441 1125 2488 Christi
1144 2442 1438 2488 imitationem
1460 2456 1588 2501 atque
1605 2440 1659 2488 ad
1675 2440 1802 2488 lunae
1821 2458 2026 2488 normam

217 2511 387 2571 primus
408 2510 597 2557 instituit
617 2528 735 2557 anno
754 2509 901 2557 salutis
920 2525 1093 2557 nostrae
1111 2510 1335 2570 trigesimo
1354 2509 1442 2557 fere
1460 2527 1582 2556 nono
1601 2524 1643 2556 et
1660 2509 1913 2557 centesimo.
1935 2509 2029 2568 Qui

219 2579 339 2625 enim
363 2593 463 2625 ante
488 2578 605 2625 hunc
628 2579 689 2625 rei
713 2578 988 2625 Christianae
1009 2578 1307 2638 praefuerunt,
1332 2581 1497 2634 Petrus,
1521 2578 1667 2634 Linus,
1692 2577 1858 2633 Cletus,
1884 2576 2029 2624 Clem-

219 2664 309 2702 ens,
332 2646 584 2702 Anacletus,
607 2647 840 2702 Evaristus,
863 2646 1126 2702 Alexander,
1147 2647 1303 2702 Sixtus,
1326 2646 1416 2692 aliis
1438 2646 1595 2692 intenti
1616 2645 1743 2692 rebus
1764 2645 1914 2692 ieiunii
1935 2662 2030 2692 nus-

219 2732 352 2774 quam
393 2712 672 2760 habuerant¹⁹
714 2712 1039 2760 mentionem.²⁰
1079 2718 1200 2760 Nam
1241 2713 1347 2760 illud
1387 2731 1562 2774 quoque
1602 2712 1723 2773 quod
1763 2731 1786 2760 a
1823 2726 2034 2773 quattuor

219 2782 324 2828 anni
345 2781 621 2842 temporibus
645 2799 811 2828 nomen
834 2781 963 2828 habet
985 2782 1196 2828 ieiunium
1220 2779 1456 2837 Calistus,21
1481 2781 1699 2828 Demetrii
1720 2780 1848 2836 filius,
1871 2784 2030 2827 Roma-

219 2868 301 2897 nus
321 2849 539 2910 pontifex,
562 2868 725 2897 novem
748 2864 790 2897 et
809 2850 1081 2910 septuaginta
1101 2849 1237 2896 ferme
1259 2867 1396 2896 annos
1415 2863 1568 2910 postea
1587 2846 1812 2896 induxit.²²
1832 2852 1886 2895 Et
1907 2847 2029 2909 quod

220 2933 320 2965 ante
338 2917 392 2965 ad
410 2918 720 2965 Hebraeorum
740 2917 926 2965 modum
948 2932 1015 2965 ter
1030 2918 1265 2978 quotannis
1286 2917 1459 2978 frugum
1479 2917 1571 2964 vini
1592 2931 1633 2964 et
1650 2916 1735 2964 olei
1755 2917 1891 2977 gratia
1906 2915 2030 2963 facie-

219 2986 340 3042 bant,
371 3001 530 3047 quarto
558 2986 721 3033 scilicet
753 3001 794 3033 et
822 2987 1013 3046 septimo
1044 3004 1191 3033 mense
1223 3000 1264 3032 et
1292 2985 1479 3042 decimo,
1511 2985 1565 3032 ad
1593 2984 1726 3032 altera
1753 2984 2030 3045 aequinoctia

300 3195 311 3219 f
328 3200 386 3238 Cf.
406 3201 615 3248 Diog.Laer.
642 3203 746 3244 Vitae,
766 3203 915 3244 vn1,13.
