2118 3444
139 151 328 185 PUBLIC
356 150 635 184 ORATIONS
1845 144 1937 185 207

139 288 277 335 fanno
301 288 340 335 le
365 305 517 348 guerre
542 287 622 334 che
645 305 725 348 per
748 288 893 334 vivere
915 305 1044 334 senza
1071 287 1252 348 ingiuria
1278 288 1322 334 in
1347 282 1488 348 pace;d
1510 287 1579 349 pel
1606 288 1704 349 qual
1731 287 1820 335 fine
1845 288 1942 336 solo

137 360 295 403 s'arma
313 356 394 403 che
412 373 436 402 a
453 355 601 416 quello
620 356 813 402 exercito
830 355 852 402 ὲ
870 355 1081 416 deputato
1101 356 1144 401 in
1164 355 1409 416 qualunche
1429 356 1562 416 luogo
1582 374 1786 417 appresso
1807 374 1830 403 3
1847 374 1947 417 qua-

138 424 298 471 lunche
322 424 515 479 natione,
537 441 581 470 se
603 423 658 470 da
677 422 785 470 altra
804 423 987 484 qualche
1007 438 1177 470 stranea
1197 423 1390 484 cupidita
1410 423 1450 471 la
1472 423 1786 471 deliberatione
1808 424 1830 471 ὲ
1852 443 1944 472 cor-

139 507 268 539 rotta.
292 495 495 538 Nessuna
518 509 618 538 cosa
642 491 686 538 di
709 506 858 552 queste
883 506 1029 538 nostre
1054 491 1076 538 ὲ
1099 491 1174 552 pisi
1199 506 1375 552 accepta
1394 491 1431 539 al
1454 510 1631 539 sommo
1658 507 1853 539 creatore
1875 492 1942 540 del

137 574 258 607 tutto
290 574 332 606 et
366 559 492 606 Iddio
523 560 847 620 omnipotente,
884 559 963 606 che
995 559 1035 606 13
1067 561 1398 607 conservatione
1432 559 1500 607 del
1534 574 1634 607 ceto
1665 560 1862 607 humano
1899 562 1943 607 in

137 642 294 689 questo
322 627 506 683 mondo,
536 627 576 674 13
604 626 729 688 quale
757 628 1096 674 maximamente
1125 628 1311 675 consiste
1340 627 1453 675 nella
1480 629 1626 689 quiete
1653 628 1856 676 humana.
1887 633 1941 676 Et

135 695 296 757 perche
322 695 345 743 ὲ
371 694 545 742 infinita
569 695 610 742 la
634 695 841 756 cupidita,
865 695 905 742 13
929 695 1046 742 virtu
1073 696 1299 752 rarissima,
1325 696 1352 742 il
1379 697 1490 743 vitio
1516 696 1659 744 molto
1683 696 1940 753 universale,

135 763 315 810 sarebbe
332 763 600 824 impossibile
621 763 793 810 durasse
809 781 969 810 ancora
984 763 1115 810 breve
1131 778 1284 824 tempo
1299 764 1453 811 alcuna
1469 764 1661 811 humana
1677 766 1942 825 congregati-

136 849 222 878 one
244 830 359 878 che¹⁴
382 848 474 877 non
493 845 676 877 temesse
696 830 862 887 l'arme,
884 829 998 878 che¹⁴
1019 830 1306 892 disprezzasse
1325 831 1366 878 13
1386 833 1574 892 ragione.
1596 834 1731 879 Tutte
1749 832 1788 879 le
1807 833 1941 879 storie

134 917 248 946 sono
268 899 519 959 pienissime
542 898 792 959 d'exempli3
815 917 886 946 ma
905 917 929 946 a
947 900 1022 946 noi
1044 898 1082 946 al
1101 914 1301 960 presente
1321 899 1432 946 basti
1450 899 1492 946 la
1509 899 1845 947 dimostratione
1866 918 1946 961 per

137 985 228 1014 non
264 984 455 1027 occupar
486 981 640 1027 tempo
675 966 972 1014 disutilmente
1009 967 1120 1014 nelle
1153 985 1252 1014 cose
1285 968 1524 1024 notissime,
1561 983 1603 1015 et
1633 968 1943 1029 specialmente

133 1034 309 1096 perche,
333 1034 388 1082 da
407 1049 564 1096 questo
584 1035 805 1096 principio
829 1050 871 1082 et
891 1035 946 1082 da
966 1050 1122 1096 questo
1143 1034 1434 1083 fondamento
1458 1036 1667 1093 naturale,
1690 1035 1940 1084 facilmente

133 1105 168 1151 si
187 1103 296 1151 vede
314 1118 478 1164 quanta
493 1104 555 1151 sia
571 1103 612 1150 la
629 1103 827 1160 nobilita,
848 1119 1011 1165 quanta
1026 1105 1087 1151 sia
1104 1104 1392 1152 l’excellentia
1407 1120 1449 1152 et
1467 1105 1676 1152 necessita
1692 1105 1805 1152 della
1821 1105 1943 1153 disci-

132 1172 254 1233 plina
278 1171 503 1219 dell'arme
526 1171 705 1232 quando
727 1190 857 1219 sanza
881 1172 908 1218 il
930 1190 1012 1219 suo
1035 1174 1284 1233 patrocinio
1308 1188 1350 1220 et
1372 1173 1521 1220 favore
1546 1173 1586 1221 la
1608 1175 1942 1221 conservatione

134 1239 202 1287 del
226 1255 326 1287 ceto
347 1239 544 1286 humano
568 1239 590 1286 ὲ
612 1240 892 1300 impossibile.

219 1308 363 1366 Quale
387 1307 409 1354 ὲ
433 1308 576 1368 quella
599 1308 716 1354 virtu
739 1308 916 1368 dunque
941 1308 1021 1355 che
1045 1309 1099 1355 ha
1122 1308 1261 1356 difeso
1283 1327 1454 1369 sempre
1479 1324 1521 1356 et
1540 1309 1633 1370 puo
1658 1309 1883 1357 difendere
1905 1314 1942 1357 e'

131 1375 287 1436 popoli
311 1375 422 1422 dalle
442 1376 647 1436 ingiurie?
673 1380 731 1422 La
752 1375 950 1423 militare.
974 1376 1118 1436 Quale
1139 1376 1161 1424 ὲ
1183 1377 1325 1438 quella
1346 1377 1573 1438 disciplina
1595 1377 1675 1424 che
1694 1377 1754 1425 s’e
1776 1393 1943 1425 armata

131 1461 212 1505 per
233 1444 336 1504 ogni
361 1443 430 1491 eta
449 1459 492 1491 et
512 1459 709 1504 pugnato
731 1462 811 1505 per
830 1444 871 1492 la
892 1444 1047 1492 liberta
1069 1445 1181 1492 della
1201 1445 1326 1493 citta?
1347 1450 1407 1493 La
1427 1446 1627 1493 militare.
1652 1446 1750 1493 Che
1772 1446 1794 1494 ὲ
1818 1446 1939 1494 final-

133 1526 282 1558 mente
300 1511 380 1558 che
398 1512 526 1558 abbia
543 1527 664 1559 tante
679 1512 799 1559 volte
816 1512 1067 1573 propulsate
1087 1513 1126 1560 le
1145 1514 1340 1573 'ngiurie‚
1360 1514 1590 1561 vendicata
1603 1514 1644 1561 la
1661 1514 1772 1570 fede,
1789 1530 1945 1562 ornata

132 1579 172 1626 13
200 1580 392 1639 giustitia
424 1597 446 1626 e
476 1580 579 1639 ogni
611 1579 749 1626 virtu?
780 1584 839 1627 La
868 1580 1069 1636 militare,
1099 1581 1139 1627 la
1169 1581 1294 1641 quale
1324 1596 1605 1637 certamente‚
1634 1582 1746 1629 tolta
1774 1583 1845 1629 via
1874 1582 1942 1629 del

133 1646 304 1694 mondo
328 1661 370 1694 et
394 1665 485 1694 non
509 1662 677 1694 mutata
697 1647 738 1695 la
758 1662 913 1695 natura
934 1663 976 1695 et
998 1648 1191 1709 cupidita
1212 1649 1447 1706 mondana,
1472 1649 1494 1696 ὲ
1517 1651 1758 1697 necessario
1783 1651 1828 1696 in
1850 1650 1943 1697 bre-

132 1716 312 1764 vissimo
335 1730 489 1776 tempo
513 1730 627 1763 tutte
647 1715 686 1763 le
708 1734 807 1763 cose
829 1731 977 1763 nostre
998 1717 1122 1764 sieno
1143 1716 1327 1764 lacerate
1346 1717 1458 1765 dalla
1476 1717 1688 1765 violentia
1708 1733 1750 1765 et
1772 1718 1939 1766 involte

133 1782 246 1830 nella
267 1782 542 1840 confusione,
566 1798 608 1831 et
629 1783 708 1831 che
729 1799 885 1845 questo
906 1799 1032 1832 tanto
1051 1803 1259 1846 supremo
1282 1800 1324 1833 et
1343 1785 1557 1846 singulare
1579 1801 1739 1833 ornato
1762 1786 1939 1834 manchi

132 1851 200 1899 del
224 1851 395 1899 mondo
419 1851 499 1899 che
519 1870 599 1913 per
619 1850 802 1913 quello¹⁵
824 1871 980 1900 mezzo
1001 1853 1098 1900 solo
1121 1853 1143 1901 ὲ
1165 1869 1437 1901 conservato.

217 1920 467 1967 Habbiamo
492 1920 612 1967 detto
638 1920 745 1968 della
768 1936 917 1968 natura
940 1936 981 1968 et
1006 1922 1248 1969 excellentia
1271 1922 1468 1979 dell'arte,
1493 1923 1860 1971 accomodia‹m›la
1884 1942 1960 1971 ora

131 2003 295 2048 quanto
310 1989 345 2035 si
359 1988 452 2048 puo
469 1988 743 2036 brevemente
761 1989 838 2036 alla
851 2007 1034 2050 persona
1050 1990 1115 2037 del
1133 1991 1358 2051 Capitano.
1376 1992 1490 2038 Dico
1507 1991 1705 2052 adunque
1722 1991 1812 2048 che,
1831 2010 1957 2039 come

131 2073 310 2103 nessuna
329 2056 535 2112 doctrina,
557 2074 735 2104 nessuna
754 2075 851 2104 cosa
868 2057 960 2118 puo
981 2059 1205 2105 consistere
1224 2076 1349 2106 senza
1366 2077 1446 2106 suo
1467 2074 1584 2106 certo
1605 2074 1646 2106 et
1667 2059 1951 2107 determinato

131 2122 315 2170 ordine¹⁶
348 2124 425 2171 che
455 2142 658 2171 conserva
687 2125 860 2181 l'essere,
890 2125 977 2173 cosi
1007 2141 1152 2187 questa
1180 2128 1508 2187 prestantissima
1536 2127 1754 2188 disciplina
1783 2127 1837 2175 ha
1865 2146 1945 2175 suo

130 2206 248 2239 certo
268 2192 553 2239 determinato
572 2193 709 2240 modo
729 2194 773 2239 in
792 2194 869 2241 che
889 2195 1079 2241 consiste.
1099 2199 1152 2242 Et
1170 2195 1522 2256 principalmente
1540 2197 1574 2243 si
1593 2197 1747 2243 ricerca
1764 2214 1890 2243 come
1910 2197 1955 2243 in

130 2274 240 2306 tutte
270 2259 402 2306 l’altre
433 2278 541 2316 cose,
571 2279 662 2307 non
690 2261 924 2309 solamente
954 2262 1139 2309 humane
1170 2281 1241 2309 ma
1268 2263 1421 2319 divine,
1450 2282 1541 2310 uno
1569 2265 1761 2325 principe
1791 2279 1832 2311 et
1861 2283 1952 2311 uno

129 2342 423 2387 governatore,
443 2328 469 2373 il
490 2328 640 2388 quale
630 2346 674 2374 ln
693 2344 839 2411 questa
856 2344 942 2376 arte
959 2348 1039 2390 per
1055 2331 1196 2377 antico
1215 2348 1346 2378 nome
1366 2335 1568 2378 Romano
1586 2333 1621 2378 si
1639 2331 1834 2379 chiama
1823 2350 1954 2393 impe-

131 2395 294 2451 radore,
312 2413 510 2456 appresso
529 2414 552 2443 a
569 2397 644 2443 noi
662 2396 683 2443 ὲ
700 2396 775 2457 piu
794 2412 1001 2445 consueto
1019 2413 1060 2445 et
1076 2398 1151 2459 piu
1170 2399 1272 2446 trito
1290 2400 1499 2459 capitano,
1517 2399 1681 2447 benche
1699 2415 1862 2460 quanto
1881 2400 1959 2447 alla

128 2478 322 2524 presente
350 2463 635 2524 disputatione
661 2480 915 2526 appartenga
940 2465 1035 2513 dell’
1037 2484 1128 2513 uno
1154 2481 1194 2514 et
1221 2466 1315 2514 dell’
1318 2467 1426 2514 altro
1454 2485 1585 2515 nome
1611 2466 1683 2515 la¹7
1710 2468 1942 2515 medesima

128 2530 445 2591 significatione.
477 2535 660 2591 Questo‚
689 2551 731 2580 se
761 2551 964 2581 vorremo
995 2535 1321 2582 accommodare
1351 2535 1429 2582 alla
1457 2550 1607 2583 natura
1635 2535 1730 2583 dell'
1734 2551 1834 2592 arte,
1862 2536 1952 2583 sara

130 2600 360 2647 necessario
382 2615 591 2661 contenga
610 2602 654 2647 in
674 2601 716 2648 se
738 2602 838 2662 ogni
857 2603 1050 2649 virtuoso
1073 2602 1232 2659 habito,
1251 2603 1407 2664 perche
1428 2622 1519 2651 non
1538 2603 1666 2665 potra
1685 2622 1815 2652 essere
1835 2605 1948 2666 prin-

129 2668 221 2728 cipe
248 2683 289 2715 et
315 2686 423 2729 capo
450 2687 474 2716 a
497 2669 744 2730 propulsare
770 2670 809 2717 la
835 2671 1010 2731 ’ngiuria
1034 2670 1232 2719 l’huomo
1259 2672 1503 2732 ingiurioso,
1530 2670 1618 2720 ne¹⁸
1647 2691 1671 2720 3
1693 2673 1942 2734 propulsare

128 2735 167 2783 la
184 2736 387 2783 violentia
406 2737 432 2783 il
451 2738 651 2798 superbo,
670 2738 705 2784 el
726 2738 870 2785 danno
889 2739 1058 2795 l’avaro,
1078 2739 1116 2786 la
1135 2739 1435 2800 ’mpudicitia¹⁹
1455 2740 1721 2801 l’impudico,
1740 2741 1779 2788 la
1798 2742 1942 2788 incon-

128 2802 339 2851 tinentia²⁰
376 2804 402 2850 il
438 2805 671 2861 luxurioso,
706 2806 744 2852 la
777 2806 895 2853 foma
930 2807 955 2852 il
990 2807 1158 2863 timido,
1194 2807 1232 2854 la
1264 2806 1403 2855 vilta²1
1442 2808 1687 2855 finalmente
1723 2807 1834 2856 chi²²
1871 2809 1941 2856 ara

129 2870 237 2918 fatto
258 2873 475 2932 superiore
498 2873 744 2920 nell'animo
765 2874 819 2934 gli
841 2875 1016 2935 appetiti
1038 2890 1078 2922 et
1099 2873 1371 2936 soggiogata²³
1397 2876 1534 2936 quella
1555 2876 1632 2923 che
1653 2876 1792 2923 debba
1813 2895 1943 2924 essere

130 2940 270 3000 regina
289 2940 395 2987 delle
416 2942 656 3001 operationi
678 2941 876 2998 humane,
897 2942 935 2989 13
956 2944 1135 3003 ragione.

207 3146 224 3171 ἃ
242 3152 301 3190 cf.
320 3153 507 3197 Aristode,
523 3154 669 3198 Politia,
689 3157 934 3198 vn‚14,1333a
952 3159 1007 3193 35.
