2118 3444
151 163 379 196 PRIVATE
407 162 633 195 LETTERS
1863 158 1948 198 143

151 300 306 347 rissimi
338 293 567 355 historici,b
594 298 709 346 filius
735 313 811 355 est,
838 314 879 346 et
903 299 1024 360 quod
1051 300 1137 360 ipse
1163 301 1354 360 parentis
1378 301 1587 347 virtutem
1615 301 1808 348 imitatus
1834 300 1957 348 facile

149 367 287 415 efficit
304 383 351 414 ut
372 369 516 414 minus
536 382 631 414 tum
651 367 899 414 doctrinam
917 382 1012 414 tum
1033 367 1289 427 elegantiam
1309 368 1420 415 illius
1441 368 1746 416 desideremus.
1767 373 1876 416 Non
1898 387 1959 416 ar-

149 436 292 483 bitror
311 453 421 496 opus
442 450 503 482 est
523 435 705 482 testibus
723 450 770 482 ut
792 436 879 495 ipse
901 450 1094 482 mentem
1116 435 1194 482 hac
1211 454 1285 483 sua
1307 437 1350 482 in
1370 454 1494 483 causa
1514 454 1655 483 meam
1673 437 1956 497 studiumque

151 521 267 550 nunc
296 518 544 563 cognoscat,
574 503 808 563 credatque
835 521 903 549 me
932 503 1038 548 nihil
1069 503 1189 563 quod
1217 504 1270 550 ad
1296 522 1390 550 eam
1418 504 1544 551 faciat
1572 522 1659 551 esse
1686 506 1957 564 praetermis·

147 589 313 627 surum,
337 585 384 617 ut
405 570 486 617 feci
506 570 620 627 alias,
640 570 761 631 quod
782 571 869 631 ipse
890 570 1150 631 perpulchre
1173 573 1309 618 novit.
1331 576 1384 619 Et
1405 587 1452 619 ut
1473 572 1589 619 idern
1609 571 1764 619 faciam
1784 572 1858 619 ubi
1881 573 1954 620 ubi

148 640 320 686 occasio
346 639 442 694 erit,
467 653 551 685 stat
574 639 802 685 sententia.
831 638 1079 686 Adversarii
1103 640 1344 700 pervicacia
1367 640 1515 687 multis
1542 639 1676 687 fulcta
1698 641 1954 701 potentibus

148 707 350 754 amicitiis
366 706 664 753 difficiliorem
682 724 791 767 quae
807 706 1012 754 facillima
1027 725 1113 754 esse
1129 707 1279 754 debuit
1294 708 1419 755 vobis
1438 708 1579 755 reddit
1594 710 1954 756 controversiam.

147 779 210 821 Ex
235 793 325 835 quo
349 793 428 821 vos
453 774 596 822 multo
620 775 727 822 eniti
750 774 1053 822 vehementius
1076 790 1252 836 oportet
1276 790 1317 823 et
1341 794 1566 837 opponere
1592 777 1704 824 vires
1726 777 1890 824 viribus
1916 792 1958 824 et

147 858 312 890 certare
327 861 427 889 cum
445 844 646 903 potentia
663 843 779 890 haud
795 844 1048 904 inpotenter
1063 858 1105 890 et
1121 845 1284 891 amicos
1302 844 1501 891 conferre
1519 846 1733 901 amicitiis,
1752 845 1955 906 denique,

146 926 194 958 ut
215 912 273 958 ait
293 912 556 967 Terentius,c
575 929 655 971 par
672 912 765 972 pari
787 910 946 958 referre
966 911 1086 972 quod
1107 912 1367 959 remordeat.
1388 917 1498 959 Non
1521 912 1678 960 dubito
1700 912 1803 969 fere,
1821 914 1856 960 si
1878 931 1956 961 vos

148 979 370 1026 machinas
391 994 432 1026 et
449 994 673 1026 tormenta
692 979 988 1036 admoveritis,
1008 981 1086 1027 etsi
1107 981 1301 1027 munitus
1323 981 1461 1028 multa
1478 996 1568 1028 arte
1587 999 1635 1028 ac
1652 996 1814 1028 conatu
1832 981 1954 1029 locus

146 1062 223 1103 est,
247 1062 396 1095 tamen
422 1047 753 1108 expugnabitur.
782 1052 887 1108 Ego,
916 1048 1036 1109 quod
1061 1048 1115 1095 ad
1139 1067 1207 1096 me
1233 1050 1403 1105 attinet,
1428 1049 1598 1096 navabo
1623 1049 1749 1097 vobis
1776 1068 1956 1111 operam

145 1115 480 1176 perdiligentem
510 1131 725 1176 quantum
757 1117 882 1172 vires,
913 1116 1122 1173 studium,
1156 1117 1452 1178 industriaque
1482 1118 1703 1165 valebunt.
1735 1118 1860 1164 Nihil
1896 1134 1957 1166 est

146 1184 267 1244 quod
286 1202 421 1244 aeque
439 1202 487 1231 ac
503 1184 737 1244 gratificari
754 1184 834 1231 tibi
852 1199 894 1231 et
914 1203 1083 1232 morem
1103 1203 1249 1245 gerere
1266 1186 1472 1233 omnibus
1496 1187 1540 1232 in
1560 1186 1687 1233 rebus
1705 1187 1851 1233 velim.
1874 1191 1955 1234 Ce-

145 1267 289 1298 terum
314 1252 465 1298 reddet
484 1252 563 1298 tibi
584 1257 736 1299 Frater
752 1256 902 1299 Santes
923 1271 1044 1300 meus
1066 1253 1140 1300 has
1161 1253 1338 1309 litteras,
1360 1272 1491 1314 quem
1513 1255 1645 1301 mitto
1667 1255 1775 1301 istuc
1795 1254 1861 1301 ut¹
1887 1273 1956 1302 ne-

144 1319 362 1380 gotiolum
387 1320 611 1380 quoddam
634 1338 782 1367 meum
805 1335 1004 1367 curatum
1026 1339 1077 1368 ex
1098 1339 1152 1368 eo
1172 1339 1320 1368 coram
1342 1322 1566 1382 intelliges.
1589 1325 1652 1369 Te
1673 1341 1755 1369 oro
1775 1341 1858 1383 pro
1880 1338 1954 1370 tua

147 1388 418 1434 humanitate
440 1402 606 1448 tuoque
630 1389 673 1434 in
697 1406 766 1435 me
786 1406 934 1435 amore
956 1404 997 1435 et
1016 1407 1099 1449 pro
1122 1407 1222 1436 meo
1245 1391 1288 1435 in
1310 1404 1352 1436 te
1372 1390 1492 1437 cultu
1513 1405 1642 1450 atque
1662 1391 1953 1447 observantia,

144 1470 191 1502 ut
218 1474 288 1502 me
314 1457 467 1516 quanti
493 1455 621 1502 facias
643 1456 787 1516 palam
814 1456 1016 1504 ostendas
1043 1458 1086 1503 in
1114 1457 1341 1504 hominem
1370 1458 1746 1505 observantiorem
1773 1460 1851 1515 tui,
1880 1460 1954 1520 qui

145 1524 279 1583 magis
298 1523 470 1570 deditus
485 1525 539 1570 sit
556 1524 650 1580 tibi,
670 1525 744 1584 qui
759 1524 856 1585 plus
874 1526 1084 1572 virtutem
1103 1525 1344 1573 admiretur
1358 1541 1479 1573 tuam
1497 1541 1538 1573 et
1554 1528 1698 1587 augeri
1715 1542 1756 1574 et
1772 1527 1952 1588 perduci

144 1591 197 1639 ad
214 1610 439 1639 summum
462 1607 583 1639 tuam
604 1592 861 1653 dignitatem
881 1594 1026 1654 cupiat
1046 1593 1245 1641 conferre
1266 1613 1397 1655 quam
1418 1596 1461 1641 in
1483 1613 1552 1642 me
1572 1595 1838 1642 beneficium
1861 1614 1952 1643 non

142 1675 280 1720 potes.
305 1665 381 1707 Me
401 1660 481 1707 tibi
500 1660 787 1708 vehementer
803 1661 1044 1721 plurimum
1070 1663 1201 1709 etiam
1222 1677 1351 1723 atque
1371 1664 1503 1710 etiam
1524 1664 1805 1711 commendo.
1831 1664 1950 1711 Vale.

142 1729 228 1774 Die
250 1729 293 1773 xi
317 1729 502 1775 Ianuarii
529 1733 647 1775 1482.

1012 1872 1089 1913 175

323 1940 402 1979 TO
426 1942 803 1980 SIGISMONDO
826 1942 1007 1980 DELLA
1030 1942 1209 1982 STUFA
1231 1945 1296 1982 IN
1317 1943 1432 1981 THE
1453 1945 1769 1983 ROMAGNA²

856 2012 902 2048 13
922 2012 1113 2061 January
1136 2013 1239 2049 1483

225 2103 309 2148 Mo,
331 2100 397 2140 fol.
418 2104 496 2141 37r.
518 2101 720 2141 Cancelled
741 2101 838 2142 draft
858 2102 908 2154 by
928 2102 1054 2143 Scribe
1072 2105 1121 2150 A,
1143 2102 1295 2143 headed:
1319 2104 1568 2155 ‘Sigismundo
1592 2104 1729 2152 Stufae,
1751 2107 1868 2145 Com-

227 2157 395 2196 m'mario
419 2158 457 2196 in
475 2157 683 2197 Flaminia.’

141 2260 347 2307 Parecchi
370 2260 413 2307 di
434 2279 547 2308 sono
573 2261 652 2308 che
678 2261 808 2309 hebbi
832 2262 871 2309 la
894 2277 968 2309 tua
990 2262 1143 2310 lettera
1163 2278 1204 2310 et
1227 2263 1286 2311 ho
1310 2263 1428 2311 facto
1450 2265 1611 2312 avisare
1633 2269 1800 2312 Messer
1823 2270 1954 2313 Bene-

141 2327 302 2384 decto‚l
327 2343 369 2375 et
391 2347 434 2375 se
457 2329 513 2389 gli
537 2329 664 2390 parra
687 2348 823 2377 essere
845 2345 960 2377 stato
983 2331 1093 2378 bene
1114 2333 1291 2388 servito,
1317 2347 1358 2379 et
1381 2332 1440 2379 lui
1465 2348 1507 2380 et
1531 2334 1574 2380 io
1597 2352 1676 2394 per
1696 2352 1777 2381 suo
1801 2352 1951 2381 amore

141 2397 173 2443 ti
196 2395 451 2443 resteremo2
474 2397 666 2458 obligati.
691 2402 793 2445 Con
817 2413 967 2459 questa
985 2399 1078 2446 sara
1099 2418 1185 2447 una
1207 2400 1249 2447 di
1273 2405 1474 2448 Lorenzo
1496 2401 1532 2448 al
1553 2403 1733 2462 Signore
1758 2402 1801 2449 di
1822 2406 1953 2449 Faen-

139 2459 224 2520 za,b
256 2465 299 2510 in
329 2465 471 2524 quella
498 2465 642 2512 forma
670 2466 750 2513 che
777 2468 810 2513 ti
837 2485 968 2527 parve
995 2467 1154 2528 perche
1183 2468 1209 2514 il
1237 2469 1372 2528 grado
1397 2470 1458 2516 sia
1483 2488 1564 2516 suo
1592 2488 1718 2517 come
1747 2469 1768 2517 ὲ
1797 2488 1953 2517 conve-

142 2533 302 2579 niente.
323 2534 513 2593 Priegoti
531 2535 591 2579 mi
612 2535 890 2582 raccomandi
909 2535 945 2582 al
963 2536 1142 2596 Signore
1160 2551 1468 2584 strectamente
1485 2552 1526 2584 et
1542 2537 1622 2584 che
1640 2537 1669 2583 li
1688 2537 1795 2585 faeci
1812 2539 1950 2585 inten-

141 2600 242 2647 dere
263 2600 342 2647 che
367 2602 410 2648 io
432 2619 545 2648 sono
568 2620 648 2649 suo
670 2603 904 2650 servidore.

219 2829 234 2854 '³
255 2835 376 2873 Flavio
398 2835 551 2874 Biondo.
571 2839 633 2874 See
652 2840 808 2885 Nogara,
830 2850 916 2875 note
935 2837 966 2886 a)
987 2838 1111 2882 above,
1132 2838 1201 2876 and
1222 2839 1397 2877 R.Fubini
1416 2841 1455 2876 in
1472 2842 1560 2883 DBI,
1578 2855 1638 2884 s.v;
1660 2840 1793 2878 author
1811 2840 1852 2878 of
1868 2840 1953 2878 four

139 2889 339 2936 important
357 2888 532 2933 histories,
547 2893 781 2927 Historiarum
797 2891 844 2928 ab
857 2891 1082 2929 inclinatione
1095 2894 1338 2930 Romanorum
1351 2893 1500 2935 decade5,·
1513 2893 1612 2931 Italia
1629 2893 1815 2936 illustratas,
1834 2896 1947 2931 Roma

140 2943 342 2983 instaurata;
360 2940 430 2978 and
446 2943 560 2978 Roma
579 2941 794 2990 triumphans
812 2942 932 2989 (Basle,
956 2943 1066 2991 1531).

219 3002 233 3015 Ε
250 3001 418 3042 Terence,
435 3002 675 3037 Eun.444-45.

220 3060 231 3074 ²
250 3055 457 3094 Florentine
470 3058 702 3105 commissary
722 3059 760 3094 in
775 3057 837 3095 the
854 3061 1039 3107 Romagna
1055 3058 1114 3096 for
1128 3063 1148 3096 2
1164 3059 1313 3097 months
1327 3059 1423 3097 from
1442 3064 1484 3098 25
1500 3061 1714 3098 November
1734 3065 1831 3105 1482,
1849 3063 1952 3099 Dieci

137 3108 175 3146 di
194 3108 299 3152 Balla,
318 3109 587 3147 Deliberazioni
605 3124 623 3148 e
642 3110 829 3149 Condotte
846 3115 901 3155 24,
920 3111 982 3149 fol.
1002 3116 1058 3149 9v.

219 3160 234 3184 ¹³
254 3169 418 3204 Lorenzo
435 3166 491 3204 de'
510 3167 643 3205 Medici
661 3180 700 3205 to
720 3168 890 3206 Galeotto
909 3169 1098 3207 Manfredi.
1119 3169 1195 3207 The
1213 3170 1317 3208 letter
1333 3171 1359 3208 is
1378 3183 1444 3208 not
1461 3183 1594 3208 extant.
