2118 3444
213 164 303 204 282
1823 171 1961 204 PART
1986 171 2017 203 V

212 309 354 368 potui,
375 307 496 368 quod
514 308 588 368 qui
603 307 736 368 paulo
754 321 854 354 ante
870 306 1108 354 humanam
1127 308 1241 354 visus
1257 308 1312 354 sis
1329 307 1638 354 condicionem
1657 308 1788 355 etiam
1805 307 2020 369 complec-

213 377 246 423 ti
274 375 487 432 laudibus,
518 390 609 422 tam
637 376 727 422 cito
755 376 932 422 mutatis
958 375 1101 422 verbis
1130 393 1280 422 caecos
1308 375 1508 422 homines
1538 390 1610 423 aut
1638 390 1753 423 certe
1780 376 2022 424 admodum

214 445 396 491 miseros
416 443 612 490 edixeris.
633 447 726 503 Age
742 461 862 499 vero,
882 443 987 504 quid
1003 458 1065 490 est
1084 443 1204 504 quod
1222 458 1264 490 te
1279 443 1346 490 vel
1366 444 1566 500 mutavit,
1583 443 1651 490 vel
1669 443 1713 491 id
1730 458 1846 491 certe
1861 443 2022 501 effecit,

212 527 260 559 ut
282 513 367 559 tuis
388 530 468 572 ego
487 526 529 558 te
547 511 690 558 verbis
711 525 931 559 mutatum
951 512 1209 572 suspicarer?
1230 516 1350 559 Nam
1372 513 1464 568 etsi,
1483 526 1531 559 ut
1551 511 1670 568 dicis,
1690 513 1879 572 graviter
1894 530 1918 560 a
1936 512 2022 560 for-

213 595 320 627 tuna
337 598 564 640 percussus
585 598 641 636 es,
660 597 752 626 non
772 594 921 626 tamen
939 598 1039 626 eum
1060 594 1102 626 te
1119 597 1206 627 esse
1226 594 1347 627 certo
1362 581 1453 627 scio
1474 581 1548 640 qui
1566 598 1618 627 ex
1637 579 1815 627 fortuna
1829 580 2020 641 pendeas

213 649 375 709 quique
394 649 439 694 in
457 648 543 695 alio
559 649 708 708 potius
727 666 859 708 quam
876 648 921 694 in
938 662 980 695 te
998 649 1092 708 ipso
1111 647 1191 695 tibi
1208 647 1460 695 felicitatem
1474 649 1664 709 positam
1682 666 1769 695 esse
1786 649 2018 696 arbitreris.

213 716 261 764 Id
279 717 398 763 enim
420 731 527 763 esset
548 731 589 763 et
607 734 630 763 a
648 730 723 763 tua
740 717 951 776 sapientia
967 716 1095 776 longe
1116 716 1306 763 alienum
1328 731 1368 763 et
1386 734 1585 777 perverse
1606 716 1847 764 admodum
1867 731 2022 764 natura

213 799 519 845 comparatum
537 799 585 831 ut
601 799 727 831 tanto
744 785 789 830 in
808 784 934 831 nobis
952 785 1125 831 virtutis
1140 799 1269 845 atque
1286 784 1523 831 honestatis
1542 785 1695 831 innato
1713 784 1867 832 ardore
1882 784 2021 832 labor-

213 853 425 900 iosissima
448 870 644 913 quaeque
665 866 706 899 et
723 852 1087 913 periculosissima
1111 853 1242 900 etiam
1261 852 1544 900 libentissime
1568 853 1625 900 ob
1646 854 1856 900 virtutem
1874 853 2021 901 subea-

212 939 322 977 mus,
343 922 377 967 si
397 920 685 967 nihilominus
707 938 756 967 ea
771 921 835 967 vis
853 935 914 967 est
933 935 1005 967 aut
1023 920 1187 967 doloris
1207 935 1279 967 aut
1297 922 1535 981 cuiuspiam
1557 921 1663 967 alius
1678 921 2022 981 perturbationis

210 1003 259 1036 ut
280 988 332 1035 de
351 988 451 1036 sede
470 1006 546 1035 sua
567 1006 615 1035 ac
633 988 947 1048 tranquillitate
966 989 1177 1044 animum,
1201 1003 1410 1049 tanquam
1429 988 1544 1035 vallo
1565 988 1763 1049 fossaque
1783 989 2020 1036 virtutibus

212 1057 450 1113 munitum,
478 1056 662 1103 deiicere
684 1056 823 1103 valeat
847 1071 975 1117 atque
995 1071 1283 1117 prosternere.
1311 1056 1435 1116 Quid
1459 1057 1577 1104 enim
1602 1056 1795 1104 valerent
1816 1057 2020 1104 virtutes?

211 1129 303 1172 Aut
321 1125 428 1185 quid
443 1143 511 1172 eas
527 1139 654 1172 tanto
668 1124 828 1181 studio,
847 1124 1068 1172 laboribus
1086 1126 1217 1172 etiam
1235 1125 1476 1185 quibusque
1493 1125 1781 1185 periculisque
1796 1125 2018 1186 posthabi-

211 1191 675 1253 tis,'compararemus?
696 1192 821 1251 Quid
838 1193 966 1239 Decii
984 1192 1176 1248 tandem,
1196 1192 1301 1253 quid
1319 1194 1492 1249 Curius,
1514 1192 1620 1253 quid
1637 1192 1863 1240 fortissimi
1883 1194 2020 1249 Bruti,

211 1261 319 1322 quid
348 1261 535 1308 trecenti
564 1261 700 1317 Fabii,
734 1260 840 1321 quid
870 1260 941 1308 alii
973 1261 1323 1318 innumerabiles,
1359 1262 1433 1322 qui
1463 1279 1546 1322 pro
1577 1262 1718 1322 patria
1746 1260 1815 1308 vel
1847 1260 2023 1308 fortiter

211 1329 515 1390 depugnavere
532 1329 599 1376 vel
618 1329 925 1389 gloriosissime
947 1330 1170 1376 interiere?
1187 1333 1354 1376 Nonne
1373 1329 1434 1375 illi
1454 1329 1631 1390 quidem
1649 1329 1819 1376 ridiculi
1838 1328 2019 1377 fuissent

211 1413 341 1458 atque
359 1397 690 1454 contemnendi,
711 1415 820 1458 quos
841 1397 1128 1444 nihilominus
1152 1397 1481 1445 immortalitate
1501 1397 1557 1444 ob
1578 1398 1790 1458 egregiam
1808 1398 2019 1445 virtutem

211 1466 400 1513 donatos
431 1466 644 1522 videmus,
677 1480 725 1513 ut
757 1484 849 1512 non
878 1465 1022 1513 solum
1055 1466 1259 1522 Romani,
1293 1466 1449 1526 quibus
1482 1465 1542 1512 illi
1573 1465 1841 1522 laborarunt,
1872 1465 1948 1513 sed
1978 1480 2020 1513 et

211 1535 371 1581 Graeci
394 1549 435 1581 et
459 1534 632 1581 barbari
659 1533 874 1590 homines,
901 1535 935 1581 si
962 1533 1099 1581 modo
1122 1534 1255 1594 paulo
1281 1534 1560 1581 humaniores
1586 1535 1686 1590 sint,
1713 1552 1940 1595 nunquam
1967 1533 2020 1581 de

211 1620 366 1650 eorum
392 1603 607 1650 memoria
630 1617 672 1650 et
694 1620 849 1663 magna
870 1602 1048 1663 quidem
1071 1620 1171 1649 cum
1195 1602 1319 1650 laude
1343 1603 1658 1650 conticescant?

295 1673 364 1718 Tu
394 1689 585 1732 quoque,
615 1675 793 1727 Cosme,
825 1672 899 1731 qui
926 1686 1099 1718 tantum
1127 1670 1334 1731 evigilasti
1364 1672 1408 1717 in
1436 1672 1538 1727 vita,
1567 1671 1673 1731 quid
1699 1685 1766 1718 tot
1793 1685 2021 1732 tantasque

211 1757 334 1786 curas
365 1739 622 1799 laboresque
659 1753 701 1786 et
735 1739 985 1786 discrimina
1016 1757 1100 1799 pro
1135 1740 1296 1795 amicis,
1330 1757 1414 1799 pro
1446 1739 1587 1799 patria
1619 1739 1803 1795 adivisti,
1838 1738 1945 1800 quid
1977 1753 2020 1786 te

209 1825 384 1868 semper
410 1808 591 1868 privasti
620 1808 744 1854 omni
776 1806 1002 1868 voluptate
1032 1808 1113 1854 nisi
1143 1825 1251 1868 quae
1282 1825 1333 1854 ex
1362 1822 1477 1854 recte
1505 1806 1723 1854 factorum
1754 1807 2021 1854 conscientia

211 1878 429 1923 manaret?
449 1876 574 1935 Quid
593 1876 955 1923 ambitiosissimis
978 1876 1085 1923 olim
1105 1876 1284 1932 civibus,
1306 1894 1359 1923 ne
1375 1877 1562 1937 patriam
1582 1875 1693 1923 hanc
1712 1890 1908 1923 nostram
1925 1875 2018 1937 pul-

210 1944 475 1991 cherrimam
500 1959 541 1991 et
562 1944 919 1991 florentissimam
943 1945 1217 1991 insanissimo
1243 1944 1389 1991 furore
1411 1963 1491 1991 suo
1512 1944 1673 2005 perditi
1694 1944 1895 1991 homines
1917 1962 2019 1991 con-

210 2012 446 2069 culcarent,
465 2027 587 2060 tanta
602 2012 837 2073 prudentia
854 2027 1060 2074 tantaque
1078 2014 1212 2060 animi
1234 2012 1536 2060 moderatione
1555 2013 1782 2060 occurristi
1801 2027 1850 2060 ut
1868 2030 1922 2060 ne
1942 2013 2019 2059 ini-

210 2082 314 2128 mici
335 2081 528 2141 quidem,
552 2082 734 2128 minime
758 2082 894 2141 quieti
914 2080 1115 2128 homines
1137 2095 1210 2128 aut
1229 2081 1336 2128 boni
1360 2082 1486 2137 cives,
1505 2081 1539 2128 si
1562 2099 1653 2128 non
1674 2080 1848 2128 laudare
1866 2095 1923 2137 te,
1944 2081 2019 2142 qui

209 2164 421 2209 tanquam
452 2167 504 2196 ex
532 2150 822 2196 voracissimis
854 2148 1044 2196 ferarum
1074 2149 1268 2196 faucibus
1299 2149 1351 2196 de
1381 2167 1535 2196 eorum
1566 2149 1766 2196 manibus
1798 2149 2016 2196 extorsisti

207 2218 396 2278 patriam
419 2231 461 2264 et
482 2217 799 2278 rempublicam
825 2216 1110 2274 confirmasti,
1133 2232 1295 2274 tamen,
1317 2232 1463 2264 tantus
1484 2231 1545 2264 est
1566 2218 1740 2264 virtutis
1761 2216 2015 2264 honestatis-

210 2304 293 2346 que
314 2285 460 2342 decor,
480 2286 727 2346 vituperare
749 2300 805 2342 te,
826 2286 1019 2346 inquam,
1041 2286 1207 2333 inimici
1228 2286 1308 2346 ipsi
1329 2286 1407 2342 tui,
1430 2285 1473 2332 id
1492 2300 1553 2333 est
1575 2285 1835 2346 reipublicae
1858 2285 2016 2342 hostes,

210 2355 296 2401 iam
319 2372 411 2400 non
435 2354 644 2401 audeant?
666 2354 790 2413 Quid
813 2354 1137 2401 terribilissimis
1163 2354 1332 2414 regibus
1358 2369 1399 2401 et
1421 2354 1602 2401 ducibus
1626 2353 1886 2410 fortissimis,
1912 2353 2019 2414 quid

208 2422 526 2482 superbissimis
564 2422 739 2482 populis
777 2437 818 2469 et
853 2422 1105 2469 nationibus
1140 2423 1325 2482 patriam
1360 2421 1664 2469 infestantibus
1699 2421 1809 2469 adeo
1844 2421 2020 2469 fortiter

209 2490 418 2536 obstitisti
439 2504 704 2550 pacatosque
728 2490 907 2536 tandem
930 2505 970 2537 et
994 2490 1186 2550 quodam
1211 2490 1347 2537 modo
1370 2504 1595 2550 superatos
1618 2490 1744 2536 nobis
1770 2489 2017 2536 reddidisti?

209 2557 348 2617 Quid,
370 2572 417 2604 ut
437 2557 491 2604 ad
509 2575 558 2604 ea
574 2558 748 2604 veniam
769 2576 877 2618 quae
895 2558 1074 2618 propria
1094 2558 1227 2618 magis
1246 2572 1346 2605 sunt
1367 2572 1409 2604 et
1427 2572 1514 2614 tua,
1532 2557 1837 2618 philosophiae
1860 2556 2014 2604 studiis

209 2640 440 2686 tantopere
458 2625 688 2673 insudasti?
707 2625 845 2685 Quid,
863 2625 1056 2682 tandem,
1074 2644 1214 2686 neque
1231 2640 1345 2673 terra
1359 2643 1499 2686 neque
1517 2625 1650 2681 caelo,
1667 2640 1715 2672 ut
1732 2626 1867 2681 aiunt,
1886 2626 2018 2672 intac-

209 2708 305 2740 tum
328 2693 493 2754 aliquid
514 2708 587 2740 aut
609 2694 884 2753 incognitum
908 2693 1118 2754 reliquisti
1139 2695 1173 2740 si
1196 2712 1291 2740 eam
1313 2711 1431 2740 casus
1451 2694 1542 2739 vim
1566 2693 1709 2749 habet,
1730 2693 1765 2740 si
1787 2692 1831 2740 id
1851 2707 1913 2740 est
1934 2692 2019 2739 for-

209 2776 340 2808 tunae
359 2762 594 2822 imperium
612 2776 660 2808 ut
678 2762 737 2808 ita
750 2762 1041 2808 constitutum
1059 2762 1255 2808 animum
1275 2762 1418 2822 itaque
1432 2775 1602 2822 partam
1619 2760 1745 2807 nobis
1763 2760 2017 2807 felicitatem

209 2830 456 2876 temeritate
473 2847 549 2876 sua
568 2830 704 2889 possit
726 2843 988 2890 pervertere,
1007 2829 1146 2889 deque
1163 2830 1324 2876 virtute
1344 2830 1446 2890 ipsa,
1468 2847 1576 2889 quae
1598 2829 1743 2888 regina
1761 2843 1823 2875 est
1843 2842 1884 2875 et
1902 2829 2016 2875 vitae

209 2897 360 2944 beatae
382 2897 576 2953 domina,
601 2912 811 2957 tanquam
833 2897 885 2944 de
906 2897 1080 2944 devicto
1101 2898 1361 2957 captivoque
1385 2896 1508 2943 hoste
1530 2896 1836 2956 gloriosissime
1863 2896 2014 2943 trium

208 2964 380 3025 phare?'

296 3037 419 3079 Haec
440 3050 520 3093 ego
542 3050 643 3079 cum
667 3031 870 3079 dixissem
894 3032 1050 3093 illeque
1072 3032 1250 3079 tandem
1272 3031 1444 3079 vultum
1466 3031 1748 3087 substulisset,

296 3104 605 3148 COSMUS.
645 3101 729 3156 Si,'
767 3101 922 3161 inquit,
960 3104 1175 3160 negarem
1209 3100 1318 3147 adeo
1350 3100 1569 3155 acerbum,
1605 3099 1715 3147 adeo
1748 3099 2015 3160 insperatum

210 3168 368 3215 vulnus
391 3187 483 3215 non
503 3169 696 3224 sensisse,
719 3168 909 3215 ferreum
931 3186 1000 3215 me
1018 3167 1221 3228 profecto
1241 3182 1313 3214 aut
1333 3167 1566 3228 lapideum,
1590 3185 1681 3214 non
1701 3166 1754 3213 de
1772 3166 2011 3213 infirmissi-
