2118 3444
133 171 315 205 ESSAYs
1835 161 1921 203 261

134 306 263 355 mo²⁴⁶
293 310 360 355 De
388 310 561 354 civitate
585 309 700 360 Dei,v
730 307 808 353 etsi
839 307 1020 353 memini
1052 323 1121 353 me
1149 305 1295 366 legisse
1327 306 1372 352 in
1400 305 1619 352 Phaedone
1649 305 1765 366 apud
1794 305 1933 353 Plato-

133 373 317 423 nemw²⁴⁷
347 376 391 421 in
417 377 650 422 Tartarum
677 375 736 421 ita
759 374 870 421 deici
895 373 1131 420 nonnullos
1160 373 1218 420 ob
1243 373 1454 420 scelerum
1483 374 1526 420 in
1554 374 1643 420 vita
1665 388 1933 434 perpetrato-

133 461 231 491 rum
248 442 597 503 magnitudinem
612 457 660 489 ut
678 441 778 489 inde
794 459 1019 502 nunquam
1037 441 1324 502 egrediantur.
1341 445 1395 488 Et
1409 441 1613 501 Virgilius
1632 441 1739 488 illud
1756 459 1932 502 quoque

131 529 154 559 e
184 510 378 558 Platonis
408 510 625 558 sententia
651 509 806 557 dixisse
836 509 1039 556 videtur¹:
1074 509 1214 556 ‘Sedet
1243 523 1556 570 aeternumque
1584 508 1751 556 sedebit
1784 508 1934 556 infelix

130 579 352 626 Theseus.’

214 651 381 694 Verum
401 647 516 693 inter
533 645 613 693 hos
631 645 867 693 diiudicare
885 663 976 692 non
997 645 1122 692 huius
1141 660 1203 692 est
1220 646 1432 706 temporis
1451 662 1591 706 neque
1610 644 1929 706 disputationis.

129 715 262 762 Nos
252 732 296 761 in
317 714 676 775 praesentiarum,
699 731 753 760 ne
774 731 859 774 qua
879 714 924 759 in
947 731 991 760 re
1013 713 1223 769 labamur,
1245 714 1493 773 Augustino
1518 712 1876 760 adhaerescimus.
1878 711 1929 738 ²⁴⁸

130 782 350 829 Aberrant
378 782 510 828 etiarn
537 799 638 828 cum
669 782 860 828 animam
889 798 912 827 a
938 798 1115 827 summo
1142 783 1257 836 Deo,
1285 798 1444 841 corpus
1472 795 1619 827 autem
1647 798 1671 827 a
1697 780 1791 836 diis,
1822 798 1932 841 quos

130 849 255 896 Plato
286 848 473 910 appellat
503 848 731 904 secundos,
767 847 932 895 factum
963 846 1103 895 esse²⁴⁹
1134 847 1415 909 profitentur.
1448 849 1668 909 Scriptum
1702 863 1764 895 est
1796 849 1928 895 enim:

129 917 231 965 fecit
250 917 479 964 hominem
500 916 582 964 ad
570 917 805 977 imaginem
824 931 866 964 et
881 916 1214 964 similitudinem
1233 923 1392 973 suam53
1412 934 1553 977 neque
1573 916 1712 964 homo
1730 917 1822 964 sine
1841 935 1933 964 cor-

126 1003 250 1046 pore,
270 1003 371 1032 cum
389 1003 442 1032 ex
457 986 608 1032 animo
626 999 796 1032 constet
813 999 855 1032 et
872 1002 1071 1045 corpore,
1089 1002 1113 1031 a
1128 987 1229 1032 Deo
1245 999 1412 1032 creatus
1428 1003 1515 1032 esse
1531 985 1691 1046 potuit.
1711 984 1931 1032 Aberrant

128 1054 261 1101 etiam
283 1071 425 1114 neque
445 1052 526 1100 sibi
550 1052 757 1100 videntur
777 1067 975 1100 constare
997 1070 1097 1099 cum
1121 1067 1313 1100 asserunt
1338 1053 1503 1100 animas
1525 1071 1710 1114 corpore
1733 1052 1934 1100 liberatas

128 1121 181 1169 ab
207 1122 332 1168 omni
361 1139 448 1168 esse
472 1121 804 1181 perturbatione
830 1120 959 1181 longe
986 1120 1156 1168 alienas.
1182 1118 1462 1181 Corporea²⁵⁰
1491 1122 1610 1168 enim
1635 1121 1804 1168 sublata
1830 1139 1932 1168 con-

127 1190 316 1250 tagione,
341 1186 628 1236 defaecatas²⁵¹
653 1189 827 1249 penitus
851 1188 1022 1236 evolare
1046 1188 1211 1245 dicunt,
1235 1203 1277 1236 et
1297 1188 1459 1236 audent
1482 1188 1639 1236 deinde
1661 1189 1818 1236 addere
1841 1207 1930 1236 rur-

126 1254 248 1304 sus²⁵²
280 1257 342 1304 sic
367 1271 569 1317 purgatas
599 1271 802 1317 appetere
831 1257 1191 1304 coniunctionem
1224 1275 1475 1318 corporum.
1511 1260 1619 1316 Quo
1650 1258 1768 1304 enim
1798 1272 1930 1318 pacto

127 1322 387 1387 appetant²⁵³
412 1339 454 1372 et
473 1339 629 1372 vacent
650 1325 775 1372 omni
796 1324 1127 1386 perturbatione
1151 1324 1332 1386 intelligi
1354 1343 1446 1372 non
1466 1340 1626 1386 potest.

211 1397 340 1453 Quae
363 1411 464 1440 cum
489 1394 549 1440 ita
568 1394 669 1449 sint,
692 1411 854 1454 sequor
875 1393 1164 1450 Christianos,
1190 1411 1380 1455 quorum
1406 1409 1468 1441 est
1492 1394 1698 1441 omnibus
1724 1394 1777 1442 de
1801 1394 1929 1442 rebus

125 1462 342 1509 sententia
354 1461 559 1508 divinior.
575 1466 735 1522 Neque
750 1476 899 1508 tamen
914 1462 948 1508 is
962 1479 1059 1509 sum
1075 1463 1150 1522 qui
1164 1463 1448 1523 antiquorum
1465 1463 1626 1523 scripta
1637 1462 1923 1523 philosopho-

127 1547 225 1577 rum
250 1529 505 1590 negligenda
523 1544 692 1590 putem,
715 1529 791 1576 sed
812 1529 1047 1577 imitandae
1071 1530 1180 1576 mihi
1201 1530 1408 1577 videntur
1429 1548 1542 1591 apes,
1565 1545 1613 1577 ut
1636 1531 1694 1578 ait
1715 1531 1929 1587 Basilius,z

126 1615 235 1659 quae
256 1598 302 1644 in
322 1597 531 1644 adeundis
551 1596 735 1644 floribus
757 1612 799 1644 et
818 1597 1036 1645 delectum
1056 1597 1217 1645 habent
1238 1597 1402 1645 florum
1425 1613 1467 1646 et
1486 1617 1539 1646 ex
1555 1598 1733 1659 singulis
1755 1598 1800 1646 id
1820 1617 1929 1646 assu—

126 1681 253 1713 munt
282 1665 404 1727 quod
431 1665 551 1712 melli
578 1663 838 1713 faciundo²⁵⁴
867 1681 1018 1727 aptum
1045 1666 1209 1714 vident.
1236 1670 1345 1714 Sunt
1374 1668 1492 1714 enim
1521 1667 1660 1714 multa
1684 1685 1707 1714 a
1733 1667 1930 1724 Platone,

125 1734 182 1782 ab
198 1733 451 1790 Aristotele,
472 1752 496 1781 a
515 1736 711 1790 Zenone,
733 1734 786 1781 ab
806 1734 1044 1791 Archesila,
1067 1753 1090 1782 a
1109 1735 1350 1791 Carneade,
1370 1735 1583 1783 nonnulla
1604 1737 1736 1783 etiarn
1757 1736 1810 1783 ab
1830 1737 1927 1797 Epi-

125 1820 232 1849 curo
257 1803 419 1863 scripta
441 1820 542 1849 sane
569 1802 789 1849 divinitus.
818 1802 1091 1850 Aberrarunt
1118 1804 1250 1850 etiam
1276 1804 1321 1850 in
1348 1803 1509 1851 multis.
1536 1808 1629 1864 Ego
1653 1822 1761 1851 vero
1786 1822 1928 1865 neque

122 1885 307 1931 propter
331 1885 471 1917 errata
493 1870 684 1917 arbitror
706 1871 838 1918 etiam
862 1871 1031 1932 optima
1055 1869 1194 1918 esse²⁵⁵
1221 1871 1398 1919 illorum
1422 1887 1654 1933 praecepta
1676 1872 1926 1929 deserenda,

124 1956 266 1999 neque
289 1956 461 1985 rursum
489 1938 547 1985 ob
573 1956 623 1985 ea
643 1957 751 1999 quae
776 1938 829 1986 ab
853 1938 934 1986 illis
957 1940 1118 2000 scripta
1137 1955 1238 1987 sunt
1262 1940 1480 2001 praeclare
1501 1955 1711 2001 tanquam
1737 1938 1923 1988 hamo²⁵⁶

121 2007 273 2067 pisces,
294 2007 354 2053 ita
372 2024 453 2053 nos
472 2007 751 2054 committere
771 2021 819 2054 ut
839 2007 1076 2068 improvidi
1099 2022 1141 2055 et
1159 2008 1321 2055 incauti
1339 2007 1444 2055 falsa
1460 2026 1545 2069 pro
1563 2009 1676 2056 veris
1695 2008 1927 2056 admitten-

122 2088 187 2121 tes
207 2088 400 2121 mortem
423 2072 790 2122 obsorbeamus²⁵⁷
815 2076 1140 2136 sempiternam.
1165 2076 1300 2136 Igitur
1317 2075 1446 2137 plane
1468 2076 1744 2124 Christianus
1768 2078 1827 2124 ita
1846 2095 1927 2138 per

120 2156 245 2203 prata
263 2142 440 2203 gradior
458 2142 687 2203 gentilium
708 2142 1078 2205 philosophorum
1106 2158 1154 2191 ut
1176 2145 1392 2192 continuo
1415 2146 1661 2192 existimem
1683 2145 1858 2193 letalem
1879 2146 1924 2192 in

123 2210 257 2257 herba
282 2226 323 2257 et
349 2210 533 2258 floribus
559 2211 806 2258 latitantem
831 2230 1015 2272 anguem
1040 2212 1224 2273 pedibus
1249 2231 1446 2274 pressum
1475 2213 1602 2261 nudis
1629 2215 1675 2260 in
1701 2232 1771 2261 me
1796 2232 1923 2275 posse

121 2279 346 2325 concitari.
360 2276 411 2303 ²⁵⁸
457 2283 573 2326 Bene
615 2294 657 2326 et
699 2279 774 2326 diu
816 2279 923 2327 vale.
966 2284 1030 2326 Ex
1073 2280 1295 2328 Florentia
1337 2296 1497 2328 octavo
1538 2282 1744 2329 kalendas
1785 2283 1925 2329 Maias

122 2345 375 2393 mcccclviii.
398 2347 528 2393 Finis.
531 2344 583 2371 ²⁵⁹

198 2941 214 2955 '¹
234 2939 312 2975 CD
328 2940 461 2975 XX1.1.

199 2999 222 3013 '¹
236 2995 372 3033 Phaedo
392 2999 454 3034 113
474 2999 512 3034 E.

199 3058 214 3073 ¹
231 3053 362 3102 Vergil,
379 3057 465 3092 Aen.
486 3057 694 3093 V1.617-18.

198 3114 215 3137 ⁷
234 3113 370 3150 Genesis
391 3115 477 3150 1:26.
546 3103 555 3111 '

200 3172 214 3188 ²
231 3168 333 3213 Basil,
350 3171 468 3207 Sermo
483 3170 527 3208 de
542 3170 689 3218 legendis
704 3170 799 3209 libris
813 3171 1006 3220 gentilium,
1022 3174 1107 3211 RG.
1126 3176 1181 3216 31,
1199 3172 1267 3211 col.
1286 3177 1363 3211 570.
