<?xml version="1.0" encoding="UTF-8"?>
<!DOCTYPE html PUBLIC "-//W3C//DTD XHTML 1.0 Transitional//EN"
    "http://www.w3.org/TR/xhtml1/DTD/xhtml1-transitional.dtd">
<html xmlns="http://www.w3.org/1999/xhtml" xml:lang="en" lang="en">
 <head>
  <title>
</title>
<meta http-equiv="Content-Type" content="text/html;charset=utf-8" />
  <meta name='ocr-system' content='tesseract 3.04.00' />
  <meta name='ocr-capabilities' content='ocr_page ocr_carea ocr_par ocr_line ocrx_word'/>
</head>
<body>
  <div class='ocr_page' id='page_1' title='image "bartolomeoscalah00scaluoft_0560.png"; bbox 0 0 2072 3450; ppageno 0'>
   <div class='ocr_carea' id='block_1_1' title="bbox 163 161 1062 204">
    <p class='ocr_par' dir='ltr' id='par_1_1' title="bbox 163 161 1062 204">
     <span class='ocr_line' id='line_1_1' title="bbox 163 161 1062 204; baseline -0.004 0"><span class='ocrx_word' id='word_1_1' title='bbox 163 164 254 204; x_wconf 89' lang='lat'><em>520</em></span> <span class='ocrx_word' id='word_1_2' title='bbox 748 161 784 201; x_wconf 92' lang='lat' dir='ltr'><em>I:</em></span> <span class='ocrx_word' id='word_1_3' title='bbox 814 161 1009 201; x_wconf 84' lang='lat'>225—11:</span> <span class='ocrx_word' id='word_1_4' title='bbox 1040 162 1062 201; x_wconf 92' lang='grc'>5</span> 
     </span>
    </p>
   </div>
   <div class='ocr_carea' id='block_1_2' title="bbox 258 304 673 354">
    <p class='ocr_par' dir='ltr' id='par_1_2' title="bbox 258 304 673 354">
     <span class='ocr_line' id='line_1_2' title="bbox 258 304 673 354; baseline -0.002 -11"><span class='ocrx_word' id='word_1_5' title='bbox 258 304 272 326; x_wconf 83' lang='lat'>⁹</span> <span class='ocrx_word' id='word_1_6' title='bbox 287 321 305 343; x_wconf 95' lang='lat' dir='ltr'><em>a</em></span> <span class='ocrx_word' id='word_1_7' title='bbox 317 317 400 343; x_wconf 80' lang='lat' dir='ltr'><em>ante</em></span> <span class='ocrx_word' id='word_1_8' title='bbox 412 305 518 354; x_wconf 89' lang='lat' dir='ltr'><em>longe</em></span> <span class='ocrx_word' id='word_1_9' title='bbox 530 305 592 342; x_wconf 83' lang='lat' dir='ltr'><em>del.</em></span> <span class='ocrx_word' id='word_1_10' title='bbox 610 307 673 342; x_wconf 91' lang='lat' dir='ltr'><em>MS</em></span> 
     </span>
    </p>
   </div>
   <div class='ocr_carea' id='block_1_3' title="bbox 261 356 1254 407">
    <p class='ocr_par' dir='ltr' id='par_1_3' title="bbox 261 356 1254 407">
     <span class='ocr_line' id='line_1_3' title="bbox 261 356 1254 407; baseline -0.002 -12"><span class='ocrx_word' id='word_1_11' title='bbox 261 356 288 378; x_wconf 84' lang='lat'><em>¹0</em></span> <span class='ocrx_word' id='word_1_12' title='bbox 301 358 540 407; x_wconf 88' lang='lat' dir='ltr'>propinquius</span> <span class='ocrx_word' id='word_1_13' title='bbox 555 357 667 394; x_wconf 85' lang='lat' dir='ltr'><em>oculis</em></span> <span class='ocrx_word' id='word_1_14' title='bbox 680 369 835 405; x_wconf 82' lang='lat' dir='ltr'><em>suprascr.</em></span> <span class='ocrx_word' id='word_1_15' title='bbox 854 356 966 393; x_wconf 88' lang='lat' dir='ltr'><em>oculis</em></span> <span class='ocrx_word' id='word_1_16' title='bbox 979 356 1103 393; x_wconf 86' lang='lat' dir='ltr'><em>deinde</em></span> <span class='ocrx_word' id='word_1_17' title='bbox 1112 356 1174 393; x_wconf 88' lang='lat' dir='ltr'><em>del.</em></span> <span class='ocrx_word' id='word_1_18' title='bbox 1191 358 1254 393; x_wconf 90' lang='lat' dir='ltr'><em>MS</em></span> 
     </span>
    </p>
   </div>
   <div class='ocr_carea' id='block_1_4' title="bbox 262 409 873 460">
    <p class='ocr_par' dir='ltr' id='par_1_4' title="bbox 262 409 873 460">
     <span class='ocr_line' id='line_1_4' title="bbox 262 409 873 460; baseline -0.003 -12"><span class='ocrx_word' id='word_1_19' title='bbox 262 409 285 431; x_wconf 86' lang='lat'><em>¹¹</em></span> <span class='ocrx_word' id='word_1_20' title='bbox 301 412 499 460; x_wconf 88' lang='lat' dir='ltr'>perspicere</span> <span class='ocrx_word' id='word_1_21' title='bbox 511 421 594 447; x_wconf 84' lang='lat' dir='ltr'><em>ante</em></span> <span class='ocrx_word' id='word_1_22' title='bbox 606 410 718 447; x_wconf 92' lang='lat' dir='ltr'><em>oculis</em></span> <span class='ocrx_word' id='word_1_23' title='bbox 731 410 792 447; x_wconf 87' lang='lat' dir='ltr'><em>del.</em></span> <span class='ocrx_word' id='word_1_24' title='bbox 810 412 873 446; x_wconf 92' lang='lat' dir='ltr'><em>MS</em></span> 
     </span>
    </p>
   </div>
   <div class='ocr_carea' id='block_1_5' title="bbox 161 461 746 511">
    <p class='ocr_par' dir='ltr' id='par_1_5' title="bbox 161 461 746 511">
     <span class='ocr_line' id='line_1_5' title="bbox 161 461 746 511; baseline -0.003 -11"><span class='ocrx_word' id='word_1_25' title='bbox 161 467 245 500; x_wconf 84' lang='lat'>226.</span> <span class='ocrx_word' id='word_1_26' title='bbox 261 461 271 482; x_wconf 91' lang='lat'><strong>¹</strong></span> <span class='ocrx_word' id='word_1_27' title='bbox 286 462 370 500; x_wconf 88' lang='lat' dir='ltr'><em>belli</em></span> <span class='ocrx_word' id='word_1_28' title='bbox 380 473 456 511; x_wconf 86' lang='lat' dir='ltr'><em>post</em></span> <span class='ocrx_word' id='word_1_29' title='bbox 470 463 589 499; x_wconf 89' lang='lat' dir='ltr'><em>minus</em></span> <span class='ocrx_word' id='word_1_30' title='bbox 603 461 665 498; x_wconf 86' lang='lat' dir='ltr'><em>del.</em></span> <span class='ocrx_word' id='word_1_31' title='bbox 683 463 746 498; x_wconf 88' lang='lat' dir='ltr'><em>MS</em></span> 
     </span>
    </p>
   </div>
   <div class='ocr_carea' id='block_1_6' title="bbox 161 942 195 1082">
    <p class='ocr_par' dir='ltr' id='par_1_6' title="bbox 161 942 195 1082">
     <span class='ocr_line' id='line_1_6' title="bbox 164 942 195 975; baseline 0 0"><span class='ocrx_word' id='word_1_32' title='bbox 164 942 195 975; x_wconf 93' lang='lat'><em>1.</em></span> 
     </span>
     <span class='ocr_line' id='line_1_7' title="bbox 161 994 195 1028; baseline 0.029 -1"><span class='ocrx_word' id='word_1_33' title='bbox 161 994 195 1028; x_wconf 87' lang='lat'><em>4.</em></span> 
     </span>
     <span class='ocr_line' id='line_1_8' title="bbox 161 1048 195 1082; baseline -0.029 0"><span class='ocrx_word' id='word_1_34' title='bbox 161 1048 195 1082; x_wconf 83' lang='lat'><em>5.</em></span> 
     </span>
    </p>
   </div>
   <div class='ocr_carea' id='block_1_7' title="bbox 258 514 930 670">
    <p class='ocr_par' dir='ltr' id='par_1_7' title="bbox 258 514 930 670">
     <span class='ocr_line' id='line_1_9' title="bbox 259 514 760 564; baseline -0.002 -11"><span class='ocrx_word' id='word_1_35' title='bbox 259 514 272 536; x_wconf 88' lang='lat'><em>²</em></span> <span class='ocrx_word' id='word_1_36' title='bbox 286 516 414 553; x_wconf 88' lang='lat' dir='ltr'><em>debere</em></span> <span class='ocrx_word' id='word_1_37' title='bbox 424 526 501 564; x_wconf 83' lang='lat' dir='ltr'><em>post</em></span> <span class='ocrx_word' id='word_1_38' title='bbox 514 515 605 553; x_wconf 89' lang='lat' dir='ltr'><em>bene</em></span> <span class='ocrx_word' id='word_1_39' title='bbox 618 514 680 552; x_wconf 90' lang='lat' dir='ltr'><em>del.</em></span> <span class='ocrx_word' id='word_1_40' title='bbox 698 516 760 552; x_wconf 89' lang='lat' dir='ltr'><em>MS</em></span> 
     </span>
     <span class='ocr_line' id='line_1_10' title="bbox 259 566 930 615; baseline -0.003 -10"><span class='ocrx_word' id='word_1_41' title='bbox 259 566 271 588; x_wconf 82' lang='lat'><strong>³</strong></span> <span class='ocrx_word' id='word_1_42' title='bbox 286 568 487 605; x_wconf 91' lang='lat' dir='ltr'><em>salaconem</em></span> <span class='ocrx_word' id='word_1_43' title='bbox 501 567 701 604; x_wconf 84' lang='lat' dir='ltr'><em>dubitanter</em></span> <span class='ocrx_word' id='word_1_44' title='bbox 713 567 792 615; x_wconf 84' lang='lat' dir='ltr'><em>legit</em></span> <span class='ocrx_word' id='word_1_45' title='bbox 803 568 930 603; x_wconf 84' lang='lat' dir='ltr'><em>Davies</em></span> 
     </span>
     <span class='ocr_line' id='line_1_11' title="bbox 258 620 689 670; baseline -0.002 -12"><span class='ocrx_word' id='word_1_46' title='bbox 258 620 272 642; x_wconf 86' lang='lat'><strong>⁴</strong></span> <span class='ocrx_word' id='word_1_47' title='bbox 286 633 438 670; x_wconf 89' lang='lat' dir='ltr'><em>praestet</em></span> <span class='ocrx_word' id='word_1_48' title='bbox 451 632 607 669; x_wconf 79' lang='lat' dir='ltr'><em>suprascr.</em></span> <span class='ocrx_word' id='word_1_49' title='bbox 626 622 689 657; x_wconf 91' lang='lat' dir='ltr'><em>MS</em></span> 
     </span>
    </p>
   </div>
   <div class='ocr_carea' id='block_1_8' title="bbox 808 828 1327 868">
    <p class='ocr_par' dir='ltr' id='par_1_8' title="bbox 808 828 1327 868">
     <span class='ocr_line' id='line_1_12' title="bbox 808 828 1327 868; baseline -0.002 0"><span class='ocrx_word' id='word_1_50' title='bbox 808 829 996 868; x_wconf 92' lang='lat' dir='ltr'>NOTES</span> <span class='ocrx_word' id='word_1_51' title='bbox 1018 828 1096 867; x_wconf 89' lang='lat' dir='ltr'><em>To</em></span> <span class='ocrx_word' id='word_1_52' title='bbox 1119 828 1266 867; x_wconf 90' lang='lat' dir='ltr'>PART</span> <span class='ocrx_word' id='word_1_53' title='bbox 1287 831 1327 867; x_wconf 94' lang='lat'><em>11</em></span> 
     </span>
    </p>
   </div>
   <div class='ocr_carea' id='block_1_9' title="bbox 248 936 813 1039">
    <p class='ocr_par' dir='ltr' id='par_1_9' title="bbox 248 936 813 1039">
     <span class='ocr_line' id='line_1_13' title="bbox 248 936 509 986; baseline -0.004 -11"><span class='ocrx_word' id='word_1_54' title='bbox 248 936 258 957; x_wconf 94' lang='lat'><strong>¹</strong></span> <span class='ocrx_word' id='word_1_55' title='bbox 274 952 350 975; x_wconf 91' lang='lat' dir='ltr'><em>non</em></span> <span class='ocrx_word' id='word_1_56' title='bbox 364 949 428 986; x_wconf 87' lang='lat' dir='ltr'><em>rep.</em></span> <span class='ocrx_word' id='word_1_57' title='bbox 446 939 509 974; x_wconf 90' lang='lat' dir='ltr'><em>MS</em></span> 
     </span>
     <span class='ocr_line' id='line_1_14' title="bbox 248 988 813 1039; baseline -0.002 -12"><span class='ocrx_word' id='word_1_58' title='bbox 248 988 258 1010; x_wconf 92' lang='lat'>¹</span> <span class='ocrx_word' id='word_1_59' title='bbox 273 989 364 1027; x_wconf 85' lang='lat' dir='ltr'><em>facta</em></span> <span class='ocrx_word' id='word_1_60' title='bbox 372 1001 449 1039; x_wconf 82' lang='lat' dir='ltr'><em>post</em></span> <span class='ocrx_word' id='word_1_61' title='bbox 463 989 689 1027; x_wconf 88' lang='lat' dir='ltr'><em>cancellarius</em></span> <span class='ocrx_word' id='word_1_62' title='bbox 702 988 813 1026; x_wconf 83' lang='lat' dir='ltr'><em>delevi</em></span> 
     </span>
    </p>
   </div>
   <div class='ocr_carea' id='block_1_10' title="bbox 248 1040 846 1080">
    <p class='ocr_par' dir='ltr' id='par_1_10' title="bbox 248 1040 846 1080">
     <span class='ocr_line' id='line_1_15' title="bbox 248 1040 846 1080; baseline -0.002 0"><span class='ocrx_word' id='word_1_63' title='bbox 248 1042 258 1063; x_wconf 91' lang='lat'><strong>¹</strong></span> <span class='ocrx_word' id='word_1_64' title='bbox 274 1045 511 1080; x_wconf 88' lang='lat' dir='ltr'>immutatam:</span> <span class='ocrx_word' id='word_1_65' title='bbox 530 1055 704 1080; x_wconf 87' lang='lat' dir='ltr'><em>mutatam</em></span> <span class='ocrx_word' id='word_1_66' title='bbox 720 1044 745 1079; x_wconf 93' lang='lat' dir='ltr'>P</span> <span class='ocrx_word' id='word_1_67' title='bbox 760 1040 846 1079; x_wconf 91' lang='lat' dir='ltr'><em>Ros¹</em></span> 
     </span>
    </p>
   </div>
   <div class='ocr_carea' id='block_1_11' title="bbox 245 1092 820 1169">
    <p class='ocr_par' dir='ltr' id='par_1_11' title="bbox 245 1092 820 1169">
     <span class='ocr_line' id='line_1_16' title="bbox 245 1092 820 1169; baseline -0.003 -36"><span class='ocrx_word' id='word_1_68' title='bbox 245 1094 259 1169; x_wconf 56' lang='grc' dir='ltr'>ξ</span> <span class='ocrx_word' id='word_1_69' title='bbox 274 1095 317 1133; x_wconf 93' lang='lat' dir='ltr'><em>ad</em></span> <span class='ocrx_word' id='word_1_70' title='bbox 331 1110 409 1133; x_wconf 90' lang='lat' dir='ltr'><em>nos:</em></span> <span class='ocrx_word' id='word_1_71' title='bbox 425 1110 491 1132; x_wconf 90' lang='lat' dir='ltr'><em>om.</em></span> <span class='ocrx_word' id='word_1_72' title='bbox 508 1095 574 1132; x_wconf 93' lang='lat' dir='ltr'><em>Bol</em></span> <span class='ocrx_word' id='word_1_73' title='bbox 589 1097 614 1132; x_wconf 91' lang='lat' dir='ltr'>P</span> <span class='ocrx_word' id='word_1_74' title='bbox 630 1092 716 1132; x_wconf 89' lang='lat' dir='ltr'><em>Ros¹</em></span> <span class='ocrx_word' id='word_1_75' title='bbox 743 1095 820 1131; x_wconf 92' lang='lat' dir='ltr'><em>DiB</em></span> 
     </span>
    </p>
   </div>
   <div class='ocr_carea' id='block_1_12' title="bbox 245 1199 538 1249">
    <p class='ocr_par' dir='ltr' id='par_1_12' title="bbox 245 1199 538 1249">
     <span class='ocr_line' id='line_1_17' title="bbox 245 1199 538 1249; baseline 0 -12"><span class='ocrx_word' id='word_1_76' title='bbox 245 1199 259 1221; x_wconf 82' lang='lat'>⁴</span> <span class='ocrx_word' id='word_1_77' title='bbox 274 1215 372 1249; x_wconf 88' lang='lat' dir='ltr'><em>quae:</em></span> <span class='ocrx_word' id='word_1_78' title='bbox 390 1200 488 1249; x_wconf 91' lang='lat' dir='ltr'><em>quod</em></span> <span class='ocrx_word' id='word_1_79' title='bbox 503 1202 538 1237; x_wconf 92' lang='lat' dir='ltr'>G</span> 
     </span>
    </p>
   </div>
   <div class='ocr_carea' id='block_1_13' title="bbox 247 1250 1221 1296">
    <p class='ocr_par' dir='ltr' id='par_1_13' title="bbox 247 1250 1221 1296">
     <span class='ocr_line' id='line_1_18' title="bbox 247 1250 1221 1296; baseline -0.002 -5"><span class='ocrx_word' id='word_1_80' title='bbox 247 1252 258 1274; x_wconf 88' lang='lat'>⁵</span> <span class='ocrx_word' id='word_1_81' title='bbox 274 1253 406 1291; x_wconf 82' lang='lat' dir='ltr'><em>fuimus</em></span> <span class='ocrx_word' id='word_1_82' title='bbox 422 1254 509 1290; x_wconf 88' lang='lat' dir='ltr'><em>Miss</em></span> <span class='ocrx_word' id='word_1_83' title='bbox 524 1254 614 1290; x_wconf 91' lang='lat' dir='ltr'><em>DiB:</em></span> <span class='ocrx_word' id='word_1_84' title='bbox 629 1267 750 1290; x_wconf 90' lang='lat' dir='ltr'><em>sumus</em></span> <span class='ocrx_word' id='word_1_85' title='bbox 767 1252 831 1290; x_wconf 93' lang='lat' dir='ltr'><em>Bol</em></span> <span class='ocrx_word' id='word_1_86' title='bbox 848 1254 893 1296; x_wconf 90' lang='lat' dir='ltr'><em>G;</em></span> <span class='ocrx_word' id='word_1_87' title='bbox 909 1252 1079 1289; x_wconf 85' lang='lat' dir='ltr'><em>fuerimus</em></span> <span class='ocrx_word' id='word_1_88' title='bbox 1095 1254 1120 1289; x_wconf 93' lang='lat' dir='ltr'>P</span> <span class='ocrx_word' id='word_1_89' title='bbox 1135 1250 1221 1289; x_wconf 88' lang='lat' dir='ltr'><em>Ros¹</em></span> 
     </span>
    </p>
   </div>
   <div class='ocr_carea' id='block_1_14' title="bbox 245 1303 975 2172">
    <p class='ocr_par' dir='ltr' id='par_1_14' title="bbox 246 1303 552 1344">
     <span class='ocr_line' id='line_1_19' title="bbox 246 1303 552 1344; baseline -0.007 0"><span class='ocrx_word' id='word_1_90' title='bbox 246 1305 259 1326; x_wconf 87' lang='lat'>⁶</span> <span class='ocrx_word' id='word_1_91' title='bbox 273 1306 350 1344; x_wconf 88' lang='lat' dir='ltr'>Sed:</span> <span class='ocrx_word' id='word_1_92' title='bbox 367 1309 410 1343; x_wconf 90' lang='lat' dir='ltr'><em>Et</em></span> <span class='ocrx_word' id='word_1_93' title='bbox 425 1308 450 1342; x_wconf 91' lang='lat' dir='ltr'>P</span> <span class='ocrx_word' id='word_1_94' title='bbox 465 1303 552 1342; x_wconf 92' lang='lat' dir='ltr'><em>Ros¹</em></span> 
     </span>
    </p>

    <p class='ocr_par' dir='ltr' id='par_1_15' title="bbox 246 1358 721 1397">
     <span class='ocr_line' id='line_1_20' title="bbox 246 1358 721 1397; baseline -0.004 0"><span class='ocrx_word' id='word_1_95' title='bbox 246 1358 259 1379; x_wconf 91' lang='lat'><em>⁷</em></span> <span class='ocrx_word' id='word_1_96' title='bbox 273 1359 451 1397; x_wconf 89' lang='lat' dir='ltr'><em>scribitur:</em></span> <span class='ocrx_word' id='word_1_97' title='bbox 467 1359 674 1396; x_wconf 87' lang='lat' dir='ltr'><em>inscribitur</em></span> <span class='ocrx_word' id='word_1_98' title='bbox 686 1360 721 1395; x_wconf 92' lang='lat' dir='ltr'>G</span> 
     </span>
    </p>

    <p class='ocr_par' dir='ltr' id='par_1_16' title="bbox 246 1409 614 1449">
     <span class='ocr_line' id='line_1_21' title="bbox 246 1409 614 1449; baseline -0.003 0"><span class='ocrx_word' id='word_1_99' title='bbox 246 1410 258 1432; x_wconf 82' lang='lat'>⁸</span> <span class='ocrx_word' id='word_1_100' title='bbox 273 1411 371 1449; x_wconf 91' lang='lat' dir='ltr'><em>dum:</em></span> <span class='ocrx_word' id='word_1_101' title='bbox 388 1426 472 1449; x_wconf 91' lang='lat' dir='ltr'><em>cum</em></span> <span class='ocrx_word' id='word_1_102' title='bbox 487 1413 513 1448; x_wconf 93' lang='lat' dir='ltr'>P</span> <span class='ocrx_word' id='word_1_103' title='bbox 527 1409 614 1448; x_wconf 93' lang='lat' dir='ltr'><em>Ros¹</em></span> 
     </span>
    </p>

    <p class='ocr_par' dir='ltr' id='par_1_17' title="bbox 245 1463 635 1503">
     <span class='ocr_line' id='line_1_22' title="bbox 245 1463 635 1503; baseline 0 -1"><span class='ocrx_word' id='word_1_104' title='bbox 245 1463 259 1485; x_wconf 84' lang='lat'>⁹</span> <span class='ocrx_word' id='word_1_105' title='bbox 273 1465 406 1503; x_wconf 90' lang='lat' dir='ltr'><em>scribis:</em></span> <span class='ocrx_word' id='word_1_106' title='bbox 424 1464 586 1502; x_wconf 87' lang='lat' dir='ltr'><em>inscribis</em></span> <span class='ocrx_word' id='word_1_107' title='bbox 600 1466 635 1502; x_wconf 91' lang='lat' dir='ltr'>G</span> 
     </span>
    </p>

    <p class='ocr_par' dir='ltr' id='par_1_18' title="bbox 248 1515 720 1567">
     <span class='ocr_line' id='line_1_23' title="bbox 248 1515 720 1567; baseline 0 -13"><span class='ocrx_word' id='word_1_108' title='bbox 248 1515 275 1538; x_wconf 86' lang='lat'><em>¹⁰</em></span> <span class='ocrx_word' id='word_1_109' title='bbox 288 1532 467 1567; x_wconf 89' lang='lat' dir='ltr'><em>perverso:</em></span> <span class='ocrx_word' id='word_1_110' title='bbox 482 1532 670 1566; x_wconf 89' lang='lat' dir='ltr'><em>praeverso</em></span> <span class='ocrx_word' id='word_1_111' title='bbox 685 1519 720 1554; x_wconf 93' lang='lat' dir='ltr'>G</span> 
     </span>
    </p>

    <p class='ocr_par' dir='ltr' id='par_1_19' title="bbox 248 1569 662 1608">
     <span class='ocr_line' id='line_1_24' title="bbox 248 1569 662 1608; baseline 0 0"><span class='ocrx_word' id='word_1_112' title='bbox 248 1569 273 1591; x_wconf 86' lang='lat'><em>¹¹</em></span> <span class='ocrx_word' id='word_1_113' title='bbox 288 1586 401 1608; x_wconf 92' lang='lat' dir='ltr'><em>more:</em></span> <span class='ocrx_word' id='word_1_114' title='bbox 418 1570 530 1608; x_wconf 93' lang='lat' dir='ltr'><em>modo</em></span> <span class='ocrx_word' id='word_1_115' title='bbox 546 1570 612 1608; x_wconf 93' lang='lat' dir='ltr'><em>Bol</em></span> <span class='ocrx_word' id='word_1_116' title='bbox 627 1572 662 1608; x_wconf 94' lang='lat' dir='ltr'>G</span> 
     </span>
    </p>

    <p class='ocr_par' dir='ltr' id='par_1_20' title="bbox 248 1621 529 1661">
     <span class='ocr_line' id='line_1_25' title="bbox 248 1621 529 1661; baseline -0.004 0"><span class='ocrx_word' id='word_1_117' title='bbox 248 1621 274 1643; x_wconf 88' lang='lat'><em>¹²</em></span> <span class='ocrx_word' id='word_1_118' title='bbox 288 1624 396 1661; x_wconf 87' lang='lat' dir='ltr'><em>etiam</em></span> <span class='ocrx_word' id='word_1_119' title='bbox 410 1638 476 1660; x_wconf 91' lang='lat' dir='ltr'><em>om.</em></span> <span class='ocrx_word' id='word_1_120' title='bbox 494 1625 529 1660; x_wconf 92' lang='lat' dir='ltr'>G</span> 
     </span>
    </p>

    <p class='ocr_par' dir='ltr' id='par_1_21' title="bbox 248 1675 554 1714">
     <span class='ocr_line' id='line_1_26' title="bbox 248 1675 554 1714; baseline 0 0"><span class='ocrx_word' id='word_1_121' title='bbox 248 1675 274 1697; x_wconf 82' lang='lat'><em>¹³</em></span> <span class='ocrx_word' id='word_1_122' title='bbox 288 1677 391 1714; x_wconf 91' lang='lat' dir='ltr'><em>hanc:</em></span> <span class='ocrx_word' id='word_1_123' title='bbox 407 1676 505 1714; x_wconf 93' lang='lat' dir='ltr'><em>hunc</em></span> <span class='ocrx_word' id='word_1_124' title='bbox 519 1679 554 1714; x_wconf 93' lang='lat' dir='ltr'>G</span> 
     </span>
    </p>

    <p class='ocr_par' dir='ltr' id='par_1_22' title="bbox 248 1727 633 1767">
     <span class='ocr_line' id='line_1_27' title="bbox 248 1727 633 1767; baseline -0.003 0"><span class='ocrx_word' id='word_1_125' title='bbox 248 1727 274 1749; x_wconf 86' lang='lat'><em>¹⁴</em></span> <span class='ocrx_word' id='word_1_126' title='bbox 288 1729 456 1767; x_wconf 88' lang='lat' dir='ltr'><em>exordiri:</em></span> <span class='ocrx_word' id='word_1_127' title='bbox 472 1728 584 1767; x_wconf 90' lang='lat' dir='ltr'><em>ordiri</em></span> <span class='ocrx_word' id='word_1_128' title='bbox 599 1731 633 1766; x_wconf 93' lang='lat' dir='ltr'>G</span> 
     </span>
    </p>

    <p class='ocr_par' dir='ltr' id='par_1_23' title="bbox 248 1781 580 1821">
     <span class='ocr_line' id='line_1_28' title="bbox 248 1781 580 1821; baseline -0.003 0"><span class='ocrx_word' id='word_1_129' title='bbox 248 1782 273 1804; x_wconf 90' lang='lat'><em>¹⁵</em></span> <span class='ocrx_word' id='word_1_130' title='bbox 288 1784 354 1821; x_wconf 87' lang='lat' dir='ltr'><em>his:</em></span> <span class='ocrx_word' id='word_1_131' title='bbox 369 1784 438 1821; x_wconf 87' lang='lat' dir='ltr'><em>tuis</em></span> <span class='ocrx_word' id='word_1_132' title='bbox 453 1785 478 1820; x_wconf 92' lang='lat' dir='ltr'>P</span> <span class='ocrx_word' id='word_1_133' title='bbox 494 1781 580 1821; x_wconf 91' lang='lat' dir='ltr'><em>Ros¹</em></span> 
     </span>
    </p>

    <p class='ocr_par' dir='ltr' id='par_1_24' title="bbox 248 1834 788 1990">
     <span class='ocr_line' id='line_1_29' title="bbox 248 1834 751 1885; baseline -0.004 -11"><span class='ocrx_word' id='word_1_134' title='bbox 248 1834 274 1856; x_wconf 76' lang='lat'><em>¹⁶</em></span> <span class='ocrx_word' id='word_1_135' title='bbox 289 1851 396 1885; x_wconf 92' lang='lat' dir='ltr'><em>quem</em></span> <span class='ocrx_word' id='word_1_136' title='bbox 412 1866 418 1873; x_wconf 97' lang='lat'>.</span> <span class='ocrx_word' id='word_1_137' title='bbox 436 1866 442 1873; x_wconf 97' lang='lat'>.</span> <span class='ocrx_word' id='word_1_138' title='bbox 459 1866 466 1873; x_wconf 93' lang='lat'><strong>.</strong></span> <span class='ocrx_word' id='word_1_139' title='bbox 480 1836 619 1873; x_wconf 88' lang='lat' dir='ltr'><em>conaris</em></span> <span class='ocrx_word' id='word_1_140' title='bbox 633 1850 699 1873; x_wconf 89' lang='lat' dir='ltr'><em>om.</em></span> <span class='ocrx_word' id='word_1_141' title='bbox 717 1837 751 1873; x_wconf 94' lang='lat' dir='ltr'>G</span> 
     </span>
     <span class='ocr_line' id='line_1_30' title="bbox 248 1888 788 1938; baseline -0.002 -12"><span class='ocrx_word' id='word_1_142' title='bbox 248 1888 274 1909; x_wconf 84' lang='lat'><em>¹⁷</em></span> <span class='ocrx_word' id='word_1_143' title='bbox 288 1904 508 1938; x_wconf 81' lang='lat' dir='ltr'><em>persequare:</em></span> <span class='ocrx_word' id='word_1_144' title='bbox 524 1903 738 1937; x_wconf 89' lang='lat' dir='ltr'><em>prosequare</em></span> <span class='ocrx_word' id='word_1_145' title='bbox 754 1891 788 1926; x_wconf 94' lang='lat' dir='ltr'>G</span> 
     </span>
     <span class='ocr_line' id='line_1_31' title="bbox 248 1939 629 1990; baseline 0 -12"><span class='ocrx_word' id='word_1_146' title='bbox 248 1939 273 1961; x_wconf 82' lang='lat'><em>¹⁸</em></span> <span class='ocrx_word' id='word_1_147' title='bbox 288 1942 340 1978; x_wconf 93' lang='lat' dir='ltr'><em>vis</em></span> <span class='ocrx_word' id='word_1_148' title='bbox 350 1952 426 1990; x_wconf 82' lang='lat' dir='ltr'><em>post</em></span> <span class='ocrx_word' id='word_1_149' title='bbox 439 1942 582 1978; x_wconf 87' lang='lat' dir='ltr'><em>civitate</em></span> <span class='ocrx_word' id='word_1_150' title='bbox 595 1943 629 1978; x_wconf 91' lang='lat' dir='ltr'>G</span> 
     </span>
    </p>

    <p class='ocr_par' dir='ltr' id='par_1_25' title="bbox 246 1992 773 2096">
     <span class='ocr_line' id='line_1_32' title="bbox 248 1992 773 2043; baseline -0.004 -11"><span class='ocrx_word' id='word_1_151' title='bbox 248 1992 274 2014; x_wconf 85' lang='lat'><em>¹⁹</em></span> <span class='ocrx_word' id='word_1_152' title='bbox 288 1994 500 2043; x_wconf 90' lang='lat' dir='ltr'><em>colligimus:</em></span> <span class='ocrx_word' id='word_1_153' title='bbox 517 1993 723 2042; x_wconf 87' lang='lat' dir='ltr'><em>collegimus</em></span> <span class='ocrx_word' id='word_1_154' title='bbox 739 1996 773 2030; x_wconf 94' lang='lat' dir='ltr'>G</span> 
     </span>
     <span class='ocr_line' id='line_1_33' title="bbox 246 2044 521 2096; baseline -0.004 -12"><span class='ocrx_word' id='word_1_155' title='bbox 246 2044 275 2067; x_wconf 84' lang='lat'><em>²⁰</em></span> <span class='ocrx_word' id='word_1_156' title='bbox 288 2046 387 2096; x_wconf 89' lang='lat' dir='ltr'><em>quod</em></span> <span class='ocrx_word' id='word_1_157' title='bbox 402 2061 468 2083; x_wconf 91' lang='lat' dir='ltr'><em>om.</em></span> <span class='ocrx_word' id='word_1_158' title='bbox 486 2048 521 2083; x_wconf 93' lang='lat' dir='ltr'>G</span> 
     </span>
    </p>

    <p class='ocr_par' dir='ltr' id='par_1_26' title="bbox 246 2098 975 2172">
     <span class='ocr_line' id='line_1_34' title="bbox 246 2098 975 2172; baseline -0.001 -35"><span class='ocrx_word' id='word_1_159' title='bbox 246 2098 274 2172; x_wconf 57' lang='grc' dir='ltr'>Ξ</span> <span class='ocrx_word' id='word_1_160' title='bbox 289 2100 470 2149; x_wconf 90' lang='lat' dir='ltr'><em>religionis</em></span> <span class='ocrx_word' id='word_1_161' title='bbox 484 2099 720 2137; x_wconf 84' lang='lat' dir='ltr'><em>Christianae:</em></span> <span class='ocrx_word' id='word_1_162' title='bbox 736 2099 924 2148; x_wconf 73' lang='lat' dir='ltr'><em>Chrselig.</em></span> <span class='ocrx_word' id='word_1_163' title='bbox 940 2101 975 2136; x_wconf 92' lang='lat' dir='ltr'>G</span> 
     </span>
    </p>
   </div>
   <div class='ocr_carea' id='block_1_15' title="bbox 245 2204 1048 2717">
    <p class='ocr_par' dir='ltr' id='par_1_27' title="bbox 245 2204 880 2244">
     <span class='ocr_line' id='line_1_35' title="bbox 245 2204 880 2244; baseline -0.002 -1"><span class='ocrx_word' id='word_1_164' title='bbox 245 2204 273 2226; x_wconf 84' lang='lat'><em>²³</em></span> <span class='ocrx_word' id='word_1_165' title='bbox 288 2207 355 2244; x_wconf 87' lang='lat' dir='ltr'><em>erit</em></span> <span class='ocrx_word' id='word_1_166' title='bbox 370 2207 510 2243; x_wconf 88' lang='lat' dir='ltr'><em>eiectus:</em></span> <span class='ocrx_word' id='word_1_167' title='bbox 527 2207 657 2243; x_wconf 88' lang='lat' dir='ltr'><em>eiectus</em></span> <span class='ocrx_word' id='word_1_168' title='bbox 673 2206 739 2243; x_wconf 87' lang='lat' dir='ltr'><em>erit</em></span> <span class='ocrx_word' id='word_1_169' title='bbox 753 2207 788 2243; x_wconf 95' lang='lat' dir='ltr'>G</span> <span class='ocrx_word' id='word_1_170' title='bbox 802 2206 880 2242; x_wconf 93' lang='lat' dir='ltr'><em>DiB</em></span> 
     </span>
    </p>

    <p class='ocr_par' dir='ltr' id='par_1_28' title="bbox 246 2255 780 2307">
     <span class='ocr_line' id='line_1_36' title="bbox 246 2255 780 2307; baseline -0.004 -11"><span class='ocrx_word' id='word_1_171' title='bbox 246 2256 275 2278; x_wconf 90' lang='lat'><em>²⁴</em></span> <span class='ocrx_word' id='word_1_172' title='bbox 289 2270 404 2307; x_wconf 87' lang='lat' dir='ltr'><em>atque:</em></span> <span class='ocrx_word' id='word_1_173' title='bbox 421 2270 455 2295; x_wconf 90' lang='lat' dir='ltr'><em>et</em></span> <span class='ocrx_word' id='word_1_174' title='bbox 469 2258 535 2295; x_wconf 93' lang='lat' dir='ltr'><em>Bol</em></span> <span class='ocrx_word' id='word_1_175' title='bbox 550 2260 575 2295; x_wconf 92' lang='lat' dir='ltr'>P</span> <span class='ocrx_word' id='word_1_176' title='bbox 591 2255 676 2295; x_wconf 88' lang='lat' dir='ltr'><em>Ros¹</em></span> <span class='ocrx_word' id='word_1_177' title='bbox 702 2258 780 2294; x_wconf 91' lang='lat' dir='ltr'><em>DiB</em></span> 
     </span>
    </p>

    <p class='ocr_par' dir='ltr' id='par_1_29' title="bbox 245 2309 560 2349">
     <span class='ocr_line' id='line_1_37' title="bbox 245 2309 560 2349; baseline 0 0"><span class='ocrx_word' id='word_1_178' title='bbox 245 2310 273 2332; x_wconf 89' lang='lat'><em>²⁵</em></span> <span class='ocrx_word' id='word_1_179' title='bbox 289 2324 322 2349; x_wconf 88' lang='lat' dir='ltr'><em>et</em></span> <span class='ocrx_word' id='word_1_180' title='bbox 337 2327 403 2349; x_wconf 92' lang='lat' dir='ltr'><em>om.</em></span> <span class='ocrx_word' id='word_1_181' title='bbox 421 2314 457 2349; x_wconf 92' lang='lat' dir='ltr'><em>P.</em></span> <span class='ocrx_word' id='word_1_182' title='bbox 473 2309 560 2349; x_wconf 85' lang='lat' dir='ltr'><em>Ros¹</em></span> 
     </span>
    </p>

    <p class='ocr_par' dir='ltr' id='par_1_30' title="bbox 246 2362 1048 2454">
     <span class='ocr_line' id='line_1_38' title="bbox 246 2362 1048 2412; baseline -0.001 -11"><span class='ocrx_word' id='word_1_183' title='bbox 246 2362 274 2384; x_wconf 81' lang='lat'><em>²⁶</em></span> <span class='ocrx_word' id='word_1_184' title='bbox 289 2379 364 2401; x_wconf 91' lang='lat' dir='ltr'><em>rem</em></span> <span class='ocrx_word' id='word_1_185' title='bbox 379 2394 386 2401; x_wconf 94' lang='lat'><strong>.</strong></span> <span class='ocrx_word' id='word_1_186' title='bbox 403 2394 410 2401; x_wconf 92' lang='lat'>.</span> <span class='ocrx_word' id='word_1_187' title='bbox 426 2394 433 2401; x_wconf 93' lang='lat'>.</span> <span class='ocrx_word' id='word_1_188' title='bbox 449 2363 640 2412; x_wconf 88' lang='lat' dir='ltr'><em>publicam:</em></span> <span class='ocrx_word' id='word_1_189' title='bbox 658 2363 820 2412; x_wconf 89' lang='lat' dir='ltr'><em>rempub.</em></span> <span class='ocrx_word' id='word_1_190' title='bbox 838 2375 998 2400; x_wconf 91' lang='lat' dir='ltr'><em>nostram</em></span> <span class='ocrx_word' id='word_1_191' title='bbox 1013 2365 1048 2400; x_wconf 92' lang='lat' dir='ltr'>G</span> 
     </span>
     <span class='ocr_line' id='line_1_39' title="bbox 246 2414 984 2454; baseline -0.001 0"><span class='ocrx_word' id='word_1_192' title='bbox 246 2415 274 2437; x_wconf 86' lang='lat'><em>²⁷</em></span> <span class='ocrx_word' id='word_1_193' title='bbox 288 2432 432 2454; x_wconf 87' lang='lat' dir='ltr'><em>oramus</em></span> <span class='ocrx_word' id='word_1_194' title='bbox 448 2419 601 2454; x_wconf 88' lang='lat' dir='ltr'><em>B.Pater:</em></span> <span class='ocrx_word' id='word_1_195' title='bbox 617 2419 842 2454; x_wconf 89' lang='lat' dir='ltr'><em>B.P.oramus</em></span> <span class='ocrx_word' id='word_1_196' title='bbox 858 2418 883 2453; x_wconf 95' lang='lat' dir='ltr'>P</span> <span class='ocrx_word' id='word_1_197' title='bbox 898 2414 984 2453; x_wconf 81' lang='lat' dir='ltr'><em>Ros¹</em></span> 
     </span>
    </p>

    <p class='ocr_par' dir='ltr' id='par_1_31' title="bbox 245 2466 972 2560">
     <span class='ocr_line' id='line_1_40' title="bbox 245 2466 972 2506; baseline -0.001 0"><span class='ocrx_word' id='word_1_198' title='bbox 245 2467 273 2489; x_wconf 82' lang='lat'><em>²⁸</em></span> <span class='ocrx_word' id='word_1_199' title='bbox 289 2470 391 2506; x_wconf 91' lang='lat' dir='ltr'><em>istam</em></span> <span class='ocrx_word' id='word_1_200' title='bbox 407 2481 670 2506; x_wconf 84' lang='lat' dir='ltr'><em>sacrasanctam:</em></span> <span class='ocrx_word' id='word_1_201' title='bbox 688 2470 830 2506; x_wconf 90' lang='lat' dir='ltr'><em>sacr.ist.</em></span> <span class='ocrx_word' id='word_1_202' title='bbox 847 2470 872 2505; x_wconf 94' lang='lat' dir='ltr'>P</span> <span class='ocrx_word' id='word_1_203' title='bbox 887 2466 972 2505; x_wconf 91' lang='lat' dir='ltr'><em>Ros¹</em></span> 
     </span>
     <span class='ocr_line' id='line_1_41' title="bbox 245 2520 842 2560; baseline -0.002 0"><span class='ocrx_word' id='word_1_204' title='bbox 245 2521 274 2543; x_wconf 85' lang='lat'><em>²⁹</em></span> <span class='ocrx_word' id='word_1_205' title='bbox 287 2523 514 2560; x_wconf 89' lang='lat' dir='ltr'><em>dedecorant:</em></span> <span class='ocrx_word' id='word_1_206' title='bbox 531 2522 701 2560; x_wconf 80' lang='lat' dir='ltr'><em>decorant</em></span> <span class='ocrx_word' id='word_1_207' title='bbox 715 2524 740 2559; x_wconf 92' lang='lat' dir='ltr'>P</span> <span class='ocrx_word' id='word_1_208' title='bbox 755 2520 842 2559; x_wconf 90' lang='lat' dir='ltr'><em>Ros¹</em></span> 
     </span>
    </p>

    <p class='ocr_par' dir='ltr' id='par_1_32' title="bbox 246 2573 741 2612">
     <span class='ocr_line' id='line_1_42' title="bbox 246 2573 741 2612; baseline -0.002 0"><span class='ocrx_word' id='word_1_209' title='bbox 246 2573 275 2595; x_wconf 82' lang='lat'><em>³⁰</em></span> <span class='ocrx_word' id='word_1_210' title='bbox 289 2576 467 2612; x_wconf 90' lang='lat' dir='ltr'><em>omniurn:</em></span> <span class='ocrx_word' id='word_1_211' title='bbox 484 2589 609 2612; x_wconf 91' lang='lat' dir='ltr'><em>omnes</em></span> <span class='ocrx_word' id='word_1_212' title='bbox 625 2574 690 2611; x_wconf 91' lang='lat' dir='ltr'><em>Bol</em></span> <span class='ocrx_word' id='word_1_213' title='bbox 706 2577 741 2612; x_wconf 91' lang='lat' dir='ltr'>G</span> 
     </span>
    </p>

    <p class='ocr_par' dir='ltr' id='par_1_33' title="bbox 246 2626 779 2677">
     <span class='ocr_line' id='line_1_43' title="bbox 246 2626 779 2677; baseline -0.002 -12"><span class='ocrx_word' id='word_1_214' title='bbox 246 2626 273 2648; x_wconf 80' lang='lat'><em>³¹</em></span> <span class='ocrx_word' id='word_1_215' title='bbox 288 2629 495 2677; x_wconf 87' lang='lat' dir='ltr'><em>praesentia:</em></span> <span class='ocrx_word' id='word_1_216' title='bbox 510 2629 688 2676; x_wconf 88' lang='lat' dir='ltr'><em>paesentia</em></span> <span class='ocrx_word' id='word_1_217' title='bbox 701 2629 779 2664; x_wconf 91' lang='lat' dir='ltr'><em>DiB</em></span> 
     </span>
    </p>

    <p class='ocr_par' dir='ltr' id='par_1_34' title="bbox 246 2677 485 2717">
     <span class='ocr_line' id='line_1_44' title="bbox 246 2677 485 2717; baseline -0.004 0"><span class='ocrx_word' id='word_1_218' title='bbox 246 2677 274 2700; x_wconf 83' lang='lat'><em>³²</em></span> <span class='ocrx_word' id='word_1_219' title='bbox 288 2692 359 2717; x_wconf 89' lang='lat' dir='ltr'><em>tua:</em></span> <span class='ocrx_word' id='word_1_220' title='bbox 374 2694 436 2716; x_wconf 92' lang='lat' dir='ltr'><em>sua</em></span> <span class='ocrx_word' id='word_1_221' title='bbox 451 2681 485 2717; x_wconf 92' lang='lat' dir='ltr'>G</span> 
     </span>
    </p>
   </div>
   <div class='ocr_carea' id='block_1_16' title="bbox 246 2730 578 2770">
    <p class='ocr_par' dir='ltr' id='par_1_35' title="bbox 246 2730 578 2770">
     <span class='ocr_line' id='line_1_45' title="bbox 246 2730 578 2770; baseline 0 -1"><span class='ocrx_word' id='word_1_222' title='bbox 246 2730 273 2753; x_wconf 78' lang='lat'><em>³³</em></span> <span class='ocrx_word' id='word_1_223' title='bbox 290 2734 354 2770; x_wconf 89' lang='lat' dir='ltr'><em>ista</em></span> <span class='ocrx_word' id='word_1_224' title='bbox 367 2747 433 2769; x_wconf 89' lang='lat' dir='ltr'><em>om.</em></span> <span class='ocrx_word' id='word_1_225' title='bbox 451 2734 476 2769; x_wconf 93' lang='lat' dir='ltr'>P</span> <span class='ocrx_word' id='word_1_226' title='bbox 491 2730 578 2769; x_wconf 90' lang='lat' dir='ltr'><em>Ros¹</em></span> 
     </span>
    </p>
   </div>
   <div class='ocr_carea' id='block_1_17' title="bbox 247 2782 1052 3137">
    <p class='ocr_par' dir='ltr' id='par_1_36' title="bbox 247 2782 940 2886">
     <span class='ocr_line' id='line_1_46' title="bbox 247 2782 736 2833; baseline 0 -12"><span class='ocrx_word' id='word_1_227' title='bbox 247 2782 275 2805; x_wconf 78' lang='lat'><em>³⁴</em></span> <span class='ocrx_word' id='word_1_228' title='bbox 288 2784 394 2822; x_wconf 92' lang='lat' dir='ltr'><em>nobis</em></span> <span class='ocrx_word' id='word_1_229' title='bbox 407 2795 490 2821; x_wconf 81' lang='lat' dir='ltr'><em>ante</em></span> <span class='ocrx_word' id='word_1_230' title='bbox 502 2799 592 2833; x_wconf 93' lang='lat' dir='ltr'><em>opus</em></span> <span class='ocrx_word' id='word_1_231' title='bbox 606 2784 683 2821; x_wconf 86' lang='lat' dir='ltr'><em>add.</em></span> <span class='ocrx_word' id='word_1_232' title='bbox 701 2786 736 2821; x_wconf 93' lang='lat' dir='ltr'>G</span> 
     </span>
     <span class='ocr_line' id='line_1_47' title="bbox 247 2835 940 2886; baseline -0.001 -12"><span class='ocrx_word' id='word_1_233' title='bbox 247 2835 274 2858; x_wconf 84' lang='lat'><em>³⁵</em></span> <span class='ocrx_word' id='word_1_234' title='bbox 290 2839 484 2886; x_wconf 89' lang='lat' dir='ltr'><em>interprete</em></span> <span class='ocrx_word' id='word_1_235' title='bbox 496 2852 535 2874; x_wconf 82' lang='lat' dir='ltr'><em>ex</em></span> <span class='ocrx_word' id='word_1_236' title='bbox 548 2838 742 2886; x_wconf 88' lang='lat' dir='ltr'><em>interpetre</em></span> <span class='ocrx_word' id='word_1_237' title='bbox 754 2851 836 2874; x_wconf 88' lang='lat' dir='ltr'><em>corr.</em></span> <span class='ocrx_word' id='word_1_238' title='bbox 854 2838 940 2873; x_wconf 93' lang='lat' dir='ltr'><em>Miss</em></span> 
     </span>
    </p>

    <p class='ocr_par' dir='ltr' id='par_1_37' title="bbox 247 2887 1052 2980">
     <span class='ocr_line' id='line_1_48' title="bbox 247 2887 1052 2938; baseline -0.001 -12"><span class='ocrx_word' id='word_1_239' title='bbox 247 2887 275 2910; x_wconf 79' lang='lat'><em>³⁶</em></span> <span class='ocrx_word' id='word_1_240' title='bbox 288 2890 595 2938; x_wconf 89' lang='lat' dir='ltr'><em>pont.maiestatis:</em></span> <span class='ocrx_word' id='word_1_241' title='bbox 612 2901 692 2926; x_wconf 87' lang='lat' dir='ltr'><em>tuae</em></span> <span class='ocrx_word' id='word_1_242' title='bbox 706 2901 809 2937; x_wconf 90' lang='lat' dir='ltr'><em>pont.</em></span> <span class='ocrx_word' id='word_1_243' title='bbox 824 2888 1003 2937; x_wconf 89' lang='lat' dir='ltr'><em>dignitatis</em></span> <span class='ocrx_word' id='word_1_244' title='bbox 1017 2890 1052 2925; x_wconf 92' lang='lat' dir='ltr'>G</span> 
     </span>
     <span class='ocr_line' id='line_1_49' title="bbox 247 2941 529 2980; baseline 0 0"><span class='ocrx_word' id='word_1_245' title='bbox 247 2941 275 2963; x_wconf 87' lang='lat'><em>³⁷</em></span> <span class='ocrx_word' id='word_1_246' title='bbox 289 2944 396 2980; x_wconf 85' lang='lat' dir='ltr'><em>etiam</em></span> <span class='ocrx_word' id='word_1_247' title='bbox 410 2957 476 2980; x_wconf 90' lang='lat' dir='ltr'><em>om.</em></span> <span class='ocrx_word' id='word_1_248' title='bbox 494 2945 529 2980; x_wconf 92' lang='lat' dir='ltr'>G</span> 
     </span>
    </p>

    <p class='ocr_par' dir='ltr' id='par_1_38' title="bbox 248 2993 559 3032">
     <span class='ocr_line' id='line_1_50' title="bbox 248 2993 559 3032; baseline 0 0"><span class='ocrx_word' id='word_1_249' title='bbox 248 2993 274 3015; x_wconf 84' lang='lat'><em>³⁸</em></span> <span class='ocrx_word' id='word_1_250' title='bbox 289 3007 379 3032; x_wconf 89' lang='lat' dir='ltr'><em>tum:</em></span> <span class='ocrx_word' id='word_1_251' title='bbox 396 3009 479 3032; x_wconf 91' lang='lat' dir='ltr'><em>cum</em></span> <span class='ocrx_word' id='word_1_252' title='bbox 494 2994 559 3032; x_wconf 93' lang='lat' dir='ltr'><em>Bol</em></span> 
     </span>
    </p>

    <p class='ocr_par' dir='ltr' id='par_1_39' title="bbox 248 3046 800 3097">
     <span class='ocr_line' id='line_1_51' title="bbox 248 3046 800 3097; baseline -0.002 -12"><span class='ocrx_word' id='word_1_253' title='bbox 248 3046 275 3068; x_wconf 78' lang='lat'><em>³⁹</em></span> <span class='ocrx_word' id='word_1_254' title='bbox 289 3063 410 3085; x_wconf 91' lang='lat' dir='ltr'><em>sumus</em></span> <span class='ocrx_word' id='word_1_255' title='bbox 427 3049 575 3097; x_wconf 86' lang='lat' dir='ltr'><em>experti:</em></span> <span class='ocrx_word' id='word_1_256' title='bbox 590 3062 750 3096; x_wconf 89' lang='lat' dir='ltr'><em>exp.sum</em></span> <span class='ocrx_word' id='word_1_257' title='bbox 766 3049 800 3085; x_wconf 95' lang='lat' dir='ltr'>G</span> 
     </span>
    </p>

    <p class='ocr_par' dir='ltr' id='par_1_40' title="bbox 247 3098 539 3137">
     <span class='ocr_line' id='line_1_52' title="bbox 247 3098 539 3137; baseline 0 0"><span class='ocrx_word' id='word_1_258' title='bbox 247 3098 276 3120; x_wconf 82' lang='lat'><em>⁴0</em></span> <span class='ocrx_word' id='word_1_259' title='bbox 291 3100 326 3137; x_wconf 92' lang='lat' dir='ltr'><em>id</em></span> <span class='ocrx_word' id='word_1_260' title='bbox 340 3115 405 3137; x_wconf 92' lang='lat' dir='ltr'><em>om.</em></span> <span class='ocrx_word' id='word_1_261' title='bbox 423 3100 489 3137; x_wconf 93' lang='lat' dir='ltr'><em>Bol</em></span> <span class='ocrx_word' id='word_1_262' title='bbox 504 3102 539 3137; x_wconf 91' lang='lat' dir='ltr'>G</span> 
     </span>
    </p>
   </div>
   <div class='ocr_carea' id='block_1_18' title="bbox 247 3152 746 3201">
    <p class='ocr_par' dir='ltr' id='par_1_41' title="bbox 247 3152 746 3201">
     <span class='ocr_line' id='line_1_53' title="bbox 247 3152 746 3201; baseline 0 -11"><span class='ocrx_word' id='word_1_263' title='bbox 247 3152 275 3173; x_wconf 86' lang='lat'><em>⁴¹</em></span> <span class='ocrx_word' id='word_1_264' title='bbox 290 3166 432 3190; x_wconf 85' lang='lat' dir='ltr'><em>nostrae</em></span> <span class='ocrx_word' id='word_1_265' title='bbox 447 3183 453 3190; x_wconf 97' lang='lat'>.</span> <span class='ocrx_word' id='word_1_266' title='bbox 470 3183 476 3190; x_wconf 97' lang='lat'>.</span> <span class='ocrx_word' id='word_1_267' title='bbox 494 3183 501 3190; x_wconf 92' lang='lat'><strong>.</strong></span> <span class='ocrx_word' id='word_1_268' title='bbox 515 3165 614 3201; x_wconf 88' lang='lat' dir='ltr'><em>patre</em></span> <span class='ocrx_word' id='word_1_269' title='bbox 628 3167 694 3190; x_wconf 90' lang='lat' dir='ltr'><em>om.</em></span> <span class='ocrx_word' id='word_1_270' title='bbox 711 3154 746 3190; x_wconf 94' lang='lat' dir='ltr'>G</span> 
     </span>
    </p>
   </div>
   <div class='ocr_carea' id='block_1_19' title="bbox 274 1148 1306 1197">
    <p class='ocr_par' dir='ltr' id='par_1_42' title="bbox 274 1148 1306 1197">
     <span class='ocr_line' id='line_1_54' title="bbox 274 1148 1306 1197; baseline -0.002 -11"><span class='ocrx_word' id='word_1_271' title='bbox 274 1150 311 1186; x_wconf 93' lang='lat' dir='ltr'><em>in</em></span> <span class='ocrx_word' id='word_1_272' title='bbox 327 1149 562 1197; x_wconf 89' lang='lat' dir='ltr'><em>inscriptione</em></span> <span class='ocrx_word' id='word_1_273' title='bbox 574 1148 762 1185; x_wconf 90' lang='lat' dir='ltr'><em>subtracta:</em></span> <span class='ocrx_word' id='word_1_274' title='bbox 778 1148 955 1184; x_wconf 89' lang='lat' dir='ltr'><em>subtracta</em></span> <span class='ocrx_word' id='word_1_275' title='bbox 969 1162 1011 1184; x_wconf 90' lang='lat' dir='ltr'><em>ex</em></span> <span class='ocrx_word' id='word_1_276' title='bbox 1026 1148 1259 1195; x_wconf 88' lang='lat' dir='ltr'><em>inscriptione</em></span> <span class='ocrx_word' id='word_1_277' title='bbox 1271 1149 1306 1184; x_wconf 92' lang='lat' dir='ltr'>G</span> 
     </span>
    </p>
   </div>
   <div class='ocr_carea' id='block_1_20' title="bbox 288 2151 1453 2202">
    <p class='ocr_par' dir='ltr' id='par_1_43' title="bbox 288 2151 1453 2202">
     <span class='ocr_line' id='line_1_55' title="bbox 288 2151 1453 2202; baseline -0.002 -12"><span class='ocrx_word' id='word_1_278' title='bbox 288 2153 443 2202; x_wconf 88' lang='lat' dir='ltr'><em>primam</em></span> <span class='ocrx_word' id='word_1_279' title='bbox 459 2183 466 2190; x_wconf 90' lang='lat'><strong><em>.</em></strong></span> <span class='ocrx_word' id='word_1_280' title='bbox 482 2183 489 2189; x_wconf 95' lang='lat'><em>.</em></span> <span class='ocrx_word' id='word_1_281' title='bbox 506 2183 513 2189; x_wconf 94' lang='lat'><em>.</em></span> <span class='ocrx_word' id='word_1_282' title='bbox 527 2152 714 2189; x_wconf 89' lang='lat' dir='ltr'><em>diluamus:</em></span> <span class='ocrx_word' id='word_1_283' title='bbox 731 2153 891 2200; x_wconf 91' lang='lat' dir='ltr'><em>primum</em></span> <span class='ocrx_word' id='word_1_284' title='bbox 905 2151 1081 2188; x_wconf 91' lang='lat' dir='ltr'><em>diluamus</em></span> <span class='ocrx_word' id='word_1_285' title='bbox 1095 2152 1249 2200; x_wconf 89' lang='lat' dir='ltr'><em>primam</em></span> <span class='ocrx_word' id='word_1_286' title='bbox 1264 2165 1403 2188; x_wconf 87' lang='lat' dir='ltr'><em>causam</em></span> <span class='ocrx_word' id='word_1_287' title='bbox 1418 2152 1453 2188; x_wconf 94' lang='lat' dir='ltr'>G</span> 
     </span>
    </p>
   </div>
   <div class='ocr_carea' id='block_1_21' title="bbox 1511 167 1962 201">
    <p class='ocr_par' dir='ltr' id='par_1_44' title="bbox 1511 167 1962 201">
     <span class='ocr_line' id='line_1_56' title="bbox 1511 167 1962 201; baseline 0.002 -1"><span class='ocrx_word' id='word_1_288' title='bbox 1511 167 1762 201; x_wconf 87' lang='lat' dir='ltr'>TEXTUAL</span> <span class='ocrx_word' id='word_1_289' title='bbox 1787 167 1962 201; x_wconf 90' lang='lat' dir='ltr'><strong>NOTES</strong></span> 
     </span>
    </p>
   </div>
  </div>
 </body>
</html>
