2124 3458
224 186 316 227 420

432 333 528 377 Cur
550 330 635 377 iam
659 347 751 376 non
772 346 994 390 properes,
1020 328 1126 376 dum
1149 343 1191 375 te
1212 343 1287 376 tua
1305 328 1446 389 poscit
1471 330 1672 375 Anance?

430 402 624 458 Nanque
646 397 721 444 diu
744 411 929 458 expecto
950 411 992 444 et
1012 397 1226 457 suspensis
1251 396 1426 444 auribus
1450 396 1586 444 adsto.

346 534 565 581 Melibeus
588 538 705 590 Heu,
729 533 811 580 fuit
835 533 906 580 illa
927 551 1024 580 mea
1045 547 1086 580 et
1106 550 1201 593 spes
1224 550 1355 593 quam
1378 533 1615 579 certissima
1636 550 1788 593 nuper,

433 607 535 649 Heu
559 603 778 663 quotiens,
801 601 1006 658 Melibee‚
1030 601 1141 648 “tibi
1164 601 1405 661 coniungar
1426 604 1633 661 oportet''

433 670 509 718 Illa
530 671 588 718 ait
609 685 651 718 et
673 688 782 731 quae
804 684 901 717 turn
922 670 1119 730 porrexit
1139 670 1324 730 pignora
1346 670 1519 716 amoris!

431 743 543 786 Non
564 739 693 800 potui
716 738 896 786 demens
919 756 1010 785 non
1033 737 1220 785 credere.
1242 742 1363 785 Nam
1386 738 1481 799 quis
1503 738 1674 785 Eritum

431 810 559 855 Tunc
582 808 756 855 timeat?
777 807 845 854 vel
868 824 1000 868 quem
1020 806 1117 868 plus
1142 806 1404 867 despiciebat
1426 808 1628 854 Anance?

431 876 515 924 Sed
535 876 657 924 stulti
680 876 864 923 invitam
885 875 1022 923 stulto
1046 876 1223 922 iunxere
1243 889 1457 936 parentes.

432 945 558 1004 Quid
581 944 678 992 fieri
700 962 792 991 non
813 962 939 1005 posse
962 946 1137 1005 putem?
1162 944 1247 991 iam
1270 961 1441 990 currere
1464 957 1638 990 montes

432 1018 568 1074 Inque
592 1027 721 1074 caput
744 1012 880 1059 fluere
903 1013 1113 1073 incipient
1138 1011 1275 1059 modo
1298 1011 1483 1058 flumina
1506 1029 1663 1067 rursus,

433 1086 523 1129 Iam
546 1096 677 1128 cantu
700 1095 874 1141 argutos
898 1098 1022 1127 anser
1041 1080 1260 1141 superabit
1285 1079 1441 1136 olores,

432 1149 622 1197 Pierides
642 1150 751 1210 picis
774 1148 930 1196 cedent
952 1163 993 1195 et
1014 1148 1150 1195 Pallas
1171 1147 1415 1204 Arachnae,

431 1220 588 1278 Tuque
610 1232 755 1264 utrem
779 1216 907 1264 facies
926 1217 1066 1263 victus
1089 1216 1140 1263 de
1162 1230 1347 1276 tergore,
1369 1215 1558 1262 Phoebe.

346 1359 554 1401 Menetus
576 1353 650 1400 Ah
672 1353 794 1400 stulti
817 1354 1004 1399 nimium
1030 1353 1304 1413 nimiumque
1330 1351 1449 1399 fuere
1470 1365 1684 1412 parentes,

433 1427 514 1470 Ast
538 1422 609 1470 illa
631 1421 783 1469 infelix
805 1422 992 1468 nimium
1018 1438 1126 1482 quae
1150 1421 1295 1481 nupsit
1320 1421 1456 1467 Erito.

432 1495 509 1538 Me
531 1491 753 1538 miserum!
778 1504 963 1551 potuere
986 1489 1095 1536 adeo
1116 1488 1237 1536 stulti
1259 1506 1346 1536 esse
1366 1490 1588 1549 parentes?

432 1559 513 1607 Vel
535 1560 683 1620 potuit
708 1559 938 1619 quisquam
960 1557 1097 1605 scelus
1121 1557 1206 1604 hoc
1228 1557 1528 1604 committere?
1551 1570 1592 1603 et
1614 1555 1732 1603 illam

434 1629 623 1675 Invitam
645 1627 721 1674 tali
742 1626 874 1674 talem
898 1627 1084 1673 iunxisse
1110 1626 1290 1673 marito?

347 1765 566 1812 Melibeus
588 1769 725 1811 Nunc
749 1764 884 1810 animi
907 1762 1100 1810 cecidere
1120 1777 1162 1809 et
1183 1780 1301 1809 nunc
1324 1761 1433 1808 mihi
1456 1761 1592 1808 fracta
1610 1761 1764 1816 cicuta,

432 1837 570 1880 Nunc
594 1833 767 1879 numeri
789 1832 998 1892 primum,
1026 1849 1143 1878 nunc
1166 1830 1422 1891 displicuere
1446 1829 1643 1885 choreae,

433 1902 592 1948 Vivere
615 1901 789 1960 iamque
810 1900 941 1960 piget.
967 1899 1092 1958 Quid
1114 1899 1232 1946 enim
1256 1898 1365 1944 mihi
1387 1898 1477 1945 vita
1495 1911 1723 1958 superstes,

434 1969 560 2028 Quid
583 1967 784 2015 conferre
805 1982 950 2028 potest
974 1967 1262 2014 moestissima
1285 1966 1459 2026 longior
1482 1967 1616 2012 aetas?

348 2111 556 2153 Menetus
578 2110 675 2152 Imo
698 2123 787 2165 age,
809 2105 921 2160 vive,
942 2122 1113 2165 precor;
1137 2118 1267 2150 cantu
1288 2102 1426 2150 solare
1449 2101 1664 2158 dolorem,

435 2174 620 2235 Orphea
643 2173 764 2235 quod
787 2172 934 2220 fecisse
958 2172 1103 2220 ferunt
1126 2172 1191 2219 bis
1214 2172 1397 2231 coniuge
1421 2185 1556 2231 rapta,

435 2242 633 2303 Quando
656 2242 789 2289 etiam
812 2241 972 2302 rigidos
995 2241 1165 2288 animos
1190 2240 1394 2287 minuisse
1419 2238 1609 2286 ferarum

434 2312 613 2359 Dicitur
633 2325 675 2358 et
695 2310 835 2358 surdis
859 2325 1045 2357 motasse
1069 2309 1295 2356 cacumina
1315 2308 1443 2355 silvis.

434 2383 525 2427 Pan
547 2397 724 2440 quoque
749 2378 1030 2426 harundineis
1053 2377 1193 2425 elusus
1218 2395 1366 2424 amore
1387 2377 1592 2437 Syringae

435 2448 652 2495 Cantibus
677 2447 845 2494 elusum
869 2446 998 2507 longe
1020 2446 1182 2493 solatus
1205 2463 1402 2493 amorem
1426 2459 1502 2501 est,

435 2520 539 2573 Pan,
562 2517 631 2563 cui
651 2530 847 2576 pastores
870 2533 996 2562 curae
1019 2529 1148 2575 atque
1169 2528 1366 2561 armenta
1384 2530 1616 2574 pecusque,

435 2586 523 2632 Cui
544 2585 740 2646 primum
766 2583 940 2630 calamis
962 2601 1047 2644 qua
1066 2582 1204 2643 polles
1227 2581 1372 2629 fistula
1392 2595 1565 2628 tantum

436 2654 622 2700 Consita
645 2652 887 2712 disparibus
911 2652 1068 2698 cecinit
1089 2651 1159 2697 cui
1181 2650 1325 2697 fistula
1344 2650 1551 2710 primum.

434 2723 503 2767 Tu
528 2738 704 2781 quoque
729 2719 995 2766 carminibus
1019 2733 1193 2779 raptum
1215 2717 1409 2764 solabere
1433 2733 1644 2771 amorem,

435 2793 590 2835 ‹Nam›
613 2787 694 2835 tibi
716 2786 1048 2847 Hamadryades
1070 2785 1253 2833 aderunt
1274 2784 1560 2845 Dryadesque
1581 2782 1749 2844 puellae

435 2861 489 2904 Et
512 2857 655 2904 tristes
677 2855 861 2903 aderunt
884 2854 1119 2915 nymphae,
1144 2853 1225 2901 tibi
1246 2852 1357 2900 ferre
1377 2852 1560 2900 salutem

435 2925 598 2972 Silvani
620 2925 799 2971 venient
823 2924 974 2970 maesti
995 2923 1215 2982 satyrique
1235 2938 1452 2982 procaces.

437 2994 520 3040 His
543 3007 618 3040 tua
638 2992 844 3039 silvestris
868 2990 1105 3037 meditetur
1123 2994 1251 3036 Musa
1272 3006 1456 3036 canoros

436 3060 698 3116 Versiculos,
727 3060 791 3107 his
813 3074 938 3120 pecte
959 3076 1120 3115 comas,
1145 3058 1209 3105 his
1232 3057 1388 3104 fronde
1411 3055 1588 3117 capillos

437 3133 579 3185 Orna,
604 3128 669 3175 his
691 3129 804 3184 vive,
825 3145 995 3188 precor,
1020 3126 1176 3187 quibus
1201 3140 1261 3172 est
1284 3140 1358 3172 tua
1378 3125 1468 3171 vita
1487 3123 1649 3179 decori,

437 3196 582 3244 Crede
606 3196 728 3252 mihi,
753 3195 958 3251 Melibee‚
981 3195 1045 3241 tui
1067 3193 1343 3241 miserebitur
1364 3193 1522 3248 omnis,

1814 190 1951 223 PART
1976 191 2028 224 VI

1854 411 1912 442 105

1855 821 1915 852 110

1856 1161 1914 1193 115

1857 1570 1917 1602 120

1858 1978 1916 2010 125

1857 2389 1917 2420 130

1858 2728 1916 2760 135

1858 3068 1918 3099 140
