2124 3458
152 157 1960 219 Q—ffl———AE

153 308 311 370 quibus
329 307 501 355 assiduo
520 307 634 353 inter
647 323 691 353 se
708 305 973 352 miserrimae
992 304 1251 351 dissentiunt
1268 321 1406 364 prope
1423 317 1585 363 gentes,
1602 303 1818 350 oriuntur.
1839 306 1958 349 Con-

153 392 220 424 tra
239 393 346 423 vero
367 376 544 436 capiunt
567 391 687 421 arma
708 373 832 433 leges,
857 387 898 420 et
916 373 1147 433 praecipue
1170 386 1324 419 natura
1345 386 1386 418 et
1407 372 1574 418 ratione
1597 370 1706 418 duce
1727 370 1892 418 faciunt
1917 371 1960 416 in

152 444 481 505 perturbatores
503 443 718 503 impetum
741 456 798 497 et,
819 440 1018 501 dispersis
1039 458 1123 500 pro
1143 439 1307 486 viribus
1328 440 1445 500 pacis
1465 439 1631 499 otiique
1653 439 1766 486 vitae
1787 453 1960 485 nostrae

153 511 455 567 violatoribus,
499 511 613 571 ipsae
651 506 1000 570 pulcherrime¹⁰⁸
1043 525 1224 568 regnum
1265 522 1432 563 tenent;
1468 507 1503 554 si
1543 522 1692 554 tamen
1731 507 1806 567 qui
1845 506 1962 567 apud

154 580 357 627 homines
378 596 524 625 rerum
544 578 779 638 potiuntur
798 576 969 623 illarum
990 594 1081 623 non
1101 575 1385 623 adversentur
1400 575 1630 622 conatibus
1650 576 1960 635 iustitiamque,

153 648 275 695 cuius
298 647 459 707 gloriae
482 645 680 692 volentes
703 645 944 691 inserviunt
967 644 1092 704 leges,
1117 661 1208 690 non
1232 643 1506 699 excluserint3
1529 642 1650 703 quod
1673 657 1836 698 tamen,
1859 643 1961 703 quia

151 714 430 777 praevalente
459 713 712 774 cupiditate,
742 712 837 759 fieri
867 712 919 759 ab
950 712 1014 759 his
1045 711 1393 773 frequentissime
1423 711 1622 758 videmus
1652 711 1727 772 qui
1754 725 1960 772 praesunt

154 783 409 831 hominibus
446 797 487 829 et
521 782 682 829 habent
717 799 862 828 rerum
894 780 1184 841 gubernacula
1218 781 1262 827 in
1297 780 1509 827 manibus.
1545 784 1609 827 Ita
1639 779 1870 835 fluctuant,
1904 780 1962 826 ita

152 866 369 899 vexantur
385 868 450 897 res
468 850 717 906 hominum,
738 849 844 896 dum
863 850 978 896 inter
991 867 1049 904 se,
1068 849 1272 909 neglectis
1287 848 1465 909 legibus,
1486 848 1531 895 id
1546 863 1608 895 est
1626 848 1754 894 unica
1771 862 1886 894 recte
1903 848 1962 893 vi-

151 920 284 967 vendi
312 920 496 975 ratione,
525 918 577 966 de
604 919 810 979 imperiis,
842 917 895 965 de
923 917 1106 974 honore,
1137 917 1189 964 de
1217 917 1379 964 divitiis
1406 916 1698 977 digladiantur
1723 916 1775 964 ab
1806 931 1961 963 natura

152 1003 282 1049 atque
303 1006 327 1035 a
347 1005 454 1034 vero
475 987 724 1047 longissime
751 987 1011 1033 aberrantes.

236 1061 300 1102 Ex
320 1073 411 1116 quo
430 1056 546 1102 inter
563 1056 782 1102 maiorum
803 1069 918 1101 recte
936 1055 1135 1101 instituta
1153 1053 1260 1101 illud
1278 1071 1454 1114 quoque
1473 1053 1761 1100 vehementer
1772 1053 1961 1114 probare

150 1142 247 1171 sum
266 1123 420 1171 solitus
439 1138 568 1183 atque
585 1122 804 1178 admirari,
822 1122 942 1183 quod
960 1122 1239 1169 bimestribus
1256 1121 1433 1182 singulis
1453 1122 1498 1168 in
1514 1136 1667 1169 senatu
1681 1121 1958 1182 praetoribus

152 1191 560 1252 magistratibusque
580 1205 709 1251 atque
725 1190 816 1238 aliis
835 1190 1029 1237 dicundo
1048 1191 1130 1237 iuri
1146 1191 1403 1251 praepositis
1423 1189 1709 1237 assidentibus
1729 1189 1782 1237 de
1799 1190 1963 1237 iustitia

151 1260 473 1307 accuratissima
497 1259 683 1306 habetur
706 1259 863 1314 oratio;
890 1258 1096 1335 quodque
1123 1258 1184 1304 illi
1210 1259 1284 1319 qui
1307 1276 1531 1305 summum
1560 1272 1715 1318 gerunt
1741 1258 1959 1318 magistra-

150 1343 247 1375 tum
268 1328 321 1374 ab
341 1346 390 1374 ea
407 1328 584 1383 virtute,
605 1345 690 1387 qua
707 1326 799 1373 sola
820 1327 1015 1373 civitates
1033 1341 1360 1382 conservantur,
1383 1344 1549 1373 nomen
1570 1326 1823 1373 indiderunt
1845 1326 1961 1373 addi·

151 1395 398 1455 desuntque
414 1394 608 1441 eiusdem
624 1394 834 1441 vexillum
851 1394 1166 1470 appellationis3
1185 1394 1306 1454 quod
1322 1394 1500 1454 quidem
1516 1395 1648 1440 ceteri
1662 1395 1707 1439 in
1725 1394 1962 1440 iudicando

151 1477 280 1523 atque
301 1461 646 1509 administranda
662 1461 869 1522 publica
859 1476 1148 1518 1ntuerentur,
1170 1462 1460 1517 imitarentur,
1481 1476 1780 1522 sequerentur,
1800 1460 1959 1508 forma-

151 1545 261 1578 rent
290 1535 401 1577 Non
429 1530 537 1590 fugit
564 1530 727 1577 scilicet
755 1531 941 1577 maiores
970 1544 1144 1577 nostros
1173 1544 1336 1590 quanta
1360 1544 1467 1577 esset
1496 1531 1541 1576 in
1569 1530 1725 1577 animis
1751 1529 1963 1590 peccandi

150 1598 331 1646 facultas
350 1613 653 1659 quantumque
676 1598 772 1654 fuit,
791 1612 839 1645 ut
861 1599 951 1659 ipsa
970 1613 1118 1645 tenere
1136 1613 1281 1659 posset
1303 1599 1552 1659 imperium,
1574 1598 1777 1645 adversus
1797 1599 1959 1659 appeti-

150 1665 346 1714 tiones¹⁰⁹
382 1667 542 1714 rationi
574 1666 896 1727 opitulandum.
933 1670 1060 1726 Quae
1090 1667 1124 1714 si
1157 1684 1248 1713 non
1281 1666 1525 1714 deiceretur
1551 1684 1603 1713 ex
1634 1684 1730 1714 arce
1761 1684 1809 1714 ac
1836 1684 1958 1713 suam

151 1736 287 1796 ipsam
308 1735 567 1795 dignitatem
583 1750 814 1796 perpetuo,
833 1750 880 1782 ut
897 1753 977 1795 par
993 1734 1090 1791 fuit,
1109 1736 1329 1791 retineret,
1346 1734 1488 1782 fateor
1503 1734 1611 1781 nihil
1632 1734 1759 1782 fuisse
1779 1753 1890 1796 opus
1909 1750 1957 1782 ut

107 1840 112 1845 .
149 1804 261 1850 bene
288 1803 501 1864 beateque
526 1803 768 1850 secundum
797 1818 998 1850 naturam
1025 1804 1271 1850 viveremus
1297 1803 1441 1864 legum
1471 1803 1758 1850 adminiculis.
1789 1807 1956 1850 Verum

150 1871 329 1932 quando
351 1872 410 1918 ita
429 1889 578 1918 sumus
601 1871 656 1918 ad
671 1871 945 1932 peccandum
965 1871 1195 1932 proclives,
1218 1872 1277 1919 ita
1295 1871 1347 1918 ab
1369 1872 1439 1919 via
1458 1871 1582 1918 facile
1602 1871 1840 1927 aberratur,
1862 1889 1955 1918 non

150 1939 525 1987 committendum
552 1939 757 2000 profecto
784 1939 880 1996 fuit,
908 1940 987 1987 etsi
1014 1939 1138 1987 aliter
1161 1939 1294 2000 paulo
1322 1954 1421 1987 ante
1447 1939 1632 1996 dicebas,
1659 1954 1707 1987 ut
1735 1939 1871 1987 libera
1896 1941 1957 1987 sic

150 2008 353 2055 humanis
372 2009 528 2054 animis
545 2025 691 2054 rerum
710 2007 869 2054 iudicia
884 2007 1248 2068 relinquerentur,
1265 2008 1422 2068 quibus
1439 2023 1704 2069 potestatem
1721 2009 1838 2055 nacti
1853 2008 1959 2055 iudi-

149 2094 218 2123 ces
245 2075 442 2136 plerique
472 2075 526 2122 ad
552 2094 680 2122 suum
711 2077 859 2136 potius
889 2076 1179 2123 commodum
1212 2094 1343 2136 quam
1372 2076 1426 2123 ad
1454 2094 1609 2123 eorum
1639 2077 1714 2137 qui
1744 2074 1956 2137 cuique¹¹0

149 2143 296 2190 forent
324 2144 547 2190 commissi
577 2143 695 2199 fidei,
721 2143 956 2190 utilitatem
985 2143 1147 2190 fuerint
1173 2144 1362 2191 relaturi.
1390 2147 1563 2191 Omnes
1590 2145 1709 2191 enim
1735 2144 1958 2204 placemus

149 2212 230 2272 ipsi
251 2211 392 2267 nobis,
413 2212 573 2271 vixque
594 2212 787 2258 invenias
806 2212 880 2272 qui
900 2212 945 2258 in
964 2229 1007 2259 se
1027 2211 1217 2259 amando
1235 2211 1408 2259 honesti
1427 2211 1588 2259 limites
1607 2230 1699 2259 non
1719 2212 1959 2272 transgred-

150 2280 274 2326 iatur.
307 2284 371 2325 Ex
404 2297 494 2340 quo
528 2279 579 2326 fit
611 2294 673 2336 ut,
703 2279 915 2340 paulatim
948 2279 1153 2340 gliscente
1185 2280 1436 2341 cupiditate,
1468 2280 1733 2328 iudiciorum
1766 2295 1960 2342 potestas

149 2347 302 2395 evadat
323 2348 367 2394 in
388 2348 685 2408 tyrannidem,
707 2363 755 2395 ut
776 2348 891 2409 apud
911 2348 1202 2396 Athenienses
1222 2348 1380 2409 legitur
1399 2349 1452 2396 de
1471 2350 1649 2410 triginta
1668 2350 1879 2410 tyrannis.
1902 2354 1955 2397 Et

148 2417 320 2477 Appius
348 2416 573 2473 Claudius,
601 2416 824 2464 decemvir
847 2417 963 2478 apud
988 2421 1256 2474 Romanos,tt
1282 2417 1387 2465 dum
1415 2418 1487 2465 dat
1512 2418 1722 2465 vindicias
1745 2417 1958 2466 libertatis

146 2502 250 2545 prae
272 2503 422 2532 amore
444 2485 489 2531 in
509 2486 781 2541 servitutem,
804 2485 972 2533 decoris
993 2487 1137 2533 omnis
1162 2486 1420 2547 honestique
1443 2486 1727 2534 obliviscitur.
1753 2486 1960 2534 Lacedae-

148 2554 273 2599 moni
292 2553 472 2600 tandem
489 2555 675 2614 Lycurgi
690 2569 987 2614 susceperunt,
1007 2554 1157 2615 hisque
1175 2555 1239 2601 usi
1254 2570 1354 2602 sunt
1373 2556 1577 2602 Romani.
1594 2556 1691 2602 Sive
1706 2570 1806 2616 post
1823 2556 1957 2615 vigin-

147 2621 181 2667 ti
208 2622 270 2680 (ut
294 2620 453 2680 legitur
473 2621 704 2681 Pandectis)
734 2639 871 2669 annos
895 2623 999 2678 sive,
1025 2637 1072 2669 ut
1098 2623 1223 2669 Livio
1247 2622 1416 2683 placere
1439 2624 1572 2683 magis
1597 2623 1826 2679 videtur,¹¹¹¹
1851 2638 1956 2670 octo

148 2703 189 2735 et
212 2689 392 2748 triginta
414 2706 438 2735 a
458 2689 591 2749 pulsis
616 2689 739 2736 Urbe
763 2691 1025 2750 Tarquiniis,
1051 2690 1163 2750 leges
1186 2690 1342 2751 quibus
1366 2689 1613 2738 uteretur¹ll
1638 2690 1828 2751 populus
1855 2709 1956 2738 con-

147 2757 398 2803 stituerunt.
419 2757 579 2804 Tribus
601 2758 719 2804 enim
742 2758 786 2803 in
806 2759 1038 2805 Graeciam
1056 2759 1194 2805 missis
1215 2758 1376 2819 legatis,
1395 2773 1443 2806 ut
1463 2758 1632 2806 inclitas
1649 2759 1822 2806 Solonis
1845 2759 1957 2819 leges

228 2961 248 2977 ¹¹
268 2959 410 3007 Appius
434 2958 605 2997 Claudius
627 2973 698 2997 was
720 2961 913 2997 Decemvir
934 2961 973 2997 in
993 2964 1057 2998 451
1082 2970 1142 2998 BC.
1166 2964 1223 2998 He
1245 2960 1366 3009 hoped
1386 2961 1448 2998 the
1468 2961 1569 3009 plebs
1592 2960 1716 2999 would
1735 2961 1875 2999 abolish
1896 2961 1959 2998 the

146 3010 329 3048 tribunate
351 3011 391 3047 in
412 3023 537 3048 return
557 3010 617 3048 for
639 3011 833 3049 admission
857 3024 896 3049 to
918 3011 980 3050 the
1004 3012 1142 3060 highest
1165 3012 1287 3050 offices
1312 3012 1377 3050 but
1400 3012 1460 3050 fell
1481 3012 1578 3050 from
1602 3027 1728 3061 power
1750 3012 1896 3051 accused
1919 3012 1961 3050 of

146 3074 317 3110 tyranny‚
335 3063 426 3110 Livy
440 3062 500 3100 Ab
515 3062 687 3100 urb.cond.
710 3066 810 3107 11133
828 3077 899 3112 sqq.

228 3125 259 3139 ⁸²⁸
280 3121 486 3169 According
502 3133 542 3158 to
564 3122 664 3170 Livy,
685 3121 782 3166 ibid„
805 3125 931 3167 111‚34.,
949 3122 1011 3160 the
1031 3122 1174 3160 Twelve
1194 3122 1318 3161 Tables
1336 3123 1462 3161 drawn
1480 3137 1530 3172 up
1549 3123 1598 3172 by
1616 3123 1678 3161 the
1696 3124 1902 3161 Decemviri
1921 3124 1960 3160 in

147 3176 307 3210 451-450
326 3182 375 3209 BC
393 3187 487 3211 were
503 3173 566 3211 the
585 3173 679 3211 ‘fons
696 3175 816 3212 omnis
834 3174 970 3223 publici
987 3187 1022 3212 et
1039 3176 1170 3223 privati
1184 3174 1292 3223 legis.'
