2118 3444
217 165 309 206 246
1805 171 1943 204 PART
1968 171 2019 204 1v

303 310 417 368 Quis
447 310 566 356 enim
597 308 795 356 dubitare
825 308 979 355 audeat
1006 326 1079 355 eos
1109 309 1197 368 qui,
1228 309 1435 355 insectata
1462 308 1695 368 republica,
1725 323 1792 356 tot
1820 323 2027 369 tantaque

215 377 410 438 pericula
429 377 574 424 subire
598 394 689 423 non
712 391 963 423 recusarunt
985 376 1093 423 adeo
1113 390 1161 422 ut
1184 375 1288 422 haec
1306 394 1440 436 usque
1462 390 1664 436 tempora
1683 394 1778 423 eam
1799 376 2021 423 ill<aes›am

218 460 259 492 et
284 462 462 492 summo
489 462 590 491 cum
618 444 766 491 labore
794 443 1144 504 tranquilliorem
1171 443 1516 520 amplioremque
1544 461 1716 520 semper
1742 443 2026 500 reddiderint,

218 531 337 560 nunc
338 511 505 560 ⁴solito
523 512 866 559 fortissimorum
888 512 1138 558 animorum
1158 512 1305 571 vigore
1323 512 1774 572 perspicacissimaque
1792 511 2027 572 prudentia

216 600 260 628 se
286 595 504 642 praestare
531 595 686 627 contra
713 597 894 626 omnem
924 580 1014 625 vim
1042 580 1276 626 acerrimos
1302 594 1663 640 propugnatores,
1696 594 1737 626 et
1764 597 1881 626 nunc
1907 597 2026 640 prae-

216 650 382 704 sertim,
404 666 505 695 cum
527 662 568 695 et
588 648 733 695 omnis
755 647 1015 707 reipublicae
1037 661 1210 694 nostrae
1228 661 1363 694 status
1379 646 1542 723 pendet
1562 661 1603 694 et
1622 648 1766 694 omnis
1788 648 1874 694 iam
1894 648 2026 694 invic-

217 717 373 764 tissimi
400 716 527 763 huius
552 715 707 776 populi
733 715 883 775 gloria,
910 733 1041 775 quam
1065 714 1146 761 soli
1171 732 1250 761 vos
1274 715 1484 761 servaturi
1509 715 1607 761 estis
1630 733 1767 775 paene
1792 714 2023 762 abiciatur?

218 784 528 843 Quamobrem
551 782 900 838 animadvertite,
919 800 1093 843 quaeso,
1116 782 1341 829 fortissimi
1360 796 1518 842 patres,
1538 800 1669 842 quam
1688 783 1825 829 virtus
1847 800 1895 829 ac
1911 800 2026 830 seve-

218 853 320 899 ritas
340 866 484 899 vestra
504 869 527 898 a
548 851 676 898 bonis
701 850 907 897 omnibus
933 850 1201 911 expectanda
1217 851 1284 897 sit.

301 920 475 976 Veneti,
510 934 676 966 vestrae
709 918 1042 966 florentissimae
1077 918 1196 966 urbis
1232 933 1273 966 et
1305 918 1515 966 libertatis
1548 919 1828 966 vetustissimi
1865 918 2024 975 hosteS,

217 988 354 1036 fracta
371 988 560 1048 turpiter
579 1002 620 1034 et
641 986 899 1034 iamdudum
922 987 1046 1034 omni
1069 986 1490 1043 confoederatione,c
1508 1004 1639 1047 quam
1660 1005 1747 1034 una
1768 986 1829 1033 illi
1851 1001 1892 1034 et
1912 986 2024 1034 illus-

216 1057 395 1104 trissimi
420 1057 640 1117 principes
667 1074 716 1102 ac
738 1055 893 1116 populi
921 1073 1021 1102 cum
1050 1055 1134 1102 hoc
1162 1056 1448 1102 invictissimo
1476 1054 1677 1116 [populo]
1706 1056 2022 1102 sanctissimam

217 1139 542 1180 contraxerant,
568 1142 661 1171 non
689 1123 891 1170 dubitant
921 1124 977 1183 (et
1002 1141 1080 1170 vos
1109 1141 1201 1170 non
1228 1122 1350 1183 fugit)
1380 1141 1403 1170 a
1429 1124 1687 1179 constantia,
1714 1141 1737 1170 a
1762 1122 2023 1170 fortitudine

216 1207 359 1240 vestra
382 1210 474 1239 non
500 1206 656 1239 contra
678 1194 847 1238 Turcos
872 1192 989 1238 viros
1016 1192 1060 1237 in
1085 1191 1202 1238 bello
1225 1191 1590 1251 praeclarissimos
1615 1191 1856 1238 subsidium
1885 1209 1934 1238 ac
1955 1192 2025 1238 sti-

214 1260 429 1321 pendium
455 1259 802 1336 petulantissime
831 1253 1058 1319 flagitare,0¹
1083 1277 1237 1306 verum
1265 1260 1344 1316 [in]
1372 1260 1574 1306 omnium
1605 1259 1749 1306 Italiae
1775 1273 1816 1306 et
1839 1258 2024 1319 populo-

217 1347 316 1376 rum
333 1343 375 1376 et
390 1328 567 1385 ducum,
587 1329 728 1375 immo
748 1327 989 1388 (advertite,
1001 1327 1329 1388 prudentissimi
1346 1328 1503 1388 patres)
1521 1328 1656 1374 totius
1675 1326 1792 1374 orbis
1809 1341 2024 1374 terrarum

217 1398 390 1444 ruinam
416 1411 457 1443 et
479 1397 765 1443 eversionem.
790 1400 881 1443 Vos
908 1395 992 1442 hoc
1015 1396 1093 1442 etsi
1114 1396 1281 1456 saepius
1304 1413 1352 1442 ac
1374 1395 1633 1456 iampridem
1654 1396 1906 1471 pernovisse
1931 1413 2024 1442 non

217 1465 431 1521 dubitem,
450 1479 491 1511 et
508 1464 651 1511 multo
667 1479 816 1511 tamen
833 1463 987 1510 clarius
1005 1478 1133 1524 atque
1148 1463 1390 1510 evidentius
1408 1481 1547 1524 nuper
1560 1464 1803 1523 perspicere
1818 1463 2023 1523 potuistis

217 1551 319 1580 cum
342 1551 434 1579 non
456 1532 594 1579 modo
617 1533 707 1579 ausi
727 1546 827 1579 sunt
851 1549 1031 1578 omnem
1054 1531 1180 1578 vobis
1203 1532 1526 1591 navigationem
1548 1549 1596 1578 ac
1615 1545 1921 1587 mercaturam,
1942 1548 2027 1591 qua

215 1601 297 1648 soli
319 1602 434 1648 inter
452 1600 553 1648 alias
572 1618 727 1647 omnes
746 1614 894 1660 gentes
914 1599 1143 1656 excelletis,
1162 1599 1434 1656 interdicere,
1451 1598 1526 1646 sed
1543 1599 1791 1646 universam
1811 1598 2023 1646 Florenti-

217 1687 379 1717 norum
405 1669 583 1716 classem
607 1683 648 1716 et
669 1669 781 1716 vires
803 1683 844 1716 et
867 1686 970 1729 opes
994 1667 1332 1715 innumerabiles
1356 1667 1541 1729 dIripere
1564 1668 1711 1715 conati
1731 1674 1864 1715 sunt.⁶

302 1737 612 1797 Quamobrem
643 1736 885 1784 videndum
915 1751 976 1784 est
1004 1737 1165 1797 prime,
1195 1736 1523 1797 prudentissimi
1550 1750 1707 1797 patres,
1737 1754 1829 1783 non
1857 1750 2025 1796 quanto

217 1806 423 1854 dedecori
441 1824 489 1853 ac
508 1803 793 1866 turpitudini5
813 1804 1127 1852 florentissimo
1151 1804 1251 1852 huic
1271 1805 1440 1852 senatui
1459 1804 1656 1851 futurum
1679 1819 1786 1851 esset
1808 1803 2024 1851 mandatis

217 1875 307 1922 eius
329 1892 481 1935 parere
506 1875 706 1930 civitatis,
731 1892 754 1920 a
775 1891 860 1934 qua
883 1874 1007 1920 omni
1028 1872 1227 1934 perfidia,
1252 1874 1375 1920 omni
1401 1870 1674 1933 deceptione⁶
1698 1873 1908 1949 omnique
1932 1871 2024 1919 odii

216 1961 372 2003 genere
401 1957 653 2003 persecutus
683 1943 752 1998 sit,
783 1960 875 1988 non
907 1942 1038 1988 etiam
1068 1942 1147 1998 [in]
1178 1956 1340 2002 quanta
1369 1956 1410 1988 et
1440 1959 1571 2002 quam
1602 1941 1792 1988 maxima
1819 1941 2023 1987 omnium

216 2026 473 2087 temporum
496 2011 680 2071 penuria
702 2024 898 2057 versetur
919 2010 1146 2066 aerarium,
1171 2027 1310 2070 nuper
1332 2027 1383 2056 ex
1405 2009 1644 2056 diuturna
1634 2026 1830 2069 impensa
1852 2026 2026 2055 emunc-

216 2094 327 2135 tum‚
347 2079 488 2125 immo
508 2097 559 2125 ex
576 2079 701 2125 omni
719 2093 842 2139 parte
859 2077 1117 2125 exhaustum
1136 2092 1177 2125 et
1193 2077 1247 2125 ad
1260 2092 1460 2125 tutamen
1476 2091 1670 2124 vestrum
1689 2076 2022 2124 imminentibus

218 2148 419 2194 maximis
438 2146 642 2207 periculis
662 2146 985 2193 reservandum.
1008 2150 1068 2193 At
1087 2147 1121 2193 si
1143 2146 1302 2193 horum
1325 2145 1433 2192 nihil
1454 2145 1553 2192 licet
1572 2160 1613 2192 et
1634 2163 1658 2205 a
1673 2145 1918 2206 prudentiis
1936 2162 2025 2192 ves-

216 2216 294 2262 tris
311 2214 650 2275 haudquaquam
670 2214 985 2261 consideranda
1002 2232 1088 2261 esse
1104 2214 1323 2270 videntur,
1341 2228 1499 2260 terreat
1514 2231 1592 2260 vos
1609 2202 1745 2260 totius
1761 2212 1880 2259 urbis
1900 2213 2026 2259 ruina

217 2301 269 2330 ex
286 2283 472 2343 proprio
494 2297 642 2329 vestro
660 2281 854 2329 subsidio
877 2296 1176 2338 consecutura3
1199 2296 1357 2328 terreat
1375 2282 1520 2337 etiarn,
1541 2295 1670 2341 atque
1689 2280 1881 2341 effugite,
1902 2281 2025 2327 caris·

297 2541 369 2575 cIn
389 2541 475 2576 1467
493 2539 626 2576 Venice
644 2537 715 2575 had
732 2537 871 2575 refused
887 2549 927 2575 to
945 2538 1023 2586 join
1038 2537 1101 2575 the
1119 2536 1239 2585 league
1256 2536 1379 2585 signed
1397 2537 1446 2585 by
1463 2536 1589 2580 Milan,
1608 2539 1751 2574 Ferrara
1768 2535 1839 2574 and
1856 2535 2027 2574 Florence

215 2606 267 2629 on
280 2591 343 2629 the
359 2591 516 2639 grounds
530 2591 609 2629 that
623 2605 657 2629 as
672 2590 735 2628 she
751 2605 821 2628 was
838 2603 872 2628 at
886 2605 992 2639 peace
1007 2590 1097 2628 with
1111 2590 1167 2634 all,
1183 2605 1202 2628 a
1217 2604 1297 2628 new
1312 2590 1431 2638 league
1447 2604 1517 2628 was
1533 2603 1779 2637 unnecessary,
1796 2591 1828 2627 S.
1832 2589 2025 2632 Romania,

215 2646 326 2681 Storia
348 2643 591 2681 documentata
611 2643 649 2680 a'z'
675 2646 828 2687 Verania,
854 2646 901 2680 IV
922 2643 1077 2690 (Venice,
1105 2642 1215 2690 1855),
1238 2645 1315 2680 326.
1338 2642 1406 2680 She
1426 2641 1498 2679 also
1522 2656 1606 2690 gave
1625 2642 1710 2679 tacit
1729 2652 1881 2699 support
1902 2652 1942 2678 to
1962 2639 2025 2678 the

215 2707 368 2744 attempt
394 2694 435 2732 of
458 2695 520 2732 the
546 2694 753 2732 Florentine
777 2694 883 2732 exiles
908 2706 947 2732 to
975 2706 1099 2732 return
1121 2706 1160 2732 to
1188 2693 1358 2731 Florence
1382 2693 1480 2731 from
1505 2693 1567 2731 the
1593 2696 1777 2741 Romagna
1803 2693 1842 2729 in
1870 2695 2024 2730 1467-68

214 2747 376 2795 through
395 2746 459 2784 her
476 2746 702 2784 condottiere
721 2746 950 2783 Bartolomeo
971 2745 1150 2783 Colleoni.

295 2799 312 2824 ‘¹
330 2809 360 2843 It
379 2805 450 2843 had
469 2805 560 2843 been
577 2804 760 2853 suggested
778 2804 856 2842 that
875 2804 1046 2842 Colleoni
1061 2803 1193 2842 should
1214 2804 1256 2842 be
1276 2803 1357 2852 paid
1374 2807 1498 2847 70,ooo
1517 2803 1638 2841 ducats
1657 2817 1677 2840 a
1694 2816 1778 2851 year
1795 2814 1834 2840 to
1853 2801 1944 2850 sight
1963 2801 2025 2839 the

217 2857 334 2895 Turks
353 2858 392 2894 in
409 2856 574 2901 Albania,
594 2858 634 2894 in
651 2856 815 2894 addition
831 2868 870 2894 to
890 2856 943 2894 his
962 2870 1128 2905 expenses
1148 2857 1186 2893 in
1202 2855 1265 2894 the
1283 2859 1477 2904 Romagna,
1499 2855 1563 2893 but
1582 2856 1620 2892 in
1638 2855 1729 2892 view
1746 2853 1788 2892 of
1803 2853 1857 2892 his
1873 2865 2026 2902 support

215 2923 255 2948 to
272 2910 335 2948 the
351 2910 559 2948 Florentine
573 2910 689 2954 exiles,
708 2909 878 2947 Florence
892 2924 964 2947 saw
979 2909 1051 2947 this
1066 2923 1100 2947 as
1118 2923 1138 2947 a
1151 2921 1322 2958 payment
1336 2921 1375 2946 to
1391 2909 1523 2946 Venice
1539 2909 1671 2956 against
1687 2907 1752 2945 her
1765 2921 1853 2945 own
1865 2905 2026 2956 politica]

217 2977 251 3000 as
270 2962 352 3000 well
371 2977 405 3000 as
424 2962 490 3000 her
507 2961 735 3000 commercia]
755 2961 1028 3005 interests,ib1'd
1049 2965 1126 3004 331,
1145 2961 1188 2998 cf.
1208 2973 1294 2998 note
1311 2960 1334 3008 D
1355 2960 1483 2998 below

298 3024 370 3057 In
387 3020 595 3068 September
616 3023 703 3057 1467
722 3019 928 3057 Florentine
944 3018 1187 3056 merchandise
1206 3033 1257 3056 on
1274 3031 1349 3056 two
1366 3018 1463 3066 ships
1482 3017 1578 3055 from
1597 3020 1751 3055 Ancona
1770 3031 1840 3054 was
1859 3015 2029 3065 captured

217 3072 288 3110 and
300 3071 499 3121 plundered
514 3072 562 3120 by
577 3072 710 3109 Venice
723 3084 758 3109 at
773 3071 927 3115 Modon,
942 3085 998 3109 see
1014 3072 1100 3108 Miss
1115 3075 1170 3115 45,
1184 3070 1263 3108 fols
1284 3073 1593 3114 169v-170r‚180r
1606 3069 1737 3117 (letters
1751 3081 1791 3106 to
1805 3069 1938 3106 Venice
1952 3067 2023 3106 and

216 3124 279 3162 the
294 3124 382 3172 king
395 3123 436 3162 of
450 3127 695 3172 Hungary,13
713 3123 920 3172 September
937 3126 1023 3160 1467
1038 3122 1108 3160 and
1126 3126 1166 3160 14
1178 3126 1332 3170 January
1349 3121 1459 3170 1468);
1477 3135 1528 3159 on
1541 3121 1604 3159 the
1619 3121 1797 3169 embargo,
1811 3134 1868 3158 see
1884 3131 1972 3158 note
1986 3119 2023 3168 b)

217 3177 342 3214 above.
