2106 3444
197 165 220 205 2
1832 173 1971 206 PART
1996 174 2010 207 I

1095 315 1120 355 2

586 385 663 424 ΤΟ
687 386 1035 424 FRANCESCO
1059 386 1294 425 FILELFO
1318 387 1402 433 [IN
1421 387 1628 434 MILAN]

807 452 1016 493 Florence
1039 455 1258 501 [Autumn
1283 456 1406 502 1455]

350 550 435 595 Mo,
456 546 523 587 fol.
545 550 648 587 6r-v.
667 546 894 599 Autograph
914 546 1024 587 draft.
1045 546 1171 599 Partly
1190 546 1391 587 translated
1413 548 1452 587 in
1470 547 1582 596 Scala,
1608 551 1721 588 17-18
1742 551 1855 597 [7-8].

197 651 399 698 Philelfo.
421 652 587 712 Accepi
605 669 705 698 cum
723 669 858 712 parva
875 651 1058 712 epistola
1077 666 1151 699 tua
1167 666 1208 698 et
1226 651 1408 699 doctum
1428 666 1469 699 et
1487 651 1656 712 elegans
1673 670 1864 709 carmen,
1883 652 2013 714 idque

198 738 340 767 mane.
373 724 523 780 Itaque
549 737 732 780 pransus
763 734 863 780 post
895 719 1123 766 meridiem
1152 737 1248 767 sum
1277 719 1502 780 profectus
1532 720 1741 767 Faesulas.
1773 720 1865 768 Illic
1893 722 2013 768 enim

197 788 433 836 Iohannesa
459 787 663 835 aedificio
688 806 768 835 suo
794 788 989 835 intentus
1016 788 1264 845 rusticabat3
1291 803 1333 836 et
1357 788 1467 835 mihi
1494 803 1584 836 erat
1608 807 1756 836 secum
1783 790 2012 850 negotium

195 858 297 904 satis
314 857 618 904 necessarium.
639 860 757 904 Cum
778 874 914 904 essem
933 856 1081 904 multis
1099 856 1151 904 de
1168 857 1295 904 rebus
1312 875 1460 904 secum
1479 857 1736 914 collocutus,
1756 857 1937 905 tandem
1952 875 2012 906 sa-

196 925 333 972 lutavi
353 925 478 972 illum
500 926 586 972 tuis
605 925 749 971 verbis
770 924 1029 985 ostendique
1049 939 1091 972 et
1111 925 1341 985 epistolam
1362 940 1403 972 et
1422 943 1612 972 carmen.
1634 929 1761 985 Quae
1780 926 1856 973 ubi
1877 940 2013 973 atten-

196 994 361 1041 tissime
380 993 563 1053 legisset,
584 992 724 1040 multa
741 1011 916 1040 mecum
936 1007 998 1040 est
1017 992 1069 1040 de
1086 994 1171 1040 tuis
1190 992 1387 1040 mirificis
1405 993 1605 1041 laudibus
1624 993 1797 1041 locutus
1816 993 2013 1055 dixitque

196 1061 355 1109 eodem
378 1061 447 1108 die
469 1061 523 1109 ad
543 1076 585 1108 te
605 1062 821 1122 scripsisse
846 1076 908 1118 ut,
929 1062 963 1108 si
986 1061 1111 1109 illum
1134 1076 1213 1109 tuo
1236 1061 1455 1109 beneficio
1477 1061 1658 1123 dignum
1682 1077 1871 1123 putares,
1894 1062 2016 1110 dares

196 1148 377 1191 operam
405 1145 453 1177 ut
479 1129 551 1177 illa
576 1129 834 1177 Petrarchae
857 1124 1070 1177 carminab
1097 1131 1197 1178 satis
1219 1148 1299 1191 per
1322 1148 1365 1178 se
1391 1130 1575 1178 obscura
1601 1145 1676 1178 tua
1701 1130 1858 1179 fierent
1882 1132 2012 1179 inter-

193 1199 443 1260 pretatione
465 1198 661 1246 clariora.
684 1198 732 1246 Id
748 1199 782 1246 si
803 1198 978 1255 faceres,
997 1198 1234 1246 affirmavit
1253 1213 1294 1247 et
1313 1217 1402 1247 sese
1422 1200 1573 1247 omnia
1592 1199 1673 1247 tibi
1692 1199 1946 1247 debiturum
1967 1214 2009 1248 et

195 1286 350 1315 omnes
374 1268 449 1329 qui
474 1267 728 1315 huiusmodi
754 1267 944 1315 lectione
968 1267 1254 1325 delectantur,
1277 1269 1351 1329 qui
1374 1268 1502 1316 multi
1525 1283 1626 1316 sunt
1653 1268 1732 1316 hac
1752 1270 2010 1330 praesertim

195 1337 240 1382 in
259 1336 381 1392 urbe,
403 1336 675 1383 immortales
694 1336 775 1383 tibi
793 1354 880 1383 esse
898 1337 1054 1396 gratias
1072 1336 1310 1384 habituros.
1333 1341 1425 1397 Ego
1445 1355 1620 1398 quoque
1640 1352 1687 1385 ut
1707 1337 1751 1384 id
1768 1337 1898 1385 facias
1915 1356 2008 1385 non

194 1404 380 1452 consulo
406 1404 550 1451 solum
581 1419 653 1452 aut
681 1404 850 1461 hortor,
876 1404 951 1452 sed
977 1423 1059 1451 oro
1085 1419 1213 1466 atque
1239 1405 1449 1452 obtestor.
1478 1409 1591 1452 Puto
1618 1406 1736 1452 enim
1764 1405 1809 1453 id
1833 1424 2010 1467 quoque

195 1491 287 1520 non
303 1491 491 1533 parvum
510 1472 605 1519 fore
622 1473 850 1520 cumulum
872 1473 926 1520 ad
939 1473 1136 1533 gloriam.
1158 1473 1298 1532 Quod
1315 1473 1369 1520 ad
1385 1474 1555 1520 mulum
1575 1474 1699 1520 illum
1719 1488 1846 1521 tuum
1866 1473 2008 1534 fugiti—

193 1559 299 1588 vum
323 1542 495 1598 attinet,
515 1542 727 1602 quoniam
750 1540 1044 1588 Nicodemusc
1067 1542 1112 1587 in
1134 1559 1237 1602 agro
1256 1542 1434 1589 Senensi
1457 1541 1630 1598 militat,
1652 1541 1831 1603 quando
1851 1543 1912 1590 sic
1930 1543 2009 1599 vis,

194 1628 287 1657 rem
313 1610 612 1671 aggrediemus
639 1624 793 1657 nostro
816 1614 974 1657 Marte.
1001 1614 1234 1670 Quantum
1259 1610 1544 1671 proficiemus
1570 1611 1718 1658 statim
1740 1611 1859 1658 scies.
1885 1615 2008 1658 Nam

193 1678 260 1726 vel
284 1678 416 1726 hodie
439 1679 677 1726 convenire
700 1679 894 1739 equitem
916 1693 977 1726 est
1000 1679 1170 1726 animus
1192 1694 1240 1726 ut
1264 1679 1427 1740 aliquid
1446 1680 1553 1726 scire
1576 1694 1705 1740 atque
1727 1679 1781 1727 ad
1799 1694 1841 1727 te
1863 1680 2009 1727 rescri-

192 1747 294 1794 bere
311 1747 531 1808 possimus
553 1747 605 1794 de
621 1747 826 1794 Antonio
845 1748 1009 1808 Septio‚
1030 1765 1083 1794 ne
1101 1748 1254 1794 Simon
1274 1747 1467 1808 quidem,
1487 1762 1586 1795 tuus
1606 1747 1675 1795 ille
1693 1747 1942 1809 discipulus,
1965 1747 2010 1794 il-

191 1815 274 1863 lius
293 1830 441 1863 autem
460 1815 799 1876 condiscipulus,
822 1816 1057 1876 quicquam
1077 1830 1210 1863 tenet.
1230 1820 1332 1863 Hoc
1350 1815 1483 1863 velim
1501 1816 1582 1864 tibi
1597 1815 1855 1877 persuadeas
1872 1834 1943 1864 me
1962 1817 2007 1863 in

193 1884 321 1931 rebus
342 1885 428 1931 tuis
452 1883 678 1945 defatigari
699 1902 926 1945 nunquam
950 1902 1076 1945 posse
1101 1884 1280 1945 quando
1303 1884 1481 1946 quidem
1502 1899 1550 1932 tu
1572 1885 1617 1931 in
1641 1886 1748 1932 meis
1771 1903 1825 1932 ne
1847 1884 2010 1933 lassitu-

192 1952 294 2000 dine
323 1952 502 2014 quidem
531 1953 674 2014 aliqua
700 1971 897 2014 unquam
926 1952 1141 2000 afficiaris.
1169 1954 1395 2001 Vermiam
1424 1968 1571 2001 autem
1600 1948 1714 2001 remd
1740 1972 2006 2015 magnopere

192 2036 390 2083 expecto.
414 2021 534 2069 Vale.
559 2026 623 2068 Ex
645 2021 881 2069 Florentia.

270 2655 282 2669 ²
311 2651 499 2688 Giovanni
522 2650 561 2688 di
589 2651 740 2688 Cosimo
768 2650 824 2688 de'
852 2650 996 2695 Medici,
1025 2650 1115 2689 then
1140 2650 1302 2700 building
1327 2651 1382 2689 his
1410 2651 1493 2689 villa
1518 2652 1558 2688 in
1585 2651 1730 2696 Fiesole;
1758 2665 1815 2689 see
1842 2650 2004 2696 A.Lillie‚

190 2704 391 2741 ‘Giovanni
402 2703 440 2742 di
456 2705 607 2741 Cosimo
623 2703 694 2742 and
707 2703 770 2742 the
784 2703 877 2742 Villa
891 2703 1025 2742 Medici
1038 2716 1072 2742 at
1087 2704 1246 2749 Fiesole,'
1262 2706 1301 2742 in
1311 2707 1410 2743 Piero
1422 2704 1620 2748 de’Medici,
1641 2704 1686 2743 “il
1702 2706 1867 2743 Gottoso”
1878 2704 2004 2753 (1416-

191 2755 300 2803 1469),
320 2755 390 2794 eds.
410 2758 574 2804 A.Beyer
591 2756 662 2794 and
679 2756 897 2801 B.Boucher,
915 2756 1045 2801 Berlin,
1066 2760 1163 2801 1993,
1187 2760 1352 2795 189-205.

269 2807 284 2832 ¹³
309 2817 375 2852 On
398 2814 555 2852 Filelfo's
579 2827 829 2864 commentary
852 2830 904 2853 on
927 2815 1123 2853 Petrarch's
1146 2819 1347 2854 canzoniere
1367 2830 1423 2854 see
1447 2819 1485 2853 N
1491 2818 1650 2864 Quarta,
1677 2818 1704 2852 ‘I
1727 2816 2008 2854 commentatori

189 2868 479 2915 quattrocentisti
495 2867 552 2905 del
571 2869 756 2912 Petrarca‘‚
771 2869 850 2905 Atti
866 2867 972 2905 a'.R.A
979 2867 1148 2906 ccademia
1164 2867 1202 2905 di
1215 2867 1447 2916 Archeologia,
1467 2871 1596 2906 Lettere
1612 2882 1630 2906 e
1643 2867 1733 2906 Belle
1746 2870 1839 2912 Ani,
1856 2867 2002 2916 Napkm,

189 2922 230 2956 23
252 2918 379 2967 (1905),
401 2922 571 2963 269-324,
592 2919 697 2963 Scala,
720 2923 760 2957 18
779 2923 930 2965 [14-15]‚
952 2931 1039 2957 note
1058 2924 1111 2957 57.

270 2982 283 2996 ⁰
296 2977 502 3015 Nicodemo
520 2977 763 3015 Tranchedini
772 2978 816 3015 da
831 2978 1066 3022 Pontremoli,
1081 2978 1253 3016 Milanese
1267 2978 1491 3016 ambassador
1507 2979 1545 3014 in
1559 2978 1741 3022 Florence,
1754 2992 1811 3016 see
1826 2981 2003 3022 Lorenzo,

188 3032 328 3074 Lettere,
345 3032 370 3074 Ι,
387 3033 465 3074 271,
483 3041 570 3067 note
588 3033 617 3073 1,
634 3031 838 3074 L.Cerioni‚
854 3033 903 3067 La
916 3030 1138 3078 Diplomazia
1154 3029 1317 3078 Sforzesca
1335 3029 1424 3068 nella
1436 3030 1579 3068 seconda
1596 3030 1686 3068 meta*
1699 3029 1756 3068 del
1766 3039 2003 3078 quattrocento

189 3095 206 3119 e
224 3085 325 3119 isuoi
343 3081 461 3129 czfrari
475 3085 602 3129 segreti,
624 3085 751 3126 Rome,
774 3085 871 3126 1970,
892 3085 1038 3120 242-43.

269 3134 286 3159 ‘¹
301 3143 494 3178 Francesco
512 3139 637 3178 Filelfo
651 3152 691 3178 to
708 3139 814 3184 Scala,
831 3145 850 3178 5
868 3142 1043 3178 Oct.1455
1062 3139 1248 3188 (Epistolae,
1266 3141 1409 3184 Venice,
1430 3143 1527 3184 1502,
1543 3139 1608 3178 fol.
1624 3139 1716 3188 90v):
1735 3141 1804 3178 ‘De
1817 3153 1855 3177 re
1869 3140 2005 3178 vermia

189 3191 289 3240 quod
305 3193 395 3229 scire
413 3192 523 3240 cupis,
542 3204 641 3229 totus
659 3204 710 3229 est
728 3193 768 3228 in
785 3193 1055 3240 expectatione’.
1076 3191 1240 3236 Cf.Scala,
1264 3195 1371 3229 18-19
1390 3195 1472 3238 [15]‚
1493 3203 1579 3229 note
1598 3195 1652 3229 59.
