2118 3444
225 172 311 213 118
1017 168 1019 170 ’
1852 180 2029 214 PARTI

222 316 403 364 cularita
424 317 485 362 mi
507 334 620 363 sono
645 315 823 372 offerto,
849 330 889 363 et
910 315 1093 376 priegho
1118 316 1157 363 la
1177 317 1374 376 Signoria
1395 321 1554 364 Vostra
1577 317 1634 377 gli
1656 318 1794 365 scriva
1816 319 1861 364 in
1886 318 2033 379 quello

222 385 340 432 ch'io
361 388 493 445 pOsso
518 403 608 431 non
629 384 734 445 pigli
757 385 802 430 in
824 384 982 431 alcuno
1004 384 1116 431 altro
1137 385 1327 445 magiore
1349 385 1520 432 sicurta.
1542 386 1628 432 Die
1649 386 1739 432 viiii
1761 384 1885 433 Maii2
1912 391 2030 434 1482.

683 563 686 566 ,
1092 526 1169 566 136

747 595 824 634 ΤΟ
849 596 1141 635 CORRADO
1165 596 1240 634 DE
1261 597 1508 635 GUALDO

991 666 1012 702 9
1034 665 1136 715 May
1159 666 1263 703 1482

304 759 388 804 Mo,
415 755 482 796 fol.
512 759 637 795 12r-v.
662 755 774 796 Draft
800 755 851 808 by
876 755 1002 796 Scribe
1025 758 1074 804 A,
1100 755 1242 796 headed
1269 756 1455 796 ‘Corrado
1481 756 1526 797 de
1552 756 1715 805 Gualdo‚
1742 758 1946 798 Secretario

305 813 484 865 Episcopi
502 813 694 852 Massani.'

221 916 560 964 Bartholomeus
579 916 699 963 Scala
714 916 918 963 Corrado
937 916 1115 963 Gualdo
1133 916 1329 963 salutem.
1350 918 1530 964 Novisti
1548 935 1761 978 occupare
1780 918 1825 964 in
1844 918 2036 965 amicitia

220 984 518 1046 comparanda
535 984 697 1031 locum.
719 988 823 1044 Qua
842 984 1020 1045 quidem
1038 985 1082 1031 in
1102 1003 1146 1032 re
1166 985 1246 1032 nisi
1265 985 1350 1032 iam
1369 986 1672 1032 constituerim
1691 1003 1835 1033 amare
1853 1000 1910 1042 te,
1927 986 2034 1033 invi—

220 1053 370 1101 derem
392 1053 472 1100 tibi
495 1053 579 1100 hoc
602 1071 774 1100 munus.
801 1053 1043 1100 Contulisti
1067 1054 1111 1099 in
1134 1071 1203 1100 me
1225 1068 1351 1101 tuum
1373 1053 1639 1101 beneficium
1660 1055 1913 1115 priusquam
1938 1072 2033 1115 cog-

220 1122 409 1178 noveris,
433 1139 574 1182 neque
597 1140 620 1168 a
641 1140 710 1168 me
733 1136 918 1181 rogatus.
943 1125 1070 1180 Quae
1093 1121 1271 1168 tandem
1293 1137 1404 1169 artes
1422 1137 1521 1169 sunt
1544 1123 1775 1183 praecipue
1797 1122 2029 1170 concilian-

220 1190 298 1237 dae
322 1188 452 1236 interl
478 1208 521 1236 se
547 1189 782 1236 hominum
809 1189 1119 1236 benivolentia.
1148 1194 1247 1250 Ago
1271 1190 1351 1237 tibi
1377 1191 1571 1250 ingentes
1593 1191 1762 1250 gratias,
1786 1205 1827 1237 et
1852 1190 2030 1251 quando

220 1276 312 1304 non
330 1275 510 1318 possum
534 1257 615 1303 tibi
634 1275 721 1303 esse
742 1257 929 1317 aequalis
948 1258 992 1303 in
1014 1257 1098 1304 hoc
1118 1272 1290 1304 nostrae
1309 1258 1523 1304 amicitiae
1539 1259 1774 1318 principio,
1795 1258 1910 1305 dabo
1929 1276 2029 1319 ope-

220 1343 313 1372 ram
333 1339 382 1372 ut
404 1325 609 1386 deinceps
630 1343 731 1372 eum
754 1343 823 1372 me
845 1325 924 1372 tibi
943 1339 1175 1385 praestem,
1197 1326 1270 1386 qui
1292 1343 1383 1372 non
1404 1323 1570 1372 videar2
1592 1340 1773 1373 tuorum
1796 1326 1842 1372 in
1863 1344 1933 1373 me
1955 1325 2030 1373 ho-

220 1411 318 1441 rum
337 1393 659 1440 beneficiorum
680 1393 939 1440 immemor:
951 1397 1189 1440 Caeterum
1205 1393 1325 1454 quod
1342 1393 1396 1441 ad
1411 1411 1503 1441 rem
1519 1394 1689 1450 attinet,
1704 1398 1855 1441 Frater
1866 1397 2030 1451 Santes,

219 1463 294 1523 qui
323 1462 434 1509 redit
460 1461 515 1509 ad
539 1480 631 1518 vos,
662 1461 868 1508 omnibus
898 1461 950 1508 de
978 1461 1104 1509 rebus
1132 1480 1281 1509 coram
1309 1462 1587 1523 colloquetur
1612 1477 1659 1509 ut
1688 1480 1768 1509 nos
1793 1462 2027 1510 scribendo

220 1530 364 1577 multo
389 1548 476 1577 esse
499 1531 716 1591 possimus
744 1530 978 1577 breviores.
1006 1530 1307 1577 Commendes
1333 1548 1402 1577 me
1425 1530 1557 1577 velim
1582 1531 1811 1578 communi
1834 1545 2027 1592 patrono

219 1614 260 1646 et
286 1599 401 1659 patri
428 1598 628 1654 Iohanni,
658 1599 877 1659 Episcopo
908 1603 1146 1655 Massano,a
1173 1617 1304 1659 quem
1333 1617 1412 1659 ego
1440 1599 1525 1646 iam
1552 1598 1609 1646 ob
1640 1599 1751 1646 illius
1782 1600 1826 1645 in
1855 1617 1925 1646 me
1954 1598 2029 1646 hu-

219 1668 479 1714 manitatem
501 1668 628 1714 unice
652 1667 840 1714 observo
865 1681 906 1714 et
927 1666 1039 1714 colo.
1064 1667 1183 1714 Vale.
1208 1668 1293 1714 Die
1317 1685 1439 1714 nono
1463 1668 1571 1714 Maii
1598 1672 1715 1715 1482.

1089 1809 1168 1851 137

633 1879 711 1919 TO
734 1877 1056 1928 AMBROGIO
1078 1881 1327 1919 MASSARI
1349 1881 1428 1918 DA
1452 1881 1614 1919 CORA

989 1951 1009 1987 9
1031 1950 1132 1999 May
1156 1951 1260 1987 1482

301 2043 386 2088 Mo,
411 2040 495 2080 fols.
524 2043 697 2080 12v-13r.
724 2040 836 2080 Draft
860 2040 911 2092 by
935 2040 1060 2080 Scribe
1083 2043 1132 2088 A,
1158 2040 1311 2088 headed,
1338 2040 1557 2080 ‘Ambrosio
1587 2043 1743 2080 Corano
1769 2040 1947 2081 Generali

302 2097 588 2136 Heremitarum
610 2097 875 2148 S.Augustini.'

218 2200 596 2247 Reverendissime
615 2201 659 2246 in
678 2200 860 2247 Christo
877 2215 1001 2261 pater
1015 2215 1056 2247 et
1072 2200 1252 2248 domine
1271 2201 1331 2247 mi
1349 2200 1665 2248 colendissime.
1688 2205 1766 2248 Ho
1783 2202 1926 2248 inteso
1943 2218 2029 2248 con

216 2287 395 2316 sommo
418 2270 589 2330 piacere
613 2268 667 2316 da
687 2273 813 2316 Frate
836 2270 956 2316 Santi
980 2269 1058 2316 che
1083 2270 1126 2315 vi
1150 2269 1365 2316 ricordate
1388 2269 1499 2316 della
1522 2270 1609 2316 mia
1630 2269 1793 2316 servitu
1817 2283 1858 2316 et
1882 2268 2025 2316 obser-

217 2338 366 2385 vantia
382 2338 556 2384 inverso
575 2337 615 2384 la
631 2338 830 2398 Signoria
846 2342 1019 2394 Vostra,
1040 2337 1083 2384 di
1103 2337 1182 2385 che
1199 2352 1520 2385 sommamente
1539 2338 1582 2384 vi
1601 2339 1823 2398 ringratio.
1843 2342 1896 2385 Et
1915 2338 2029 2384 circa

218 2405 254 2453 al
276 2405 538 2466 particulare
561 2405 629 2452 del
653 2409 894 2452 Convento
919 2407 993 2466 qui
1016 2405 1059 2452 di
1080 2409 1240 2453 Sancto
1260 2407 1455 2466 Spirito,a
1476 2405 1645 2453 benche
1666 2407 1727 2453 sia
1749 2405 1929 2453 faticosa
1950 2406 2027 2452 im-

215 2492 341 2534 presa
359 2492 439 2534 per
460 2473 487 2520 il
510 2473 732 2521 disordine
754 2473 915 2534 grande
936 2488 977 2521 et
997 2492 1076 2534 per
1095 2474 1133 2521 le
1155 2473 1411 2521 dissensioni
1434 2474 1513 2521 che
1534 2475 1578 2520 vi
1597 2492 1723 2530 sono,
1747 2473 2024 2521 nondimeno

219 2542 273 2589 ha
292 2560 315 2589 a
336 2541 560 2589 diventare
581 2541 705 2589 facile
726 2543 828 2602 ogni
850 2560 950 2589 cosa
968 2541 1047 2589 che
1070 2541 1124 2589 ha
1144 2560 1167 2589 a
1185 2543 1353 2603 piacere
1372 2541 1453 2589 alla
1471 2546 1631 2589 Vostra
1652 2541 2029 2589 Reverendissima

217 2610 452 2667 Paternita3
476 2625 517 2658 et
539 2610 628 2658 cosi
651 2611 685 2658 si
711 2610 896 2658 mettera
914 2628 994 2671 per
1013 2610 1057 2657 lo
1083 2610 1252 2658 honore
1275 2625 1427 2658 vostro
1451 2611 1554 2671 ogni
1575 2610 1722 2658 studio
1747 2625 1788 2657 et
1810 2610 1913 2670 ogni
1936 2609 2027 2657 dili-

216 2680 376 2738 gentia,
396 2693 438 2725 et
457 2678 733 2725 ricorderassi
752 2678 1016 2725 fedelmente
1035 2678 1182 2739 quello
1203 2678 1281 2725 che
1302 2678 1607 2725 intenderemo
1626 2696 1762 2725 essere
1781 2678 1835 2725 ad
1853 2678 2023 2725 honore

298 2925 310 2939 ²
329 2922 516 2959 Giovanni
530 2921 574 2959 de
595 2921 830 2965 Gianderoni‚
850 2921 984 2970 Bishop
1002 2921 1043 2959 of
1058 2924 1173 2959 Massa
1192 2921 1247 2968 (cf.
1267 2921 1372 2959 letter
1390 2924 1454 2958 134
1471 2920 1608 2969 above).

298 2983 310 2998 ²
335 2981 399 3016 On
423 2978 485 3016 the
509 2990 717 3027 monastery
742 2978 783 3016 of
805 2979 972 3027 S.Spirito
997 2979 1036 3015 in
1060 2978 1241 3022 Florence,
1267 2980 1311 3016 G.
1339 2978 1460 3022 Richa,
1485 2981 1620 3016 Notizie
1646 2977 1797 3015 istoriche
1818 2977 1906 3015 delle
1927 2976 2029 3015 chiese

208 3032 409 3080 florentine,
432 3035 492 3076 IX,
515 3031 697 3076 Florence,
722 3035 819 3076 1761,
844 3035 941 3076 1-67;
966 3035 1006 3069 R.
1028 3031 1251 3076 Davidsohn,
1272 3034 1381 3069 Storia
1401 3031 1440 3069 di
1459 3034 1605 3075 Firenze,
1624 3034 1699 3075 VII,
1722 3030 1903 3075 Florence,
1927 3033 2025 3074 1965,

217 3088 364 3128 240-41;
389 3086 435 3122 Α.
459 3083 550 3122 della
574 3087 698 3128 Torre,
723 3086 833 3121 Storia
856 3083 938 3122 dell’
955 3084 1160 3121 Accademia
1179 3083 1353 3132 platonica
1376 3083 1414 3121 di
1436 3086 1582 3127 Fz'renze,
1607 3082 1787 3127 Florence,
1814 3085 1912 3126 1902,
1940 3085 2027 3120 185-

217 3139 445 3180 90,200-202;
467 3135 571 3180 Scala,
596 3139 660 3173 110
680 3139 762 3182 [65]
785 3135 861 3173 The
881 3135 1017 3173 church
1035 3135 1105 3173 had
1125 3135 1215 3173 been
1235 3135 1344 3173 burnt
1361 3135 1473 3173 down
1492 3134 1581 3173 after
1599 3134 1661 3172 the
1679 3133 1928 3183 performance
1946 3133 1988 3172 of
2004 3147 2024 3171 a

217 3187 479 3236 confraternity
496 3187 579 3236 play
598 3189 637 3224 in
654 3187 781 3225 March
802 3191 899 3225 1471.
