2124 3458
235 171 327 212 414

360 314 556 361 “Omnis
581 314 699 360 enim
722 331 801 374 per
820 331 863 360 se
886 313 1038 360 divum
1062 327 1217 360 natura
1238 330 1407 359 necesse
1431 316 1541 359 est''³

443 385 684 442 Perpetuos
705 396 880 442 peragat
902 399 1003 428 curn
1028 381 1220 441 requiete
1242 380 1343 428 dies.

358 450 446 507 Ah,
471 465 639 511 quanto
662 449 829 506 melius,
856 464 1023 510 quanto
1043 450 1279 510 sapientius
1302 449 1430 496 audet

442 518 634 566 Tradere
656 519 850 565 Zenonis
874 517 1064 565 mascula
1085 532 1200 565 secta
1220 518 1376 565 virum!

357 587 555 634 Mundus
579 588 698 634 enim
722 601 892 633 constet
914 604 1087 633 summa
1111 587 1279 633 ratione
1302 604 1472 633 necesse
1495 600 1556 633 est

443 660 592 716 Atque
615 655 747 702 deum
769 673 941 702 summa
965 673 1065 702 cum
1091 655 1259 701 ratione
1283 655 1382 714 regi.

356 729 494 771 Nunc
518 723 572 770 ad
593 742 673 770 nos
695 724 840 783 superi
863 722 1042 770 tandem
1065 741 1266 783 aspexere
1288 723 1479 782 benigni;

442 796 554 839 Non
577 806 778 839 atomum
803 809 922 838 casus
946 809 1128 838 munera
1151 805 1272 838 tanta
1291 790 1406 838 facit.

357 863 426 907 Tu
449 861 615 921 superis
640 860 795 920 dignus
818 860 985 906 cunctis
1008 859 1059 906 de
1080 859 1281 919 gentibus
1303 877 1415 906 unus

442 930 570 975 Visus
596 946 638 975 es
661 928 863 974 humanis
888 928 962 987 qui
985 927 1184 974 medeare
1207 927 1341 974 malis.

357 1001 479 1043 Nam
503 1011 545 1043 te
567 1014 647 1042 nec
670 995 828 1042 melior
851 996 1080 1055 quisquam
1105 1013 1184 1041 nec
1206 995 1361 1042 iustior
1383 994 1492 1041 alter

444 1069 653 1111 Inventus
675 1078 774 1111 toto
797 1078 858 1111 est
882 1063 1088 1110 omnibus
1114 1063 1219 1110 orbe
1242 1062 1388 1124 plagis.
1509 1124 1513 1128 ι

357 1132 520 1180 Nullus
545 1133 664 1179 enim
689 1132 843 1179 melius
866 1132 1023 1179 vitium
1046 1131 1266 1179 secludere
1290 1131 1478 1178 honesto

442 1202 601 1257 Novit,
626 1201 800 1247 virtutis
822 1218 902 1247 nec
925 1218 1046 1260 mage
1069 1201 1190 1247 trivit
1212 1201 1305 1247 iter.

357 1269 520 1317 Felices
543 1270 617 1346 qui
639 1284 681 1316 te
703 1268 929 1329 quondam
953 1286 1139 1329 genuere
1160 1282 1361 1329 parentes

442 1342 495 1385 Et
519 1338 594 1398 qui
614 1338 857 1398 praeceptis
880 1338 1105 1384 instituere
1126 1337 1288 1398 probis.

356 1411 550 1467 Nanque
574 1405 705 1453 refert
728 1405 919 1452 multum
943 1406 1113 1466 genitus
1136 1423 1226 1466 quo
1247 1405 1385 1452 sidere
1408 1405 1589 1465 quisque
1614 1419 1690 1461 est,

442 1474 641 1521 Multum
665 1475 797 1521 etiam
820 1492 952 1534 quam
975 1492 1080 1520 mox
1105 1473 1344 1533 ingrediare
1366 1474 1495 1520 viam.

357 1545 485 1590 Tunc
509 1561 589 1603 ego
611 1542 873 1590 crediderim
895 1542 1043 1589 medio
1067 1542 1118 1589 de
1140 1541 1330 1589 culmine
1355 1541 1460 1588 caeli

442 1615 723 1672 Spectantem
745 1626 879 1658 terras
899 1629 941 1657 se
965 1610 1219 1657 exhilarasse
1243 1614 1405 1656 Iovem.

357 1680 520 1727 Felices
543 1681 674 1740 igitur
697 1680 771 1740 qui
793 1694 835 1726 te
856 1697 1042 1739 genuere
1063 1693 1265 1739 parentes

443 1753 496 1795 Et
520 1749 594 1808 qui
615 1748 858 1808 praeceptis
880 1748 1106 1794 instituere
1128 1747 1267 1793 bonis.

357 1821 592 1864 Matronae
612 1815 797 1877 posthac
819 1816 1003 1862 veniunt
1028 1814 1206 1876 quando
1230 1814 1433 1862 Herculis
1455 1814 1509 1862 ad
1529 1829 1570 1862 te

446 1886 554 1946 (Has
577 1885 741 1932 etenim
764 1884 818 1931 ad
838 1898 1021 1931 cunctos
1044 1883 1234 1931 arbitror
1255 1884 1315 1930 ire
1338 1883 1473 1944 duas),

358 1957 477 2001 Cum
501 1954 685 2000 veniunt
710 1954 854 2013 igitur,
876 1952 1031 2013 procul
1056 1970 1079 1999 a
1100 1967 1141 1999 te
1164 1953 1195 1999 it
1218 1951 1377 1999 blanda
1396 1951 1610 2012 voluptas:

442 2023 630 2070 Virtutis
653 2039 798 2069 mores
819 2021 917 2082 plus
939 2021 1140 2082 placuere
1162 2020 1255 2068 tibi.

357 2093 420 2138 Te
444 2091 553 2138 duce
576 2090 778 2137 difficiles
801 2089 1030 2137 contendit
1052 2090 1226 2136 vincere
1247 2089 1373 2136 calles

442 2160 607 2215 Virtus,
633 2174 865 2219 angustum
890 2173 932 2205 te
954 2158 1062 2205 duce
1085 2159 1222 2218 carpit
1245 2158 1338 2205 iter.

357 2232 473 2288 Ergo
497 2227 620 2274 illum
647 2242 799 2274 noctes
821 2241 929 2287 quot
953 2227 1038 2274 iarn
1061 2226 1253 2286 vigilasse
1275 2244 1502 2286 perennes,

444 2300 672 2343 Insomnes
696 2295 764 2342 vel
787 2310 896 2356 quot
919 2295 1136 2342 credimus
1159 2313 1246 2342 esse
1269 2294 1378 2342 dies?

358 2369 449 2412 Iam
473 2383 614 2425 neque
636 2363 841 2425 praeduri
861 2378 1044 2424 possunt
1070 2378 1238 2410 mutare
1260 2363 1430 2410 labores

444 2433 728 2493 Propositum
755 2447 827 2479 aut
851 2433 1055 2492 cuiquam
1078 2432 1151 2478 vix
1173 2431 1357 2478 tolerata
1377 2431 1523 2478 fames.

357 2501 545 2548 Virtutis
567 2515 668 2547 sunt
694 2500 799 2547 haec
820 2500 957 2546 almae
978 2499 1222 2560 primordia
1244 2500 1378 2559 regni,

444 2568 562 2615 Illius
586 2568 651 2615 his
674 2568 838 2615 clarent
860 2569 968 2615 atria
987 2567 1222 2615 vestibulis.

359 2637 543 2684 Artibus
567 2637 632 2684 his
655 2640 817 2684 Caesar
837 2641 981 2684 Roma
1004 2654 1237 2697 rerumque
1259 2636 1427 2697 potitus

445 2709 563 2752 Cum
588 2705 684 2762 fuit,
708 2706 753 2751 in
776 2720 876 2752 toto
897 2704 1100 2765 grandius
1123 2704 1229 2751 orbe
1254 2704 1375 2751 nihil.

358 2775 527 2821 Semoti
548 2774 724 2834 penitus
746 2788 876 2820 testes
895 2787 995 2820 sunt
1020 2773 1125 2819 orbe
1150 2773 1348 2819 Britanni

443 2847 497 2889 Et
520 2857 582 2898 tu,
606 2841 818 2888 militibus
843 2841 1012 2888 Gallica
1030 2840 1191 2901 praeda
1209 2841 1307 2887 suis.

359 2910 543 2957 Artibus
568 2910 632 2956 his
655 2910 790 2970 Alpes
813 2913 985 2956 Poenus
1008 2923 1277 2956 transvectus
1299 2908 1353 2955 ad
1373 2926 1469 2954 oras

446 2977 670 3025 Hannibal
694 2978 912 3024 Ausonias
938 2995 1029 3023 non
1051 2977 1142 3023 sine
1166 2976 1291 3022 laude
1314 2977 1412 3022 ruit.

319 3197 331 3211 ²
350 3193 544 3235 Lucretius,
562 3194 617 3229 De
634 3205 694 3229 rer.
718 3201 799 3235 nat„
819 3194 859 3235 II,
880 3194 956 3228 646.

1829 176 1967 209 PART
1992 177 2042 209 VI

1887 533 1928 564 70

1887 874 1927 904 75

1889 1214 1929 1245 80

1889 1556 1928 1587 85

1887 1897 1929 1928 90

1887 2239 1927 2270 95

1870 2580 1929 2611 100

1869 2920 1927 2952 105
