2072 3450
98 178 353 213 TEXTUAL
377 177 553 212 NOTES
1097 169 1154 209 V:
1183 169 1208 209 2
1811 170 1901 210 539

186 312 226 335 ¹⁰¹
241 327 276 352 et
289 329 356 352 om.
373 312 428 351 Μ1

186 364 227 387 ¹⁰²
242 368 319 415 ipso
335 396 343 403 .
359 396 366 403 .
381 396 389 403 .
404 367 488 403 eius:
504 365 642 408 dolore,
656 379 700 402 eo
714 364 902 414 perculoso
917 362 972 401 M¹

186 417 227 440 ¹⁰³
240 432 360 456 tamen
375 434 442 456 om.
459 417 514 456 M¹

186 469 227 491 ¹⁰⁴
241 471 307 508 filii
322 483 440 508 morte
452 482 535 507 ante
546 485 623 507 non
634 469 712 507 add.
729 468 783 506 Μ1

186 522 227 544 ¹⁰⁵
240 536 328 562 esset
344 525 418 561 ista:
433 524 684 561 nominaretur
696 522 755 560 illa
768 521 823 560 Μ1

186 574 227 596 ¹⁰⁶
240 577 437 625 contingat:
452 576 637 624 continget
651 573 704 613 M¹

185 627 227 650 ¹⁰⁷
240 630 386 679 poterit:
400 641 519 678 potest
533 627 587 666 Μ1

186 679 226 702 ¹⁰⁸
239 683 352 719 Suave
365 694 498 719 tamen:
512 684 563 718 At
576 695 682 718 suave
697 679 751 718 M¹

186 732 227 755 ¹⁰⁹
239 734 307 772 Sed
332 764 340 772 .
355 764 363 772 .
377 735 567 772 suaviores:
584 737 639 772 Ac
652 734 759 771 nullis
773 733 937 771 meliores
951 735 1200 783 suavioresque
1215 732 1268 771 Μ1

185 784 228 807 ¹¹⁰
239 787 386 836 cogaris:
401 786 626 836 compellaris
641 784 696 823 Μ1

185 838 225 861 ¹¹¹
240 840 444 878 habuerunt
457 870 464 877 .
481 870 489 877 .
504 870 512 877 .
527 839 657 878 liberis:
671 852 844 889 putarunt
857 839 988 877 liberos
1002 838 1056 877 Μ1

185 890 226 912 ¹¹²
241 894 397 942 ingratos
411 923 419 930 .
435 923 443 930 .
458 923 466 930 .
478 894 572 930 Deo:
588 894 670 930 Deo
683 892 867 941 displicere
882 890 937 929 Μ1

185 943 225 966 ¹¹³
239 958 469 995 exoptantur:
482 958 715 995 expectantur
727 943 783 983 Μ1

185 996 226 1018 ¹¹⁴
239 998 443 1048 gauderent:
458 998 585 1047 hicfin.
602 996 669 1042 Μ1,
684 1001 747 1035 inc.
764 995 822 1035 Μ2
835 1001 927 1035 euius
941 1012 1059 1035 omnes
1070 997 1205 1035 chartae
1217 997 1407 1035 maculatae
1417 1009 1498 1035 sunt
1510 997 1671 1047 infundo
1682 1009 1715 1035 et
1725 997 1877 1047 difficilis

235 1052 321 1090 leem

185 1102 225 1124 ¹¹⁵
239 1117 363 1142 nostra
370 1116 447 1153 post
460 1119 549 1153 quae
562 1103 639 1141 add.
657 1101 711 1141 Μ1

185 1156 226 1177 ¹¹⁶
239 1160 337 1195 Nam
352 1188 360 1194 .
375 1188 383 1194 .
399 1188 407 1194 .
420 1159 504 1195 vita:
518 1159 576 1194 De
589 1157 808 1194 vendicanda
821 1158 919 1194 enirn
932 1158 1005 1194 vita
1018 1157 1061 1194 ab
1075 1157 1268 1194 solitudine
1282 1155 1337 1194 M³

185 1207 226 1229 ¹¹⁷
239 1212 292 1247 Ut
306 1210 415 1246 enim:
430 1212 529 1246 Nam
543 1209 654 1246 veluti
667 1207 723 1246 Μ3

184 1260 225 1282 ¹¹⁸
239 1264 399 1300 Maxima
412 1262 555 1300 scilicet:
570 1265 701 1311 Magna
713 1262 878 1311 profecto
892 1260 947 1299 Μ1

184 1312 226 1334 ¹¹⁹
238 1317 305 1352 Ac:
320 1317 364 1352 Et
378 1312 433 1352 Μ1

184 1366 226 1388 ¹²⁰
239 1369 300 1417 qui
315 1369 432 1417 inquit
441 1379 518 1417 post
531 1368 706 1406 Iuvenalis
717 1368 795 1406 add.
812 1365 866 1405 Μ1

184 1418 224 1440 ¹²¹
238 1433 273 1458 et
287 1435 376 1470 quae
390 1433 599 1469 sequuntur:
615 1433 681 1458 etc.
696 1418 750 1457 Μ1

183 1471 225 1494 ¹²²
237 1473 386 1522 deneget
402 1471 468 1517 M³;
483 1473 631 1522 denegat
646 1471 688 1511 L²

183 1523 224 1546 ¹²³
238 1525 383 1574 quidem
393 1537 470 1574 post
483 1540 606 1563 amore
619 1525 696 1562 add.
713 1523 769 1562 M³

183 1576 224 1599 ¹²⁴
237 1580 272 1616 Si
286 1580 396 1616 enim:
410 1581 508 1616 Nam
523 1580 551 1616 si
565 1576 621 1616 Μ3

183 1628 224 1651 ¹²⁵
237 1631 266 1668 si
280 1645 347 1668 om.
364 1628 407 1668 L²

183 1681 225 1704 ¹²⁶
239 1684 496 1733 impedimenta
509 1687 639 1721 correxi
650 1699 690 1721 ex
703 1684 963 1733 impedimento
978 1682 1031 1728 L²;
1047 1684 1166 1733 illegib.
1184 1682 1240 1722 M³

183 1733 225 1755 ¹²⁷
237 1751 273 1773 se
288 1751 376 1774 non:
392 1736 488 1773 haud
500 1733 555 1773 Μ1

183 1787 223 1809 ¹²⁸
238 1791 418 1838 expressit:
434 1789 591 1827 ostendit
606 1787 661 1827 Μ3

183 1839 224 1861 ¹²⁹
238 1854 289 1879 est
302 1856 369 1879 om.
386 1839 429 1879 L²

183 1892 225 1915 ¹³⁰
238 1896 467 1944 apertissime:
483 1908 607 1944 aperto
622 1893 677 1932 Μ1

183 1944 222 1967 ¹³¹
238 1959 365 1984 contra
378 1977 386 1984 .
401 1977 409 1984 .
424 1977 431 1984 .
446 1947 547 1984 dixit:
563 1960 682 1984 autem
696 1948 816 1984 vivere
827 1948 903 1985 sine
916 1948 1099 1992 uxoribus,
1113 1949 1141 1985 si
1156 1945 1211 1985 Μ1

183 1997 224 2020 ¹³²
238 2012 289 2037 est
302 2015 369 2037 om.
386 1998 429 2037 L²

183 2049 223 2072 ¹³³
238 2054 446 2090 Romanum
461 2052 615 2101 plebem:
630 2053 809 2102 populum
825 2068 1042 2090 romanum>
1058 2051 1112 2090 Μ1

183 2103 225 2126 ¹³⁴
237 2107 394 2154 pertinet
406 2121 472 2143 om.
490 2104 532 2143 L²

183 2155 223 2178 ¹³⁵
237 2159 359 2206 potius
373 2173 439 2195 om.
456 2155 499 2195 L²

183 2208 224 2231 ¹³⁶
237 2210 292 2248 vel
307 2212 368 2260 qui
384 2212 454 2248 iam
469 2241 477 2248 .
492 2241 499 2248 .
515 2241 523 2248 .
538 2213 636 2260 cupit
650 2226 716 2248 om.
734 2209 789 2249 Μ1

182 2260 224 2283 ¹³⁷
237 2262 412 2300 efficiunt:
427 2262 585 2300 efficiant
599 2261 655 2300 Μ)

183 2313 223 2336 ¹³⁸
237 2317 358 2365 potius
372 2331 490 2365 quam:
507 2331 583 2354 non
596 2314 653 2354 M³

183 2365 224 2388 ¹³⁹
237 2367 315 2405 fore
329 2398 336 2405 .
353 2398 361 2405 .
376 2399 383 2405 .
397 2368 526 2406 solum:
542 2383 578 2406 se
593 2368 756 2406 futurum
770 2369 888 2406 solum
902 2371 978 2407 sine
991 2385 1104 2407 uxore
1117 2367 1172 2407 Μ1

182 2419 224 2441 ¹⁴⁰
237 2422 445 2459 certissimo:
462 2422 597 2470 volgari
611 2420 667 2459 Μ1

183 2471 222 2493 ¹⁴¹
238 2473 305 2510 illis
319 2488 386 2510 om.
403 2471 445 2510 L²

182 2524 223 2546 ¹⁴²
236 2541 420 2575 possemus
436 2542 503 2564 om.
520 2525 562 2564 L²

182 2576 223 2598 ¹⁴³
236 2578 353 2616 ducat:
368 2579 470 2628 degat
485 2577 539 2616 Μ1

183 2630 224 2651 ¹⁴⁴
236 2632 389 2669 verbum
403 2647 469 2669 om.
486 2630 529 2669 L²

182 2681 222 2704 ¹⁴⁵
236 2683 389 2721 deorum
404 2714 412 2721 .
427 2715 434 2722 .
451 2715 459 2721 .
472 2684 706 2722 traducentes:
722 2686 833 2723 vitam
846 2685 1014 2723 ducentes
1029 2684 1084 2723 M³

182 2735 223 2756 ¹⁴⁶
237 2752 293 2774 ne:
307 2737 362 2775 hic
374 2741 495 2786 incipit
509 2737 570 2775 Ri⁴

182 2786 224 2808 ¹⁴⁷
237 2803 308 2826 esse
323 2804 390 2827 om.
407 2787 474 2833 M³;
487 2801 570 2827 ante
582 2791 723 2839 nuptias
737 2789 797 2828 Ri⁴

182 2840 223 2862 ¹⁴⁸
236 2842 389 2880 domum
405 2843 589 2881 uxoribus:
604 2845 708 2881 novis
722 2845 843 2893 nuptis
856 2844 1008 2882 domum
1024 2842 1080 2882 Μ3

182 2892 223 2914 ¹⁴⁹
237 2895 449 2943 coniugibus
465 2893 532 2938 M³;
546 2897 720 2944 coniugiis
734 2893 777 2933 L²

182 2945 224 2967 ¹⁵⁰
238 2948 350 2996 ipsam
365 2962 431 2984 om.
449 2945 504 2984 Μ3

182 2996 222 3018 ¹⁵¹
236 2998 383 3036 desinat:
399 2999 454 3036 hic
466 3002 732 3048 interrumpitur
743 2999 803 3037 Ri⁴

182 3049 223 3071 ¹⁵²
236 3053 294 3089 De
307 3066 430 3089 amore
444 3082 452 3089 .
467 3082 475 3089 .
491 3082 499 3089 .
513 3053 684 3090 invectus:
699 3067 806 3102 quam
821 3053 1000 3103 appellant
1014 3055 1166 3102 Lysiam,
1182 3055 1242 3103 qui
1256 3068 1339 3092 curn
1355 3055 1391 3091 in
1406 3057 1582 3092 Amorem
1598 3055 1724 3092 acriter
1735 3054 1856 3092 fuisset

246 3105 407 3141 invectus
420 3102 476 3141 Μ1

183 3154 223 3176 ¹⁵³
238 3159 422 3194 Homerus
431 3168 508 3206 post
521 3158 642 3195 scribit
654 3157 732 3195 add.
749 3156 804 3195 Μ1
