2124 3458
119 177 302 211 ESSAYS
1827 168 1917 209 379

119 314 327 361 tabantur
343 330 481 368 suam,
502 313 748 372 mutarique
766 329 861 358 eam
879 329 1143 372 quocunque
1163 311 1300 358 modo
1320 311 1566 372 cupiebant.
1588 315 1736 372 Itaque
1754 310 1922 358 flumen

120 399 221 429 cum
246 380 361 428 forte
387 395 560 428 mutato
584 379 709 427 alveo
733 380 777 426 in
802 380 918 427 sicco
941 379 1201 427 destituisset
1226 394 1355 440 atque
1380 379 1474 427 illae
1500 380 1690 426 nitorem
1717 397 1848 440 quem
1874 397 1926 427 ex

120 467 255 510 aquae
284 448 407 496 fluxu
438 449 745 509 rotationeque
775 448 986 495 continua
1014 447 1241 504 duxerant,
1272 448 1511 495 amisissent
1542 448 1738 508 ararique
1767 448 1853 495 iam
1882 462 1924 495 et

120 516 239 564 foedi
258 517 576 577 stercorarique
597 516 824 576 cepissent,
845 516 939 562 voti
958 533 1026 562 eas
1045 516 1110 562 sui
1130 515 1379 576 paenitebat
1398 530 1440 562 et
1456 516 1686 576 pristinam
1709 515 1925 563 conditio-

121 603 222 632 nem
245 599 490 645 repetentes
509 585 667 631 Iunoni
687 583 1001 631 sacrificabant.
1023 586 1151 642 Quae
1170 583 1348 644 quidem
1367 583 1515 644 pluvia
1535 583 1732 639 demissa,
1755 582 1924 630 flumen

119 670 220 700 cum
240 653 484 699 revertisset
500 651 554 698 ad
569 666 829 698 consuetum
849 652 944 707 iter,
963 650 1146 698 harenae
1161 669 1336 712 quoque
1355 651 1559 698 amissum
1581 650 1786 698 decorem
1802 651 1925 698 brevi

120 734 391 782 receperunt.
420 721 488 767 Sic
515 734 557 767 et
582 720 671 766 vita
696 734 773 776 est,
802 720 845 765 ni
873 718 1012 766 fallor.
1041 719 1201 766 Melius
1229 719 1384 766 nitebit
1410 720 1444 766 si
1473 718 1652 766 fortuna
1676 720 1926 775 versaverit,

119 806 229 849 quae
252 789 376 835 omni
401 802 463 835 est
486 787 670 834 flumine
694 788 1026 834 inconstantior.

830 917 897 959 46.
921 912 1123 972 Dignitas
1145 916 1217 968 [Π]

887 980 949 1036 Bi,
971 984 1163 1027 26v-27r

117 1075 305 1118 Novum
325 1070 581 1132 lautumque
600 1085 641 1117 et
658 1071 778 1117 miris
795 1085 1056 1117 exornatum
1075 1069 1218 1117 modis
1236 1088 1337 1117 cum
1355 1084 1481 1117 nacta
1495 1084 1603 1117 esset
1619 1069 1930 1117 Praecellentia

120 1139 433 1195 habitaculum,
449 1157 553 1200 prae
569 1139 728 1200 gaudio
744 1138 977 1186 exultabat.
994 1139 1081 1186 Cui
1097 1156 1198 1186 cum
1216 1138 1330 1186 forte
1344 1143 1474 1186 Nous
1491 1138 1626 1186 frater
1636 1156 1928 1199 germanaque

117 1208 401 1268 Sophrosyne
425 1208 728 1263 occurrissent,
749 1225 921 1254 causam
940 1222 1031 1254 tam
1050 1206 1248 1254 insolitae
1268 1206 1455 1254 laetitiae
1471 1206 1695 1267 rogabant.
1718 1210 1845 1266 Quae
1866 1225 1926 1254 re-

117 1275 311 1337 spondit,
345 1275 574 1331 ‘Tandem,
604 1276 665 1321 mi
695 1274 829 1322 frater
854 1293 1036 1336 meaque
1064 1293 1281 1335 germana,
1310 1276 1356 1321 in
1385 1293 1475 1336 quo
1503 1275 1656 1322 volens
1684 1274 1925 1336 lubensque

118 1345 427 1404 conquiescam
452 1344 600 1390 inveni
622 1343 911 1399 domicilium,
935 1343 1011 1390 ubi
1033 1357 1074 1390 et
1094 1361 1173 1390 vos
1194 1361 1368 1390 mecum
1390 1344 1605 1404 poteritis,
1628 1357 1676 1390 ut
1697 1343 1923 1403 quondam

118 1412 418 1467 consuevistis,
459 1411 800 1458 contubernari.'
843 1415 955 1458 ‘Nos
993 1415 1128 1467 vero,'
1169 1407 1525 1472 responderunt⁵¹
1564 1415 1695 1458 Nous
1733 1411 1923 1472 Sophro-

116 1497 326 1540 syneque,
347 1479 615 1526 ‘cursitando
634 1479 718 1526 huc
736 1479 924 1540 illucque
942 1494 983 1526 et
999 1479 1287 1540 quaeritando
1302 1493 1489 1526 aetatem
1500 1497 1638 1540 paene
1656 1480 1923 1539 consumpsi-

119 1565 229 1603 mus,
257 1565 337 1594 nec
360 1547 446 1594 alio
470 1548 604 1607 magis
629 1547 843 1594 divertere
864 1565 916 1594 ex
939 1548 1089 1594 animo
1114 1565 1245 1607 quam
1269 1547 1323 1594 ad
1343 1562 1385 1594 te
1406 1565 1637 1607 possumus
1665 1562 1737 1594 aut
1762 1546 1926 1607 elegan-

118 1616 216 1663 tius.
240 1619 304 1662 Ex
327 1615 475 1662 labore
498 1633 606 1662 vero
626 1616 791 1675 gratior
811 1616 891 1662 erit
912 1616 1046 1675 quies;
1069 1629 1216 1662 tecum
1238 1616 1427 1662 erimus.’

891 1745 958 1786 47.
983 1740 1153 1786 Mortui

914 1808 976 1863 Bi,
998 1812 1134 1854 27r—v

118 1898 326 1946 Petebam
344 1898 512 1946 caelum
529 1898 712 1959 cupidus
730 1898 856 1945 illos
846 1916 963 1958 ignes
980 1913 1180 1945 aeternos
1195 1913 1324 1959 atque
1340 1898 1463 1945 illum
1482 1912 1661 1945 naturae
1677 1897 1924 1945 mirabilem

118 1981 326 2014 ornatum
358 1966 626 2027 adspiciendi
651 1967 846 2028 propius
880 1971 1033 2014 Musae
1063 1966 1345 2028 impellebant
1374 1985 1499 2014 suasu
1533 1966 1761 2023 melliflu03
1794 1971 1924 2014 Nous

119 2035 229 2081 mihi
254 2035 612 2082 subministrabat
640 2035 958 2092 alas—Nous,
947 2053 1141 2096 inquam,
1167 2035 1275 2083 illud
1300 2038 1501 2083 Deorum
1528 2036 1730 2082 omnium
1762 2035 1923 2082 horum

118 2104 194 2164 qui
228 2118 364 2150 terras
398 2104 619 2164 mariaque
657 2103 871 2159 incolunt,
907 2101 1341 2164 praesentissimum-‘³²
1384 2121 1561 2150 numen.
1602 2108 1665 2150 Ita
1698 2103 1924 2150 volantem

118 2171 268 2218 medio
298 2170 386 2218 fere
416 2172 571 2218 itinere
600 2172 830 2232 intercepit
858 2171 1008 2219 aether
1034 2172 1279 2232 exussitque
1309 2171 1407 2228 alas,
1437 2189 1537 2219 reor
1565 2186 1738 2219 tantum
1767 2171 1925 2219 audere

119 2239 349 2286 hominem
374 2239 621 2299 indignatus
641 2254 756 2286 terra
773 2240 970 2299 genitum
992 2254 1120 2300 atque
1140 2239 1384 2287 mortalem.
1407 2237 1611 2287 Verum⁵³
1633 2258 1727 2300 ego,
1749 2239 1925 2287 destitu-

118 2321 187 2354 tus
223 2307 299 2354 alis
335 2307 477 2354 decidi
511 2308 557 2353 in
594 2322 769 2354 terram.
806 2311 996 2368 Asperae
1032 2325 1102 2354 me
1139 2305 1384 2354 maceriae⁵⁴
1419 2322 1696 2368 exceperunt.
1735 2307 1926 2354 Cadenti

118 2374 308 2421 Pierides
334 2390 658 2435 supposuerunt
687 2376 780 2436 pias
809 2393 963 2422 manus
990 2390 1037 2422 ut
1064 2376 1267 2422 vivamne
1295 2393 1349 2422 an
1374 2376 1580 2436 perierim
1610 2376 1827 2422 incertum
1853 2376 1921 2422 sit.

117 2442 314 2503 Vespillo
335 2458 498 2499 tamen,
517 2461 571 2490 ne
590 2443 696 2503 quid
713 2444 758 2489 in
777 2461 846 2490 me
866 2458 1092 2490 mortuum
1115 2458 1222 2490 esset
1239 2458 1467 2503 vagaretur
1482 2458 1523 2490 et
1540 2444 1711 2503 Stygius
1730 2444 1925 2504 portitor

119 2511 330 2566 reiiceret,
352 2511 396 2556 in
421 2508 642 2557 maceria⁵5
662 2510 874 2571 sepellivit
897 2529 998 2558 cum
1023 2511 1107 2558 hoc
1130 2512 1453 2571 epigrammate:

321 2616 439 2660 Cum
463 2613 631 2660 caelum
651 2628 834 2673 peteret,
854 2613 1083 2674 praeclaris
1104 2613 1296 2661 concidit
1319 2614 1440 2660 ausis.

319 2682 440 2728 Vivit
464 2696 506 2728 at
528 2682 572 2727 in
595 2681 782 2728 tumulo.
808 2686 976 2728 Noster
997 2681 1198 2728 alumnus
1221 2696 1324 2729 erat.

118 2782 310 2828 Uraniae
334 2800 511 2829 carmen
534 2781 631 2838 fuit,
653 2782 729 2829 sed
751 2797 798 2829 tu
821 2783 1044 2830 somnium
1070 2798 1208 2843 putas.
1235 2782 1374 2842 Quod
1397 2797 1545 2830 tamen
1569 2800 1728 2829 cornea
1751 2782 1923 2829 effluxit

116 2864 259 2909 porta.
283 2854 404 2896 Nam
429 2868 520 2896 non
544 2851 709 2897 mortui
733 2850 870 2897 modo
894 2852 1072 2906 mortui,
1096 2851 1171 2897 sed
1191 2851 1279 2896 vivi
1303 2851 1499 2897 mortui.c

199 3179 212 3194 ⁶
230 3174 288 3212 Cf.
308 3174 500 3223 Apologue
519 3178 624 3219 ‹102›,
644 3176 739 3213 ‘Vivi
755 3176 916 3219 mortui’,
935 3175 1064 3214 below
