2118 3444
132 184 412 218 ORATIONS
1834 174 1921 215 241

130 320 276 381 gladio
301 320 442 380 punit.
471 319 850 366 Testimoniorum
880 317 1110 365 falsitatem
1138 322 1225 364 Lex
1249 317 1458 364 Cornelia
1485 317 1696 378 huiusque
1727 316 1932 364 facinoris

132 386 419 436 nominatos⁴¹
446 387 632 447 insignes
656 387 766 433 mira
785 386 1012 433 severitate
1032 386 1220 446 castigat.

214 455 299 503 Sed
319 454 426 516 quid
446 454 685 516 protrahor
708 456 724 501 ?
746 458 867 501 Nam
890 453 935 501 id
957 471 1090 501 omne
1113 453 1234 514 quod
1256 451 1342 501 ad⁴²
1366 453 1546 500 humani
1570 454 1738 514 generis
1760 471 1932 500 morem

133 521 530 584 honestatemque⁴³
557 523 748 584 pertinet
774 522 819 568 in
844 522 1128 570 sacratissima
1153 522 1315 569 iustitia
1339 522 1549 569 consistit.
1576 525 1697 568 Nam
1725 521 1935 582 quicquid

132 592 368 640 honestum
387 606 449 639 est
467 592 581 639 circa
593 605 808 652 parentes,
826 591 939 638 circa
952 591 1170 651 coniuges,
1191 591 1304 637 circa
1316 589 1490 646 liberos,
1510 590 1623 637 circa
1635 607 1796 646 servos,
1816 590 1932 650 quic-

131 660 238 721 quid
255 661 301 706 in
319 659 427 707 urbe
447 674 520 707 aut
538 677 727 720 aequum
747 674 819 706 aut
840 659 1001 706 iustum
1022 673 1083 706 est
1103 659 1218 706 inter
1234 659 1349 706 cives
1363 658 1570 719 privatim
1591 672 1663 705 aut
1680 657 1869 718 publice,
1891 659 1937 704 in

131 727 232 775 foro
257 742 330 775 aut
355 729 401 774 in
425 727 602 783 iudicio,
628 727 673 773 in
697 727 981 774 sacratissima
1003 727 1166 774 iustitia
1188 726 1466 773 reconditum
1491 743 1578 773 esse
1603 740 1787 773 constat.
1812 726 1933 773 Hinc

131 795 335 843 Aurelius
367 796 649 855 Augustinus:
687 798 851 854 ‘Regna
877 795 969 841 sine
1002 795 1164 841 iustitia
1191 793 1420 841 latrocinia
1450 811 1537 841 esse
1567 793 1820 841 dicuntur.’e
1850 794 1935 840 Sed

130 864 240 925 quis,
259 863 445 919 domini,
467 880 560 909 non
577 861 841 923 profiteatur
858 861 979 923 quod
996 862 1132 909 totius
1153 861 1366 909 humanae
1384 862 1603 909 societatis
1619 876 1755 908 status
1772 876 1814 908 et
1832 879 1934 908 con-

129 932 319 979 servatio
338 932 383 977 in
403 931 566 978 iustitia
585 931 823 977 consistat?
842 934 962 977 Nam
985 929 1093 976 nihil
1114 929 1371 978 mortalibus
1391 930 1624 991 pretiosius
1645 929 1838 977 accidere
1854 947 1931 990 po-

130 1014 213 1046 test
231 1017 363 1060 quarn
385 998 430 1046 id
447 999 614 1059 assequi
631 1016 711 1059 per
728 998 849 1059 quod
868 1012 910 1045 et
926 997 1153 1059 politicam
1173 999 1402 1054 unitatem,
1422 997 1543 1058 quod
1562 1012 1624 1045 est
1644 1015 1930 1044 communem

130 1067 315 1122 bonum,
345 1081 387 1113 et
409 1067 626 1127 privatam
651 1066 898 1126 aliquorum
928 1065 1161 1113 hominum
1189 1065 1407 1122 [salutem]
1434 1083 1690 1112 conservare
1714 1066 1930 1126 [possint].

130 1134 256 1194 Quid
286 1135 405 1181 enim
436 1133 607 1194 dignius
638 1148 711 1181 aut
741 1133 970 1181 iocundius
1002 1151 1089 1181 esse
1117 1148 1262 1194 potest
1292 1151 1423 1194 quam
1451 1151 1577 1194 posse
1607 1133 1931 1194 postulantibus

130 1220 262 1263 opem
284 1202 411 1258 ferre,
432 1201 622 1249 afflictos
641 1203 842 1258 excitare,
861 1203 904 1248 vi
924 1219 1153 1262 oppressos
1176 1201 1413 1258 defensare,
1430 1201 1615 1262 pupillo,
1637 1202 1870 1262 peregrino
1892 1216 1934 1248 et

129 1270 285 1318 viduae
312 1271 388 1331 qui
415 1269 581 1317 facilius
609 1288 633 1317 a
658 1269 983 1331 potentioribus
1012 1270 1338 1330 opprimuntur,
1369 1269 1578 1317 auxilium
1608 1269 1815 1330 praebere
1843 1284 1885 1317 et
1912 1287 1935 1317 a

127 1338 332 1400 periculis
352 1338 549 1394 liberare,
570 1356 743 1399 rapaces
762 1337 994 1394 refrenare,
1014 1353 1206 1385 errantes
1224 1339 1269 1385 in
1290 1336 1442 1385 viam⁴⁴
1464 1356 1642 1385 morum
1666 1338 1872 1385 reducere
1891 1353 1933 1386 et

129 1406 337 1454 omnibus
360 1404 581 1454 salutem⁴⁵
604 1406 883 1454 contribuere
908 1409 924 1453 ?

214 1474 340 1534 Quid
365 1475 496 1535 igitur
521 1489 612 1522 tam
638 1475 926 1522 necessarium
953 1492 1099 1535 quam,
1126 1475 1289 1522 iustitia
1312 1474 1546 1530 mediante,
1571 1474 1707 1535 litigia
1732 1489 1773 1521 et
1799 1475 1935 1535 iurgia

130 1544 246 1590 inter
264 1542 467 1589 homines
487 1543 662 1603 penitus
682 1542 864 1589 evellere
884 1557 925 1589 et
945 1542 1158 1598 decidere,
1173 1560 1327 1603 pacem
1348 1557 1389 1590 et
1409 1543 1624 1589 unitatem
1644 1543 1811 1589 cunctis
1831 1560 1932 1589 con-

130 1610 241 1658 ferre
273 1613 290 1658 ?
322 1611 436 1670 Quis
466 1628 574 1658 vero
605 1609 793 1671 quanti⁴⁶
826 1610 1020 1667 honoris,
1054 1610 1215 1671 gloriae
1246 1625 1288 1658 et
1318 1610 1540 1671 dignitatis
1569 1611 1622 1658 sit
1654 1608 1803 1671 opus⁴7
1835 1629 1931 1658 nos-

129 1694 248 1726 trum
277 1696 476 1726 enarrare
501 1693 648 1739 posset
679 1681 696 1726 ?
723 1679 838 1738 Quis
866 1696 970 1739 ergo
996 1677 1122 1726 eius⁴⁸
1151 1678 1311 1735 laudes,
1341 1677 1648 1726 excellentias⁴⁹
1677 1693 1719 1726 et
1747 1679 1934 1739 egregias

129 1746 255 1794 dotes
278 1746 437 1793 referre
458 1761 603 1807 posset
628 1748 645 1793 ?
668 1746 875 1794 Profecto
897 1746 1054 1803 nullus,
1080 1747 1211 1794 etiam
1233 1747 1267 1794 si
1291 1746 1437 1807 lingua
1459 1740 1703 1794 Ciceronisf
1723 1761 1933 1794 uteretur:

129 1817 175 1861 O
200 1832 420 1861 summam
449 1832 498 1861 ac
519 1814 786 1875 praeclaram
812 1815 1035 1871 iustitiam,
1062 1812 1175 1862 ore⁵⁰
1201 1814 1354 1862 divino
1380 1814 1638 1862 mortalibus
1666 1832 1929 1862 concessam.

129 1881 255 1942 Quid
272 1882 354 1930 tibi
371 1882 602 1943 adaequari
616 1883 780 1943 poterit
798 1884 815 1929 ἓ
833 1882 1039 1930 Profecto
1056 1882 1164 1930 nulli
1181 1898 1281 1930 sunt
1301 1882 1505 1939 honores,
1526 1882 1668 1930 nullae
1687 1882 1932 1943 dignitates,

130 1950 327 1998 nullaeve
345 1950 525 1998 laudum
546 1951 711 2012 copiae,
733 1952 839 2012 quin
861 1952 952 1998 iure
971 1952 1145 2012 optimo
1166 1951 1246 1999 tibi
1264 1951 1399 1999 tribui
1418 1966 1609 2013 possent.
1633 1954 1678 1999 O
1697 1952 1811 1999 vitae
1829 1951 1932 2008 dux,

129 2036 157 2066 o
179 2020 354 2066 virtutis
374 2019 630 2079 indagatrix,
651 2037 679 2066 o
701 2020 912 2066 vitiorum
932 2019 1172 2080 spoliatrix‚
1193 2034 1241 2067 tu
1260 2019 1353 2067 sola
1374 2021 1577 2080 magistra
1596 2038 1774 2067 morum
1797 2019 1930 2076 fuisti,

128 2101 176 2134 tu
194 2086 447 2134 rutilantior
465 2105 587 2143 auro,
605 2087 877 2148 splendidior
893 2087 998 2144 sole,
1019 2085 1209 2135 clarior51
1228 2087 1374 2144 stellis,
1394 2087 1583 2135 lucidior
1599 2088 1715 2145 luna,
1737 2087 1932 2135 iocundi-

129 2173 181 2202 or
206 2156 317 2216 igne.
345 2157 414 2203 Tu
440 2155 533 2203 sola
558 2154 678 2216 fugas
703 2156 822 2212 vitia,
850 2155 945 2203 odis
971 2155 1197 2213 malitiam,
1224 2174 1350 2217 auges
1377 2174 1520 2217 regna,
1546 2156 1695 2204 firmas
1721 2174 1934 2213 amorem,

127 2223 341 2284 gubernas
381 2223 641 2284 respublicas
683 2239 724 2271 et
762 2224 979 2271 mundum
1019 2222 1127 2272 tua⁵²
1166 2225 1327 2272 virtute
1364 2225 1621 2281 substentas;
1661 2240 1703 2272 et
1741 2225 1930 2286 denique

129 2292 304 2338 ianuam
335 2292 474 2352 aperis
501 2292 702 2352 paradisi,
734 2307 782 2339 ut
812 2290 899 2339 de⁵³
931 2290 1118 2339 divino⁵⁴
1148 2294 1340 2340 Traiano
1367 2293 1556 2353 legitur,g
1586 2294 1661 2354 qui
1690 2311 1791 2340 cum
1823 2308 1931 2340 esset

129 2360 174 2405 in
195 2358 446 2420 langoribus
469 2359 629 2406 inferni
650 2361 878 2416 cruciatus,
899 2360 956 2407 ob
977 2378 1100 2407 suam
1121 2361 1364 2408 inmensam
1386 2361 1595 2408 iustitiam
1615 2362 1860 2422 promeruit
1882 2361 1937 2408 ad

128 2427 301 2474 beatam
325 2427 509 2487 gloriam
537 2425 755 2475 felicite1⁵⁵
777 2429 1018 2488 pervenire.
1046 2428 1171 2488 Quid
1195 2429 1326 2490 igitur
1348 2444 1522 2490 praeter
1543 2429 1648 2476 deos
1672 2429 1927 2490 optabilius?

129 2494 255 2553 Quid
280 2496 589 2555 praestantius?
617 2495 743 2554 Quid
771 2495 942 2542 homini
972 2496 1138 2552 melius,
1168 2496 1327 2557 quidve
1355 2496 1545 2557 dignius?
1574 2501 1697 2544 Haec
1722 2498 1855 2553 enim,
1884 2512 1932 2544 ut

130 2561 261 2609 refert
283 2557 517 2619 Valerius,*¹
544 2581 635 2610 non
662 2562 743 2610 fuit
770 2564 992 2624 incognita
1016 2564 1218 2621 Talento,
1243 2565 1340 2611 viro
1366 2565 1490 2611 omni
1515 2565 1755 2626 praeconio
1781 2564 1929 2625 digno,

129 2631 218 2691 qui,
239 2648 339 2678 cum
359 2646 467 2678 esset
485 2631 637 2678 consul
659 2635 885 2679 Romanus
905 2647 947 2679 et
964 2633 1054 2679 eius
1072 2631 1187 2680 filius
1205 2633 1335 2680 Crito
1355 2633 1537 2680 crimine
1556 2632 1757 2680 adulterii
1775 2634 1933 2680 amissi-

129 2696 250 2745 one⁵⁶
287 2698 521 2746 amborum
561 2699 792 2747 oculorum
832 2715 939 2747 esset
976 2700 1294 2748 condemnatus
1329 2698 1413 2748 ac⁵⁷
1447 2701 1637 2762 populus
1676 2699 1928 2762 ceterique⁵⁸

127 2766 347 2827 principes
370 2767 616 2814 resisterent
638 2785 691 2814 ne
712 2782 803 2815 tam
822 2785 947 2815 saeva
967 2769 1167 2816 executio
1186 2768 1325 2825 fieret,
1347 2787 1400 2816 ne
1422 2770 1552 2829 igitur
1574 2770 1736 2816 iustitia
1753 2770 1930 2830 periret,

208 3013 220 3028 ‘
237 3010 500 3057 StAugtistine,
522 3011 609 3048 CD.
629 3011 737 3054 Iv‚iv.

208 3061 293 3104 ‘CL
315 3068 456 3111 Cicero,
479 3069 659 3116 TuscDis-p.
683 3069 800 3112 V‚ii,5.
819 3118 822 3121 Δ

208 3128 223 3151 ‘
241 3125 299 3163 Cf.
319 3127 511 3174 &Gregorii
526 3128 637 3175 Papae
659 3129 753 3165 Vitae
768 3130 988 3165 auct-Ioanne
1002 3129 1170 3172 Diacono,
1191 3131 1288 3172 Π,44.

209 3177 227 3206 ¹¹
243 3182 419 3221 Val.Max.
440 3186 622 3227 ⁶.5.Ext.3,
641 3183 721 3222 told
737 3183 778 3222 of
793 3198 813 3222 a
830 3184 951 3222 Greek
968 3184 1096 3222 named
1114 3184 1295 3223 Zaleucus.
