2124 3458
101 160 274 194 POEMS
1809 151 1894 192 441

223 297 426 343 Rusticus
448 310 490 343 et
510 310 635 356 grato
656 294 895 355 complebit
920 312 1101 342 munere
1125 312 1306 351 mensas;
1725 309 1785 341 ⁶15

223 368 358 424 Inque
382 363 588 424 hyemem
610 380 782 410 saevam
803 362 1049 423 producent
1072 363 1238 410 semina
1260 362 1346 410 fici:

221 433 263 479 Si
283 433 446 493 primas
469 449 570 479 cum
595 445 833 478 nascuntur
854 449 954 478 cum
978 430 1135 478 fronde
1158 430 1348 487 revellas,

220 499 392 547 Sufficit
416 499 516 547 inde
540 517 674 546 novas
697 514 953 559 maturaque
975 499 1138 546 tardius
1159 499 1248 546 edit

221 571 372 623 Poma,
397 568 478 614 nisi
501 566 693 614 obfuerit
717 566 866 614 celeris
886 566 1096 614 violentia
1116 567 1309 614 brumae.

220 640 341 682 Nam
363 653 489 695 saepe
511 635 734 681 antevenit
755 648 988 694 tempestas
1008 652 1134 681 saeva
1153 634 1400 694 Aquilonis,
1724 649 1786 680 620

220 703 387 749 Mutari
409 717 456 749 ut
478 702 611 749 solito
633 701 865 749 videantur
885 701 938 748 ab
960 701 1114 748 ordine
1137 719 1317 748 menses.

220 774 328 818 Sunt
353 771 427 831 qui
450 771 705 817 immaturas
727 769 888 817 audent
911 787 1178 830 componere
1202 784 1244 817 et
1266 769 1356 817 illas

221 838 439 898 Abreptas
462 856 562 885 cum
585 837 796 898 pediculis
818 837 1019 898 foliisque
1044 837 1289 884 recondunt

220 906 471 967 Frigoribus
495 905 663 962 mediis,
685 906 746 953 sic
768 905 947 953 mitibus
971 905 1071 952 inde
1094 905 1312 952 fruuntur.

221 975 347 1034 Quin
370 989 411 1021 et
434 988 624 1021 maturas
646 974 869 1021 immersas
892 973 1019 1021 melle
1042 988 1274 1021 reservant:
1724 989 1784 1021 625

220 1043 412 1089 Miratur
432 1043 619 1089 conviva
640 1060 775 1089 novas
797 1043 977 1102 vestigat
998 1056 1040 1089 et
1062 1056 1184 1089 artes.

219 1114 457 1158 Servantur
476 1111 612 1157 siccae
633 1109 800 1166 melius,
824 1109 900 1157 sed
921 1124 962 1157 et
982 1111 1118 1170 gratia
1137 1111 1290 1157 maior.

220 1179 375 1225 Furnis
397 1193 626 1225 torrentur
644 1177 767 1225 lento
788 1177 1057 1225 ferventibus
1079 1179 1180 1239 igni;

219 1251 292 1294 Ne
314 1246 449 1307 fugiat
469 1247 630 1307 pingue
654 1261 695 1294 et
717 1246 825 1294 fiant
847 1247 957 1294 cutis
978 1246 1097 1294 arida
1115 1262 1249 1303 totae,

220 1314 410 1361 Insolare
433 1315 567 1375 magis
589 1314 766 1361 laudant
789 1314 1051 1362 fornacibus:
1078 1315 1168 1362 illas
1723 1330 1785 1361 630

219 1387 459 1442 Exponunt
483 1382 565 1429 soli
589 1397 630 1429 et
651 1382 864 1429 fabricant
884 1382 1081 1429 librabile
1104 1397 1285 1439 tectum,

218 1454 292 1496 Ne
315 1464 503 1496 noceant
525 1450 686 1497 imbres
709 1465 781 1497 aut
804 1465 1073 1497 nocturnum
1098 1451 1204 1497 aeris
1225 1450 1377 1507 udum3

220 1521 426 1578 Cumque
449 1535 600 1565 serena
621 1517 723 1574 dies,
744 1518 917 1565 sublato
939 1519 1144 1578 tegmine,
1167 1518 1269 1565 solis

220 1585 479 1633 Admittunt
502 1586 870 1634 radios—Caricas
891 1587 952 1634 sic
974 1586 1148 1634 mollius
1171 1602 1354 1634 urunt—
1378 1625 1388 1643 ‚

220 1657 338 1701 Cum
363 1654 474 1701 redit
496 1654 677 1701 humida
700 1672 802 1711 nox,
826 1654 977 1702 eadem
998 1669 1250 1715 tegumenta
1272 1655 1500 1712 reducunt,
1723 1670 1783 1702 635

218 1727 291 1770 Ne
312 1723 398 1770 situ
419 1737 600 1783 pereant
621 1724 739 1784 turpi
762 1738 834 1770 aut
857 1741 1036 1770 mucore
1060 1722 1310 1771 fracescant.

219 1862 364 1906 Pruna
385 1877 561 1920 quoque
585 1859 639 1906 ad
657 1859 795 1907 solem
819 1859 982 1907 nucleis
1004 1860 1180 1908 viduata
1200 1860 1414 1908 calentem

218 1927 298 1974 Vel
323 1942 421 1974 cute
442 1927 615 1974 discissa
637 1927 800 1975 multos
822 1943 1052 1975 servantur
1072 1929 1116 1975 in
1138 1947 1250 1976 usus.

220 1996 302 2043 His
325 2014 501 2056 quoque
526 1996 718 2043 culturae
741 1997 889 2044 minor
913 1997 1181 2057 indulgentia
1204 2015 1295 2044 non
1317 1998 1384 2045 sit:

218 2064 260 2110 Si
283 2063 406 2119 nihil,
430 2064 594 2111 utilitas
615 2065 764 2111 minor
786 2079 848 2111 est
870 2065 1106 2125 dapibusve
1129 2065 1342 2126 voluptas.
1722 2081 1783 2112 640

219 2134 347 2190 Quae
368 2132 502 2178 serito
524 2133 569 2177 in
591 2133 759 2192 saeptis:
785 2133 866 2179 nisi
888 2133 941 2179 sit
964 2132 1161 2179 custodia
1180 2133 1327 2189 solers,

219 2203 459 2245 Immatura
480 2198 621 2246 ferent
642 2200 1007 2260 importunaeque
1029 2200 1197 2260 puellae

220 2266 520 2314 Indomitusve
542 2285 653 2327 puer
673 2268 746 2313 vix
768 2267 926 2314 florem
950 2282 1079 2315 exuta
1097 2268 1329 2316 vorabunt.

218 2338 393 2390 Forma,
416 2352 558 2395 sapor,
582 2335 773 2391 nucleus,
798 2335 923 2383 color
944 2350 1006 2383 est
1029 2354 1120 2383 non
1143 2336 1349 2384 omnibus
1374 2336 1504 2384 idem.

218 2403 261 2449 Si
280 2402 510 2463 pulmenta
531 2403 665 2459 voles,
687 2404 855 2464 sapient
876 2403 1117 2464 pulmenta3
1141 2419 1334 2452 recentes
1721 2420 1781 2451 645

219 2474 317 2517 Esse
341 2470 408 2517 vel
432 2472 596 2531 aegroti
616 2486 841 2532 poterunt,
866 2472 973 2518 nihil
998 2472 1069 2519 illa
1090 2472 1326 2520 nocebunt.

218 2542 317 2585 Nec
340 2539 425 2585 iam
446 2539 576 2586 sorba
598 2557 751 2586 canam
774 2540 1002 2601 rubeisque
1024 2540 1245 2588 simillima
1269 2542 1413 2588 cornis

220 2606 385 2663 Iuiuba,
410 2608 566 2654 nativis
587 2622 660 2654 aut
683 2608 862 2668 mespila
882 2608 1065 2669 pulchra
1087 2608 1275 2665 corollis3

218 2678 329 2721 Non
353 2674 537 2721 mordax
557 2676 684 2735 piper
705 2690 777 2722 aut
800 2676 1000 2723 redolens
1023 2676 1192 2723 dicetur
1211 2695 1453 2733 amomum,

218 2744 422 2803 Turaque
446 2761 526 2790 nec
547 2743 698 2790 divum
721 2743 921 2791 sudantia
941 2744 1130 2791 balsama
1153 2762 1311 2792 munus
1721 2760 1782 2791 650

220 2813 435 2870 Quaeque
457 2810 607 2858 vident
629 2811 733 2858 aliae
753 2813 984 2872 peregrino
1005 2812 1084 2859 sub
1109 2817 1210 2859 Iove
1231 2827 1391 2872 gentes.

220 2881 348 2935 Quae
370 2892 533 2934 tamen,
556 2878 747 2925 invideat
769 2879 906 2926 modo
929 2897 1020 2926 non
1043 2879 1221 2926 fortuna
1241 2880 1408 2927 volenti

219 2945 424 2991 Staminis
447 2959 488 2992 et
509 2960 683 2992 tantum
706 2947 817 2993 nerit
841 2946 949 2992 mihi
972 2950 1104 2994 Parca
1123 2947 1313 3007 benigni,

221 3012 460 3072 Aggrediar
482 3030 561 3059 nec
583 3013 699 3060 dona
720 3013 851 3060 deum
875 3014 979 3061 haec
1000 3014 1162 3061 indicta
1183 3014 1438 3075 relinquam.

219 3084 356 3126 Nunc
379 3080 544 3136 trahor,
566 3095 695 3141 atque
716 3099 864 3128 aurem
886 3082 1006 3129 vellit
1029 3082 1138 3128 mihi
1162 3100 1341 3142 magnus
1365 3082 1542 3143 Apollo.
1721 3097 1781 3129 655
