2118 3444
118 168 308 201 Pussuc
335 167 616 200 ORATIONS
1829 161 1920 202 219

118 305 376 366 Amphione
406 304 461 351 ad
484 304 658 351 Thebas
684 319 840 365 poetae
867 304 1156 360 tradiderunt,
1181 305 1230 360 si,
1258 320 1306 352 ut
1332 305 1385 352 de
1412 305 1614 366 Orpheo,
1643 305 1856 366 silvasque
1886 321 1927 354 et

117 372 228 420 feras
247 372 495 420 demulcere
514 386 675 433 potest,
698 372 841 419 multo
862 372 983 433 quod
1004 372 1158 420 habeat
1178 373 1268 419 vim
1291 374 1503 420 maiorem
1526 374 1570 420 in
1593 375 1753 421 nostris
1774 375 1929 422 menti-

116 441 197 488 bus
219 455 282 488 est
303 458 411 487 vero
433 441 623 487 maxime
645 455 1003 487 consentaneum.

200 508 473 556 Felicitatem
487 523 634 556 autem
649 508 750 555 ideo
763 509 1043 569 praeteritam
1057 508 1248 556 arbitror
1258 509 1447 565 silentio,
1464 509 1586 570 quod
1601 527 1697 557 eam
1710 525 1928 571 praestare

118 577 310 624 humana
329 576 530 623 conditio
551 576 669 623 nulla
687 591 833 637 potest
851 577 885 623 si
906 576 959 624 de
977 595 1026 624 ea
1043 576 1333 637 intelligamus
1354 577 1560 625 felicitate
1577 596 1686 639 quae
1706 596 1729 625 a
1748 578 1928 626 fortuna

115 644 350 706 dependet,
370 662 462 691 non
484 662 594 705 quae
614 662 638 691 a
658 645 907 701 virtutibus3
931 646 1114 705 quanvis
1134 645 1187 692 de
1208 644 1387 692 fortuna
1406 664 1583 706 quoque
1605 646 1676 693 alii
1696 662 1924 694 senserunt

115 712 252 760 aliter.
269 716 379 760 Sunt
399 713 518 759 enim
538 713 613 773 qui
631 712 692 759 illi
710 713 861 760 omnia
878 712 1088 769 tribuant,
1106 728 1207 760 sunt
1226 714 1301 774 qui
1320 713 1441 760 nihil.
1462 715 1556 773 Qui
1577 714 1734 761 habere
1752 715 1865 762 vires
1883 716 1928 761 in

117 781 244 828 rebus
267 781 427 828 nostris
447 795 620 841 putant,
644 781 689 827 in
712 781 912 837 deorum,
935 781 1144 842 quicquid
1165 800 1214 829 ea
1233 781 1412 829 tandem
1431 783 1500 838 sit,
1525 781 1719 830 referunt
1740 798 1928 844 potesta-

115 864 219 896 tem.
239 853 300 896 At
319 850 394 909 qui
411 864 585 909 negant,
603 867 750 896 rerum
770 850 973 896 omnium
996 849 1287 897 humanarum
1307 851 1500 910 reginam
1520 850 1686 898 faciunt
1702 851 1927 911 prudenti-

114 934 200 973 am,
218 916 423 964 auferunt
442 916 682 973 fortunam,
702 935 801 978 qua,
817 918 882 964 uti
898 918 1067 978 sapiens
1086 919 1233 964 nescio
1251 919 1347 978 quis
1362 933 1495 979 poeta
1511 919 1570 965 ait
1586 919 1703 979 apud
1719 923 1924 966 Marcum

113 985 344 1041 Tullium,g
372 986 480 1032 ‘Suis
506 986 688 1046 quisque
713 985 895 1046 fingitur
920 985 1145 1033 moribus?
1172 990 1271 1033 Nos
1294 987 1427 1047 siquis
1452 987 1711 1047 opinionem
1740 988 1785 1034 in
1811 1005 1861 1035 ea
1882 1006 1926 1035 re

115 1068 311 1100 nostram
338 1071 515 1114 quoque
540 1055 648 1101 scire
673 1053 887 1101 desiderat
910 1072 1050 1114 neque
1075 1054 1357 1102 concedenda
1380 1054 1582 1102 fortunae
1607 1056 1759 1103 omnia
1784 1074 1926 1117 neque

113 1121 357 1168 tollendam
379 1123 555 1182 penitus
578 1140 674 1169 eam
697 1139 785 1168 esse
809 1140 831 1169 e
854 1122 981 1169 rebus
1006 1122 1207 1170 humanis
1232 1123 1507 1170 arbitramur.
1532 1128 1605 1170 Est
1630 1125 1749 1170 enim
1774 1123 1924 1171 certa³⁴

114 1204 329 1250 quatenus
343 1190 651 1250 progrediatur
664 1189 912 1250 prudentia;
932 1205 974 1237 et
990 1190 1128 1238 multa
1142 1209 1267 1252 saepe
1285 1191 1488 1238 accidunt
1504 1210 1613 1252 quae
1630 1191 1754 1239 nullo
1775 1192 1924 1240 huma-

114 1275 175 1304 no
192 1258 371 1318 ingenio
386 1258 625 1318 provideri,
643 1258 763 1305 nulla
780 1258 1006 1315 industria,
1024 1258 1143 1306 nulla
1159 1260 1321 1306 virtute
1336 1261 1530 1320 superari
1546 1275 1708 1320 queant
1724 1275 1772 1307 ut
1790 1261 1924 1321 siquis

113 1325 228 1372 ultra
254 1323 551 1386 prudentiae³⁵
581 1325 797 1373 humanae
827 1325 937 1373 fines
966 1326 1169 1374 fortunae
1198 1327 1346 1374 locum
1376 1345 1464 1374 esse
1493 1327 1665 1384 dixerit,
1694 1329 1840 1376 minus
1871 1329 1924 1376 ab

112 1412 220 1441 vero
241 1394 371 1454 longe
394 1393 579 1441 forsitan
601 1394 878 1442 aberraverit.

198 1462 432 1521 Quaedam
455 1463 587 1523 igitur
608 1480 695 1510 esse
716 1462 936 1519 videntur,
956 1464 1048 1510 sine
1072 1463 1229 1524 quibus
1251 1482 1339 1511 esse
1362 1465 1604 1525 imperator
1625 1464 1748 1512 nullo
1771 1465 1923 1522 modo,

113 1530 328 1591 quaedam
356 1549 464 1577 vero
490 1532 583 1578 sine
613 1531 771 1592 quibus
801 1549 889 1578 esse
918 1532 1106 1578 omnino
1134 1532 1354 1593 perfectus
1381 1548 1798 1594 consummatusque
1832 1552 1924 1581 non

110 1613 271 1659 potest.
290 1600 391 1645 Nisi
408 1600 527 1646 enim
546 1599 741 1646 calluerit
760 1600 978 1647 militandi
995 1615 1134 1647 artem
1149 1602 1325 1661 eiusque
1341 1602 1570 1648 scientiam
1586 1603 1737 1648 animo
1754 1616 1797 1649 et
1812 1603 1925 1662 cogi-

112 1667 280 1713 tatione
307 1667 708 1727 comprehenderit3
735 1668 816 1714 nisi
842 1668 896 1714 sit
922 1667 987 1715 his
1012 1668 1234 1728 praeditus
1257 1669 1506 1725 virtutibus,
1535 1669 1721 1716 consilio
1746 1670 1924 1726 scilicet,

112 1733 389 1790 fortitudine,
404 1736 692 1791 continentia,
707 1734 809 1791 fide,
822 1736 1046 1796 gravitate,
1061 1736 1280 1793 facilitate,
1294 1737 1509 1784 modestia
1521 1752 1651 1798 atque
1667 1737 1919 1785 huiusmodi

112 1802 270 1863 quibus
292 1803 337 1849 in
357 1803 535 1850 militari
553 1804 794 1851 exercitum
812 1804 1089 1852 observantia
1107 1806 1346 1861 contineat;
1365 1806 1446 1852 nisi
1464 1820 1638 1853 tantum
1657 1807 1758 1853 insit
1778 1822 1924 1854 aucto-

112 1871 251 1918 ritatis
268 1886 316 1918 ut
336 1871 491 1918 habeat
507 1872 695 1932 imperio
715 1872 1005 1932 obsequentes
1022 1891 1137 1929 suos3
1157 1874 1238 1920 nisi
1256 1874 1436 1920 tandem
1453 1874 1668 1934 explicare
1683 1875 1921 1922 commode

111 1938 302 1986 dicendo
322 1957 432 1999 quae
453 1940 498 1985 in
521 1958 614 1986 rem
633 1941 719 1987 sint
741 1941 831 1991 visa
849 1941 985 2001 possit
1009 1956 1051 1988 et
1070 1941 1171 1988 dare
1191 1942 1361 1989 animos
1383 1943 1681 2003 virtutemque
1703 1943 1747 1989 in
1767 1943 1925 2004 proeli-

110 2025 187 2053 um
217 2007 262 2053 in
291 2022 572 2068 mortemque
601 2008 819 2064 euntibus,
849 2008 902 2056 ab
930 2007 1143 2056 fortuna³⁶
1169 2011 1317 2070 potius
1346 2025 1419 2057 aut
1446 2010 1499 2057 ab
1528 2010 1722 2058 hostium
1754 2012 1924 2071 ignavia

111 2093 244 2135 quarn
261 2075 314 2122 ab
332 2076 597 2136 imperatore
614 2091 656 2123 et
672 2076 811 2123 milite
827 2077 1040 2137 speranda
1055 2078 1239 2125 victoria
1254 2093 1330 2125 est.
1348 2082 1416 2125 Ac
1433 2078 1811 2139 quemadmodum
1831 2081 1922 2140 qui-

110 2142 212 2190 dem
229 2158 346 2199 sunt,
366 2162 475 2204 quae
492 2162 623 2205 supra
639 2144 743 2200 dixi,
762 2145 806 2191 in
827 2146 1090 2206 imperatore
1109 2147 1358 2202 necessaria,
1377 2147 1436 2194 ita
1450 2148 1734 2208 principatus,
1752 2149 1922 2208 generis

111 2211 331 2268 nobilitas,
355 2213 523 2272 integra
540 2227 669 2269 aetas,
689 2228 730 2260 et
752 2213 1003 2261 huiusmodi
1029 2214 1242 2262 nonnulla
1262 2233 1371 2276 quae
1392 2216 1681 2263 curiosissime
1704 2217 1923 2277 persequi-

109 2294 184 2326 tur
215 2280 507 2337 Onoxander,
545 2282 623 2328 etsi
659 2300 750 2328 non
783 2297 884 2329 sunt
921 2283 1157 2330 necessaria
1191 2283 1263 2330 illa
1295 2283 1489 2344 quidem,
1526 2284 1739 2331 adornare
1773 2300 1922 2332 tamen

109 2347 398 2395 vehementer
415 2350 449 2396 si
473 2349 615 2396 adsint
638 2349 798 2397 debent
821 2365 950 2411 atque
971 2350 1183 2398 illustrare
1206 2352 1535 2412 imperatoriam
1558 2352 1830 2412 dignitatem.

195 2419 347 2474 Quem
366 2417 546 2477 quidem
563 2435 644 2477 ego
660 2435 760 2464 cum
778 2418 860 2478 legi
878 2418 931 2465 de
945 2418 1144 2479 perfecto
1159 2420 1423 2480 imperatore
1439 2421 1758 2467 accuratissime
1775 2421 1918 2481 dispu-

109 2498 294 2540 tantem,
312 2484 509 2531 habuisse
530 2485 639 2531 mihi
655 2485 830 2533 videtur
843 2504 946 2547 prae
962 2486 1100 2534 oculis
1116 2488 1431 2534 Constantium
1451 2487 1569 2535 hunc
1586 2503 1788 2535 nostrum
1806 2488 1921 2536 Sfor—

109 2552 217 2598 tiam
254 2553 431 2613 eiusque
470 2553 602 2613 ipsius
641 2554 819 2601 eximias
855 2554 1176 2616 singularesque
1215 2556 1350 2602 animi
1388 2555 1513 2603 dotes
1549 2556 1924 2618 excellentemque

109 2621 321 2667 virtutem
335 2622 602 2681 pernovisse‚
619 2622 736 2669 unde
750 2638 981 2683 praecepta
994 2625 1249 2684 expresserit
1265 2642 1374 2685 quae
1389 2624 1442 2671 de
1454 2624 1654 2685 perfecto
1666 2625 1769 2672 belli
1786 2625 1919 2672 admi-

110 2689 344 2736 nistratore
374 2704 416 2736 et
445 2689 555 2737 duce
583 2690 739 2737 litteris
768 2709 816 2738 ac
843 2692 1089 2751 posteritati
1119 2692 1509 2740 commendaverit.
1538 2693 1665 2739 Nihil
1698 2694 1817 2740 enim
1849 2694 1919 2741 ille

110 2757 356 2817 excogitare
389 2758 701 2818 praecipiendo
736 2760 882 2819 potuit
919 2759 1040 2820 quod
1077 2761 1121 2806 in
1158 2778 1278 2807 novo
1315 2759 1529 2808 militiae³⁷
1566 2760 1773 2808 nostrae³⁸
1811 2762 1920 2809 duce

111 2841 202 2870 non
222 2824 346 2871 facile
364 2826 559 2872 invenias
579 2826 786 2887 quodque
805 2845 849 2874 re
868 2828 957 2887 ipsa
976 2842 1017 2874 et
1036 2827 1159 2875 factis
1176 2846 1266 2875 non
1284 2830 1420 2888 possit
1439 2844 1669 2889 praestare.
1691 2834 1781 2876 Iam
1800 2831 1918 2876 enirn

108 2892 290 2939 scientia
308 2893 370 2939 rei
391 2893 603 2949 militaris,
623 2909 671 2941 ut
691 2894 927 2955 aliquando
947 2895 1125 2942 tandem
1147 2895 1199 2942 de
1219 2896 1313 2956 ipso
1335 2896 1527 2943 breviter
1544 2897 1687 2957 aliqua
1707 2897 1921 2944 modeste-

110 2977 194 3020 que
214 2961 492 3021 attingamus,
512 2976 560 3009 ut
579 2963 633 3009 sit
652 2980 784 3023 quam
804 2962 1163 3011 excellentissima
1182 2979 1371 3025 oportet.
1393 2969 1538 3012 Natus
1558 2979 1619 3012 est
1640 2966 1773 3022 enim,
1793 2980 1841 3013 ut
1863 2966 1921 3013 ita

189 3179 204 3201 Β
222 3174 280 3212 Cf.
301 3176 443 3219 Cicero,
459 3175 649 3220 paradoxa,
667 3180 722 3214 34.
