2072 3450
132 197 385 232 TEXTUAL
410 197 585 231 NoTl-:s
1095 190 1131 230 I:
1160 191 1315 231 47-71
1838 192 1928 232 513

216 331 245 354 ⁴³
258 346 293 371 et
302 345 378 383 post
391 348 594 383 quanquam
608 332 671 370 del.
688 335 751 370 MS

215 385 245 405 ⁴⁴
257 386 337 434 Syri
346 397 422 434 post
435 386 563 423 Graeci
575 384 653 422 add.
669 396 702 422 et
709 396 822 434 postea
835 384 897 422 deL
915 386 978 422 MS

215 437 244 459 ⁴⁵
259 438 294 476 id
307 453 346 476 α
358 440 456 476 enim
469 453 552 476 corr.
570 440 633 475 MS

215 489 244 510 ⁴⁶
257 490 362 528 decus
376 502 532 539 suprascr.
550 491 614 527 MS

215 541 244 563 ⁴⁷
214 543 438 615 ⁴⁸Cadmum
454 557 493 580 α
506 542 663 580 Cadmus
679 557 762 580 corr.
779 544 842 580 MS

214 593 364 632 ⁴'etiam
376 607 533 644 suprascr.
551 596 615 632 MS

214 646 401 720 ⁴⁹quidam
414 659 571 697 ueprascr.
590 650 653 685 MS

214 697 322 737 ⁵⁰suo
336 714 376 736 ex
387 714 448 736 sue
462 714 546 736 corr.
563 701 626 736 MS

214 751 241 772 ⁵¹
257 752 399 790 honore
410 767 450 790 ex
462 752 573 801 gloria
585 766 669 789 corr.
686 754 749 789 MS

214 802 242 824 ⁵²
255 804 328 842 div·
337 815 413 853 post
426 804 612 853 disciplina
623 803 686 841 deL
703 805 766 841 MS

214 855 241 878 ⁵³
256 870 306 895 est
319 858 467 906 proprie
478 869 635 906 ucprascr.
653 859 717 894 MS

214 907 242 929 ⁵⁴
255 922 306 946 est
315 920 391 958 post
404 910 575 958 sapientia
586 908 649 946 del.
667 911 730 946 MS

214 960 241 982 ⁵⁵
255 963 464 999 continetur
475 977 515 999 ex
526 963 761 999 continentur
772 977 855 999 corr.
872 964 935 999 MS

213 1012 242 1034 ⁵⁶
255 1014 361 1051 bonis
373 1026 530 1063 suprascr.
548 1016 612 1051 MS

213 1065 242 1087 ⁵⁷
255 1082 326 1104 esse
339 1079 496 1116 suprascr.
514 1069 578 1104 MS

213 1117 241 1139 ⁵⁸
255 1131 378 1156 nostra
390 1149 399 1156 .
414 1149 421 1156 .
438 1149 446 1156 .
459 1120 635 1168 opinione
646 1134 685 1156 α
697 1121 808 1156 Nunc
822 1132 926 1168 atque
941 1120 1116 1168 opinione
1128 1132 1250 1156 nostra
1262 1134 1344 1157 corr.
1361 1121 1425 1157 MS

213 1170 242 1192 ⁵⁹
255 1173 387 1210 erimus
396 1183 473 1221 post
485 1173 648 1210 contenti
659 1172 722 1209 del.
739 1174 803 1210 MS

212 1222 242 1244 ⁶⁰
255 1224 367 1262 modo
380 1236 537 1273 suprascr.
556 1226 619 1262 MS

127 1281 187 1315 54.
215 1276 224 1297 ¹
239 1277 348 1315 Barth
363 1307 371 1314 .
386 1308 394 1314 .
411 1308 418 1314 .
431 1278 598 1315 Salutem:
614 1275 740 1321 Marc',
754 1292 821 1315 om.
838 1275 887 1315 C²

212 1327 226 1349 ²
238 1329 402 1367 dixerim:
416 1329 575 1367 dixeram
590 1327 638 1367 C²

212 1381 225 1403 ³
238 1383 392 1432 plebem:
408 1383 589 1432 phoebem
604 1380 651 1420 C²

211 1434 226 1455 ⁴
238 1448 279 1472 ut
292 1436 368 1472 scis:
384 1450 451 1472 om.
467 1433 523 1472 Μ3

211 1486 225 1508 ⁵
238 1503 304 1537 ego
319 1503 474 1537 quoque:
490 1501 525 1525 et
539 1489 612 1537 ipse
627 1486 740 1526 Marc'

211 1538 225 1560 ⁶
238 1540 343 1577 forte:
358 1555 425 1577 om.
442 1537 556 1577 Marc³

211 1591 225 1612 ⁷
239 1594 476 1642 interpretari:
489 1595 651 1643 persequi
667 1591 779 1631 Marc³

211 1643 224 1666 ⁸
210 1661 267 1718 ’az
283 1646 326 1683 ab
341 1643 455 1683 Marc³

210 1697 432 1736 ’nominum
448 1714 521 1748 quo
573 1714 602 1736 e:
618 1714 745 1736 eorum
760 1698 873 1737 Marc‘

213 1749 240 1771 ¹⁰
252 1764 298 1788 et:
313 1752 421 1788 etiam
435 1754 515 1788 Mar

213 1803 238 1824 ¹¹
213 1804 445 1876 1²difficilius:
461 1805 659 1842 laborosius
674 1803 787 1842 Marc-³

213 1854 359 1894 ¹².cum
373 1856 652 1905 ..effingunturz
667 1857 827 1906 periculo
841 1872 940 1895 novo
954 1857 1141 1906 finguntur
1154 1856 1267 1895 Marc'

253 1911 482 1947 inconcinna.
495 1913 533 1947 in
547 1925 652 1959 marg.
657 1925 696 1947 ex
709 1911 916 1948 inconantia
927 1925 1009 1948 corr.
1026 1909 1139 1948 Marc-³

224 1960 515 1999 ⁴.contemnunt
530 1962 661 1999 ,aliis2
652 1977 689 1999 ιη
704 1962 779 2000 aliis
792 1964 852 1999 vix
864 1963 1020 2012 probant
1034 1961 1148 2000 Marc’

124 2019 184 2052 55.
212 2013 222 2034 ¹
237 2028 271 2052 et
286 2045 294 2052 .
309 2045 317 2052 .
332 2045 340 2052 .
355 2015 536 2052 omnibus.
552 2030 591 2052 ac
605 2046 613 2052 .
629 2046 636 2053 .
652 2046 659 2052 .
674 2017 810 2053 cunctis
824 2014 938 2053 Marc³

208 2064 223 2087 ²
237 2069 302 2104 En:
317 2082 383 2104 om.
401 2065 515 2105 Marc³

209 2118 222 2140 ³
236 2120 412 2158 consului:
427 2121 593 2158 consular
605 2136 644 2158 ex
656 2121 820 2158 consului
833 2133 988 2170 suprascr.
1007 2119 1122 2159 Marc³

208 2171 222 2192 ⁴
236 2172 429 2221 apotheoee
438 2184 514 2221 post
527 2173 653 2210 ludum
666 2173 743 2210 add.
760 2185 793 2210 et
803 2173 865 2211 del.
882 2172 995 2211 Marc‘

208 2223 221 2245 ⁵
236 2226 347 2262 ludar:
360 2225 484 2263 dehinc
495 2229 559 2263 inc.
576 2225 633 2263 M⁶

208 2275 222 2296 ⁶
235 2277 390 2314 turbam:
406 2292 472 2314 om.
490 2276 564 2314 Pat¹

209 2328 222 2349 ⁷
236 2330 327 2367 ferre
339 2342 495 2379 suprascr.
514 2328 562 2368 C²

123 2385 183 2419 57.
211 2380 220 2401 ¹
235 2382 362 2419 volesti
376 2397 415 2419 ex
427 2383 570 2420 volessti
586 2383 637 2430 (α
650 2383 777 2420 volessi
792 2398 874 2420 corr.
891 2383 967 2431 MS)
982 2388 1111 2421 correxi

123 2439 183 2472 59.
211 2434 368 2473 ¹vicino:
382 2437 499 2473 vicine
511 2438 575 2473 MS

208 2485 222 2506 ²
236 2488 386 2535 cagioni:
401 2489 547 2536 cagione
561 2490 624 2525 MS

209 2537 221 2560 ³
236 2544 280 2577 30
293 2571 301 2577 .
316 2570 324 2577 .
339 2544 394 2578 31:
409 2544 548 2578 numeri
560 2545 699 2578 romani
712 2543 775 2579 MS

123 2595 183 2629 62.
211 2590 220 2612 ¹
235 2605 369 2629 cotesta
383 2592 469 2629 citta
481 2607 520 2630 ex
533 2595 676 2630 Ferrara
689 2608 771 2630 corr.
788 2596 852 2631 MS

123 2648 183 2682 63.
211 2643 221 2664 ¹
236 2646 436 2691 ri[nviarlo]
449 2658 483 2682 et
497 2646 563 2683 che
572 2658 647 2694 post
661 2659 799 2695 potesse
811 2646 874 2684 del.
891 2649 954 2684 MS

124 2700 183 2734 68.
211 2695 220 2716 ¹
236 2699 343 2734 Otto:
359 2701 402 2734 .8.
418 2699 480 2735 MS

125 2805 169 2838 70
208 2747 398 2821 ssVolgiate
413 2754 450 2787 in
456 2750 574 2839 {filando
581 2754 728 2800 paginae
741 2754 805 2789 MS

173 2830 182 2839 ’
207 2805 523 2927 ζὲιζῃᾷᾞωπὸ.
540 2858 604 2893 Ms

208 2909 543 3008 ιὲεᾳῐὲὲῖξ...
562 2963 625 2998 Μ.

209 3009 221 3031 ⁵
235 3012 263 3048 si
277 3026 312 3059 p.
329 3011 369 3058 (?)
382 3023 466 3048 ante
477 3013 509 3049 ci
521 3012 583 3049 del.
601 3014 664 3049 MS

208 3062 222 3083 ⁶
235 3063 345 3101 collui
358 3079 398 3101 ex
410 3079 493 3101 com
509 3066 612 3102 Piero
625 3079 708 3102 corr.
725 3067 789 3103 MS

209 3113 222 3134 ⁷
233 3119 278 3162 β
293 3130 332 3152 α
344 3119 418 3153 s.50
431 3131 514 3153 corr.
531 3118 595 3153 MS

125 3171 183 3205 71.
211 3166 221 3188 ¹
237 3170 373 3206 iersera:
389 3170 514 3206 iarsera
526 3181 565 3207 et.
582 3184 665 3219 seqq.
684 3172 747 3208 MS

212 1907 261 1929 1³·
