2118 3444
127 177 356 212 PRIVATE
381 176 610 210 LETTERS
1834 167 1916 207 121

127 314 374 363 desiderosa
391 328 504 361 stare
521 330 607 360 con
628 313 702 360 voi
723 313 950 373 congiunti
972 311 1017 359 di
1035 329 1184 359 amore
1204 326 1246 359 et
1265 310 1583 358 benevolentia.
1608 315 1647 357 A
1667 312 1740 358 voi
1763 312 1823 357 mi
1846 329 1931 358 rac-

127 381 361 430 comando.
385 382 471 429 Die
498 385 548 428 10
568 381 676 428 Maii
702 385 820 428 1482.

991 520 1066 560 141

466 590 544 630 To
566 590 1017 643 BUONACCORSO
1038 590 1286 628 MASSARI
1306 590 1373 628 IN
1392 589 1586 628 LUCCA

838 659 971 696 10-14
991 659 1093 708 May
1115 659 1219 696 1482

209 753 294 847 fvio,
315 750 382 846 flol.
403 753 483 813 271·ἶ
499 749 618 822 ‚Draft
638 749 690 802 by
709 749 836 790 Scribe
855 752 905 797 A,
926 748 1079 789 headed:
1105 750 1182 789 ‘Ser
1200 749 1452 789 Bonacmirsio
1472 749 1668 796 Massa-io,
1693 748 1848 789 Cancel-

224 822 303 847 ano
354 821 495 847 ucensi.

126 913 318 958 Gratum
335 924 398 957 est
415 909 538 970 quod
553 909 716 956 scribis:
738 927 830 956 non
847 908 975 956 fuisse
994 909 1212 969 ingratum
1231 909 1415 955 Lucensi
1429 909 1607 955 Senatui
1623 907 1745 969 quod
1763 925 1787 955 a
1802 907 1930 955 nobis

126 978 290 1039 legatus
303 992 448 1025 vester
458 977 754 1038 superioribus
772 976 924 1024 diebus
939 977 1191 1038 reportavit.
1206 976 1357 1023 Multo
1372 977 1504 1023 etiam
1519 977 1680 1036 gratius
1695 975 1818 1037 quod
1831 993 1929 1023 sum

126 1060 365 1107 aucupatus
383 1064 436 1093 ex
453 1045 609 1093 litteris
625 1046 722 1092 tuis:
742 1063 865 1106 spem
884 1044 1128 1092 rediturum
1148 1062 1236 1092 esse
1253 1043 1308 1092 ad
1322 1062 1404 1091 nos
1423 1047 1673 1091 Cenamum
1693 1051 1928 1091 nostrum.¹

126 1118 313 1162 Caetera
327 1132 438 1175 quae
454 1115 500 1160 in
515 1113 672 1161 litteris
686 1114 772 1161 tuis
788 1114 1074 1161 continentur
1090 1131 1142 1160 ex
1158 1127 1233 1160 tua
1248 1112 1430 1160 officina
1442 1127 1557 1160 sunt.
1576 1116 1618 1159 A
1635 1113 1811 1160 nemine
1828 1113 1934 1160 acci—

124 1184 202 1244 pio
228 1183 393 1229 litteras
415 1200 524 1242 quae
549 1181 891 1228 cumulatiorum
917 1199 966 1228 36
986 1181 1241 1228 solidiorem
1268 1180 1453 1228 afferant
1477 1180 1765 1241 voluptatem.
1791 1181 1834 1227 Si
1858 1198 1929 1227 me

126 1268 257 1306 amas,
281 1249 349 1297 fac
368 1249 525 1296 crebro
545 1249 600 1296 ad
618 1267 689 1296 me
709 1249 881 1296 scribas.
904 1249 1024 1296 Vale.

991 1390 1070 1430 142

515 1460 593 1500 ΤΟ
610 1461 841 1510 JACOBO
864 1459 1239 1500 GHIVIZZANO
1261 1461 1327 1499 IN
1346 1460 1540 1499 LUCCA

879 1531 930 1567 14
949 1530 1051 1580 May
1073 1530 1177 1568 1⁴82

317 1624 403 1669 Mo,
423 1621 489 1661 fol.
509 1625 638 1661 27r-v.
657 1620 769 1661 Draft
788 1621 839 1673 by
858 1621 984 1661 Scribe
1001 1623 1051 1669 Α,
1070 1620 1223 1661 headed:
1246 1622 1310 1661 ‘D.
1325 1620 1469 1670 Jacobo
1489 1620 1732 1661 Ghivizano.’

125 1724 364 1786 Magnifice
382 1743 526 1786 eques,
543 1739 669 1785 pater
685 1739 727 1772 et
744 1724 1000 1772 benefactor
1015 1725 1088 1771 mi.
1111 1724 1260 1771 Hebbi
1278 1724 1320 1771 la
1334 1739 1483 1771 vostra
1499 1724 1654 1771 lettera
1669 1724 1781 1771 60113
1799 1725 1928 1771 inter-

126 1793 243 1840 clusa
262 1792 331 1840 del
352 1792 539 1840 Podesta
557 1792 602 1840 di
620 1793 747 1849 Pisa‚⁸
765 1807 807 1840 et
826 1793 901 1853 qui
921 1810 993 1840 era
1009 1791 1288 1840 l'adversario
1306 1792 1498 1839 Michele
1516 1791 1776 1848 Maschiani‚
1796 1791 1930 1839 credi-

126 1876 238 1918 tore,
262 1879 389 1909 come
415 1861 524 1918 dice,
550 1861 595 1908 di
619 1863 861 1908 Tommaso
887 1860 932 1908 di
957 1861 1184 1922 Cipriano,
1212 1860 1442 1908 venditore
1466 1875 1632 1908 vostro.
1659 1860 1829 1917 Subito,
1858 1878 1931 1907 vo—

125 1929 260 1977 lendo
294 1928 384 1976 fare
416 1929 600 1990 qualche
635 1928 784 1976 favore
818 1947 842 1976 a
875 1944 1026 1990 questa
1058 1943 1205 1976 vostra
1238 1947 1376 1985 causa,
1413 1929 1544 1976 hebbi
1578 1928 1766 1976 addosso
1801 1928 1932 1975 decto

125 1997 333 2053 Michele,
355 1997 383 2043 il
406 1997 531 2058 quale
553 1998 600 2055 in
622 1998 725 2057 ogni
746 1997 880 2057 luogo
903 1996 926 2044 ὲ
947 1997 1195 2057 comparito
1215 2014 1295 2057 per
1312 1998 1410 2044 suoi
1433 1996 1588 2052 favori3
1610 2011 1652 2043 et
1673 1996 1930 2043 finalmente

126 2064 222 2112 dice
242 2064 284 2112 13
306 2064 485 2112 vendita
505 2082 642 2112 essere
666 2064 835 2121 fictitia,
859 2064 886 2111 il
908 2064 1069 2125 perche
1094 2065 1154 2111 mi
1176 2082 1309 2125 parve
1333 2064 1378 2112 di
1399 2079 1617 2125 aspectare
1639 2064 1686 2111 lo
1710 2064 1931 2111 imbascia-

126 2132 234 2180 dore
250 2147 416 2180 vostro.
438 2137 491 2179 Et
508 2132 619 2193 pero
639 2132 699 2180 ho
717 2147 1004 2193 sopratenuto
1025 2132 1052 2179 il
1070 2147 1222 2180 vostro
1241 2132 1451 2179 mandato
1469 2147 1511 2179 et
1531 2132 1660 2192 hoggi
1681 2132 1742 2179 ho
1759 2131 1931 2193 parlato

126 2218 213 2248 con
232 2200 355 2248 dicto
373 2200 702 2256 imbasciadore3
722 2215 764 2247 et
782 2200 804 2247 ὲ
822 2200 880 2261 gli
898 2215 1058 2261 paruto
1077 2200 1157 2247 che
1176 2201 1441 2261 aspectiamo
1457 2200 1499 2247 la
1516 2215 1691 2247 tornata
1709 2199 1754 2247 di
1772 2204 1933 2247 Loren-

126 2286 195 2325 zo,
218 2268 245 2315 il
265 2268 387 2329 quale
409 2268 431 2315 ὲ
452 2268 663 2315 oevaloeto
685 2286 709 2315 a
727 2269 819 2315 Pisa
836 2286 915 2329 per
934 2269 1141 2315 accozarsi
1159 2286 1244 2315 con
1264 2271 1371 2315 Don
1389 2262 1645 2328 Federighol'
1669 2267 1781 2315 Infra
1801 2267 1884 2315 due
1905 2286 1934 2315 o

127 2351 190 2384 tre
211 2336 254 2384 di
274 2336 453 2384 doverra
471 2354 600 2383 essere
621 2337 706 2397 qui.
728 2336 824 2383 Alla
842 2351 1011 2384 tornata
1028 2354 1103 2384 sua
1120 2335 1331 2383 vedremol
1355 2354 1446 2383 non
1464 2337 1498 2383 si
1515 2335 1711 2397 potendo
1732 2336 1935 2383 obtenere

128 2404 284 2464 meglio
306 2404 383 2451 che
407 2422 431 2451 a
451 2404 567 2451 dicto
590 2404 759 2451 Potesta
779 2404 822 2451 di
843 2405 934 2451 Pisa
953 2405 987 2451 si
1008 2403 1136 2451 faccia
1156 2422 1243 2451 una
1261 2404 1408 2451 lettera
1428 2403 1471 2451 di
1494 2405 1663 2464 ragione
1683 2405 1931 2451 sommaria?

128 2476 176 2518 In
193 2486 345 2532 questo
364 2487 405 2519 et
423 2473 468 2518 in
486 2473 587 2532 ogni
605 2472 708 2519 altra
724 2490 822 2519 cosa
839 2472 1029 2519 desidero
1045 2473 1217 2519 servirvi
1235 2487 1275 2519 et
1293 2473 1589 2532 compiacervi,
1609 2489 1734 2518 601116
1753 2471 1946 2518 debitore

128 2539 235 2587 della
252 2543 410 2587 Vostra
428 2539 754 2600 Magnificentia„
776 2543 817 2586 A
836 2540 923 2587 Voi
943 2540 1005 2586 mi
1024 2539 1321 2587 raccomando.
1342 2541 1425 2587 Die
1450 2544 1497 2587 14
1517 2540 1622 2587 Maii
1646 2544 1759 2586 1482.

127 2783 233 2832 April
251 2783 363 2832 1482):
382 2785 573 2822 ‘Martinus
588 2786 779 2828 Cenamus,
797 2796 922 2822 orator
936 2785 1111 2828 Lucensis,
1130 2785 1228 2822 venit
1241 2785 1281 2821 in
1295 2784 1433 2828 urbem,
1452 2796 1487 2821 et
1501 2798 1585 2821 mm
1601 2783 1739 2822 adiisset
1754 2784 1931 2832 magistra-

127 2847 218 2880 tum,
232 2835 393 2873 studium
409 2837 575 2874 Lucensis
587 2835 716 2885 populi
728 2850 808 2884 erga
822 2835 1067 2874 florentinam
1079 2835 1336 2885 rempublicam
1352 2836 1512 2884 aperuit.
1554 2835 1713 2873 .Clausit
1727 2836 1932 2873 orationem

129 2886 337 2925 huiusmodi
347 2888 535 2925 sententia:
547 2900 689 2936 paratos
702 2902 773 2926 mse
787 2891 958 2926 Lucenses
971 2889 1095 2926 omnia
1106 2887 1219 2926 facere
1231 2902 1319 2936 quae
1332 2889 1451 2936 cupiat
1465 2887 1693 2925 Florentinus
1703 2887 1901 2936 populus..

208 2948 301 2984 See
316 2945 423 2984 letter
440 2949 515 2990 140,
533 2958 621 2984 note
637 2946 669 2994 a)
688 2946 813 2984 above.

208 3007 221 3022 ¹
239 3004 430 3043 Bindaccio
446 3004 485 3043 di
502 3007 695 3043 Francoeco
714 3005 967 3053 Buoninsegni,
985 3007 1071 3043 ASF
1088 3007 1209 3042 Tratte
1225 3008 1304 3048 986,
1321 3004 1385 3042 fol.
1403 3008 1477 3042 26r.

207 3055 224 3081 Β
242 3063 332 3100 Don
352 3061 521 3110 Federigo
541 3061 583 3100 of
600 3064 779 3110 Aragona.
799 3061 857 3100 Cf.
881 3065 1044 3100 Lorenzo
1062 3061 1119 3100 de'
1138 3061 1281 3106 Medici,
1301 3061 1485 3100 protocolli
1500 3061 1558 3100 del
1576 3063 1763 3110 erteggio,
1787 3064 1862 3099 194:
1884 3063 1932 3098 ‘A

130 3115 207 3152 Pisa
222 3129 242 3153 3
257 3114 295 3153 di
316 3118 368 3159 14,
386 3129 406 3153 3
421 3114 499 3153 don
516 3114 710 3163 Federigo.‘

209 3177 223 3191 ⁶
238 3174 302 3210 See
317 3171 423 3210 letter
441 3176 504 3210 145
522 3171 652 3210 below.
