2124 3464
207 175 265 216 80
1838 182 1976 215 PART
2001 183 2015 216 Ι

206 334 289 366 test
307 337 395 365 esse
412 318 604 378 longius?
626 322 737 364 Non
754 335 933 378 possum
956 335 1062 364 vero
1080 335 1170 364 non
1190 317 1394 364 admirari
1412 319 1537 365 istam
1556 317 1864 366 fortitudinem
1882 320 2018 366 animi

206 388 270 434 tui
299 387 607 434 constantiam.
639 386 875 432 Reviviscit
905 386 948 432 in
977 400 1019 432 te
1047 385 1118 432 illa
1144 386 1323 446 antiqua
1348 386 1486 433 virtus
1514 400 1555 433 et
1583 386 1841 446 magnitudo
1869 387 2018 444 animi,

207 473 316 516 quae
341 469 510 515 quanto
532 455 666 514 magis
692 472 807 500 nova
828 468 890 501 est
916 454 1135 514 magisque
1159 453 1297 501 aliena
1319 454 1372 501 ab
1396 454 1460 501 his
1485 453 1699 501 moribus¹
1724 469 1766 502 et
1789 470 2017 502 consuetu-

206 523 308 570 dine
326 524 455 578 vitae‚
472 537 598 569 tanto
617 537 678 569 est
696 522 997 569 admirabilior
1015 536 1227 582 tantoque
1245 523 1454 569 ornatior.
1475 525 1545 569 De
1563 540 1632 570 me
1650 522 1823 570 fatebor
1839 523 1883 570 id
1900 523 2022 584 quod

206 606 282 638 est:
306 609 397 637 non
418 608 598 651 possum
626 608 713 637 esse
735 589 875 646 fortis,
899 608 978 637 nec
998 590 1142 637 solum
1167 608 1258 637 non
1281 590 1485 637 admirari
1506 591 1631 637 istam
1654 590 2017 638 deliberationem

205 674 343 716 tuam,
363 659 439 706 sed
460 660 591 706 etiam
613 677 704 705 non
726 658 851 706 valde
869 659 1037 706 timere.
1058 662 1162 705 Sum
1185 677 1291 706 vero
1310 658 1475 720 aliquot
1497 658 1587 706 dies
1606 660 1877 707 exanimatus
1897 674 2019 707 metu

206 743 247 775 et
269 729 341 774 vix
365 727 481 788 apud
504 745 586 774 me.
611 728 653 774 Si
676 726 893 787 collegero
917 728 1128 783 animum,
1153 728 1318 788 poteris
1342 726 1499 774 habere
1520 728 1711 774 saniores
1734 727 1910 775 litteras.

290 796 546 843 Decemviri
568 795 756 855 collegae
776 796 840 842 tui
862 810 1084 842 oratorem
1105 810 1147 842 te
1166 810 1265 856 post
1288 795 1521 843 discessum
1545 810 1671 843 tuum
1694 796 1748 843 ad
1765 796 2020 857 Neapolita-

206 882 314 911 num
339 868 503 924 Regem
524 878 784 910 statuerunt.
810 863 929 910 Idem
952 864 1056 910 novi
1080 882 1256 924 quoque
1278 864 1531 911 Decemviri
1553 858 1873 912 decreverunt.b
1895 867 2020 912 Puta-

205 932 307 979 bam
331 946 478 979 autem
499 950 624 992 posse
650 931 693 978 id
714 931 809 978 fieri
830 950 853 978 a
872 933 1174 979 Centumviris
1198 931 1469 988 honoratius,
1491 932 1567 979 sed
1587 932 1847 993 quibusdam
1871 933 2021 980 amicis

206 1000 250 1047 id
270 1015 486 1047 attentare
504 1018 597 1046 non
618 1014 679 1046 est
701 1001 857 1056 visum,
881 1001 925 1046 in
948 1018 1138 1060 quorum
1161 1018 1241 1060 ego
1260 1001 1523 1048 sententiam
1543 1000 1666 1048 facile
1686 1002 1879 1048 concessi
1899 1001 2021 1062 quod

206 1070 250 1114 in
269 1083 392 1115 tanta
404 1069 688 1128 suspensione
709 1069 961 1115 animorum
981 1083 1110 1129 atque
1126 1069 1429 1129 expectatione
1446 1087 1591 1116 rerum
1609 1069 1714 1130 quid
1731 1069 1885 1116 melius
1902 1068 2020 1117 factu

204 1137 258 1184 sit
278 1155 370 1183 non
390 1151 452 1183 est
472 1136 596 1183 facile
613 1154 889 1196 cognoscere.
911 1136 1054 1184 Calles
1074 1151 1248 1184 nostros
1270 1155 1427 1193 mores,
1448 1138 1522 1198 qui
1541 1155 1655 1184 nova
1673 1155 1739 1185 res
1756 1138 1952 1198 cupiunt.
1974 1138 2018 1185 Si

205 1206 280 1266 qui
302 1220 403 1252 sunt
429 1205 504 1265 qui
528 1204 592 1252 his
618 1205 801 1252 minime
825 1206 1024 1252 contenti
1046 1206 1147 1261 sint,
1172 1205 1364 1252 oblatam
1389 1206 1665 1253 occasionem
1690 1205 2018 1254 confundenda-

206 1291 304 1320 rum
330 1291 476 1320 rerum
501 1273 625 1320 avide
647 1271 894 1334 arripiunt?-

291 1342 459 1402 Rogavi
477 1359 580 1402 ergo
597 1356 638 1388 et
655 1342 805 1402 scripsi
822 1343 1193 1389 Decemvirorum
1212 1341 1469 1389 mandatum
1487 1360 1619 1403 quam
1634 1343 1761 1403 potui
1781 1342 2018 1403 elegantius

205 1425 246 1458 et
267 1425 314 1458 ut
335 1428 423 1457 esse
446 1411 580 1471 magis
601 1410 765 1457 credidi
786 1411 831 1456 in
852 1428 943 1457 rem
966 1428 1251 1458 communem
1274 1425 1315 1458 et
1335 1411 1540 1458 tuam—si
1560 1409 1765 1472 separari³
1786 1426 1860 1459 tua
1880 1429 1903 1459 a
1922 1429 2018 1459 nos-

204 1494 284 1535 tra,
307 1478 416 1526 idest
437 1497 460 1526 a
479 1478 667 1539 publica,
690 1493 849 1539 potest,
872 1494 919 1526 ut
940 1497 1020 1539 ego
1041 1497 1132 1526 non
1152 1497 1276 1540 posse
1301 1494 1422 1527 certo
1438 1480 1530 1527 scio
1551 1494 1593 1527 et
1610 1498 1707 1527 sum
1729 1494 1876 1541 aperte
1893 1498 2019 1541 saepe

204 1546 476 1594 testificatus.
530 1548 572 1594 Si
601 1562 649 1594 tu
677 1546 915 1603 adfuisses‚⁴
946 1565 1037 1594 non
1069 1548 1126 1594 ita
1153 1548 1197 1593 in
1226 1547 1461 1595 condendo
1490 1547 1765 1595 laborassem.
1798 1549 1884 1595 Cui
1912 1566 2020 1596 vero

205 1617 369 1663 mirum
392 1630 469 1672 est,
489 1616 523 1663 si
545 1616 637 1662 sine
660 1634 762 1662 meo
782 1615 872 1663 sole
896 1615 1166 1672 obcaecatus,
1185 1617 1276 1663 sine
1299 1615 1407 1663 duce
1428 1634 1569 1677 vager,
1591 1631 1632 1664 et
1651 1617 1743 1664 sine
1766 1635 1863 1664 mea
1882 1614 2018 1664 arctu⁵

205 1685 337 1731 etiam
361 1683 615 1744 naufragem
639 1686 655 1730 ?

289 1753 331 1799 Si
349 1753 458 1799 scire
478 1752 585 1812 quid
604 1767 805 1813 expectas
822 1770 845 1799 a
865 1770 934 1799 me
954 1752 1006 1799 de
1026 1752 1152 1799 rebus
1173 1753 1346 1809 nostris,
1369 1754 1565 1800 animum
1588 1754 1632 1799 in
1650 1771 1804 1814 pacem
1824 1753 2020 1801 intende-

205 1835 322 1876 runt,
350 1835 391 1867 et
418 1820 514 1867 fieri
541 1839 636 1867 eam
661 1839 741 1881 per
765 1835 807 1867 te
831 1839 956 1881 posse
986 1820 1249 1868 honoratam
1277 1836 1318 1868 et
1344 1821 1519 1881 dignam
1548 1822 1722 1869 civitate
1743 1836 1915 1882 putant.
1944 1821 2016 1869 Ab

204 1889 329 1935 omni
353 1903 459 1935 nota
478 1907 587 1949 quae
607 1888 674 1935 vel
697 1888 803 1949 quid
822 1890 1058 1936 minimum
1084 1889 1314 1936 obscurare
1336 1890 1561 1950 antiquam
1580 1889 1859 1937 Florentinae
1879 1891 2019 1950 gentis

203 1956 388 2017 gloriam
410 1972 539 2018 queat
556 1957 800 2018 plurimum
825 1957 1076 2004 abhorrent.
1097 1958 1139 2004 Si
1159 1972 1206 2004 tu
1226 1976 1321 2005 eam
1342 1957 1468 2005 nobis
1488 1957 1728 2005 confeceris
1747 1976 1768 2005 e
1785 1959 2016 2015 sententia,

204 2025 364 2072 redibis
386 2040 507 2072 totus
528 2043 681 2072 aureus
702 2026 936 2086 beabisque
958 2044 1049 2072 nos.
1074 2031 1237 2086 Magna
1254 2044 1349 2086 spes
1370 2041 1431 2073 est
1453 2027 1497 2072 in
1518 2041 1593 2073 tua
1611 2026 1845 2087 prudentia
1863 2041 1905 2074 et
1925 2044 2020 2074 auc-

203 2094 395 2139 toritate.

289 2162 417 2221 Regis
437 2179 613 2222 quoque
637 2176 833 2208 mentem
855 2179 946 2208 non
968 2180 1019 2209 ex
1038 2163 1254 2223 praesenti
1277 2180 1422 2209 rerum
1445 2161 1700 2210 conditione
1721 2177 1920 2223 pensant,
1942 2162 2018 2210 sed

201 2229 336 2290 paulo
359 2229 486 2276 altius
510 2248 575 2276 res
597 2230 649 2276 ab
673 2248 726 2277 eo
747 2245 884 2290 gestas
906 2245 947 2277 et
966 2245 1149 2291 paterna
1169 2231 1213 2276 in
1238 2249 1317 2278 nos
1338 2230 1481 2278 studia
1502 2231 1743 2292 meritaque
1766 2245 2005 2278 recensent.

289 2297 415 2357 Quid
444 2298 582 2345 multa
609 2297 795 2345 dixerim
826 2301 842 2345 ?
871 2296 1063 2359 Linguis⁶
1093 2313 1222 2359 atque
1250 2300 1405 2346 animis
1434 2298 1535 2346 huic
1564 2298 1804 2346 fortissimo
1835 2300 2014 2360 incepto

202 2380 282 2412 tuo
299 2365 497 2426 plerique
514 2365 722 2413 favemus.
742 2371 817 2413 Me
832 2366 912 2413 tibi
928 2366 1169 2427 plurimum
1190 2367 1470 2414 commendo.
1491 2367 1610 2414 Vale.
1629 2372 1692 2414 Ex
1708 2367 1931 2415 Florentia
1947 2367 2015 2415 die

142 2452 149 2461 ’
203 2434 573 2494 quinto‹decimo›
596 2435 856 2481 Decembris
884 2433 1022 2482 1479.7

281 3083 297 3108 b
315 3089 401 3126 This
417 3089 583 3127 mandate
602 3090 629 3127 is
646 3089 763 3127 edited
781 3089 910 3134 below,
929 3093 1004 3134 11:73
1023 3089 1175 3127 cf.letter
1191 3093 1244 3127 86.
1263 3089 1339 3127 The
1356 3091 1498 3127 version
1514 3091 1553 3126 in
1569 3089 1720 3127 notarial
1734 3089 1832 3127 form
1850 3090 1878 3127 is
1894 3088 2012 3127 edited

202 3142 240 3178 in
256 3145 433 3185 Lorenzo,
448 3145 587 3186 Letcere,
605 3145 663 3185 IV,
679 3142 909 3190 Append.IV,
927 3145 1072 3186 367-68‚
1089 3142 1159 3180 and
1172 3141 1347 3180 discussed
1363 3156 1414 3179 on
1429 3145 1573 3186 269-70,
1591 3154 1677 3179 note
1692 3145 1723 3179 2.
1739 3143 1804 3179 On
1819 3143 2014 3179 Lorenzo’s

202 3194 283 3231 visit
301 3206 340 3231 to
359 3193 505 3242 Naples,
527 3193 621 3238 ibid„
643 3194 876 3238 introd.note‚
896 3198 1041 3238 249-51‚
1063 3197 1246 3238 Excursus,
1267 3197 1434 3232 391-400.
