2118 3444
117 174 299 207 ESSAYS
1823 163 1912 204 313

117 311 252 373 quod,
280 310 431 358 eadem
458 327 613 357 omnes
639 310 778 370 patria
803 308 1027 370 domoque
1056 323 1184 369 atque
1211 305 1399 356 iisdem⁵⁴
1428 309 1515 355 orti
1540 308 1807 369 parentibus,
1839 309 1918 369 ipsi

116 380 381 427 timerentur
395 393 568 425 tantum
584 392 713 438 atque
728 376 1071 424 exterrificarent
1086 391 1266 433 mentes,
1284 376 1392 424 lares
1407 394 1514 423 vero
1527 391 1804 423 versarentur
1819 394 1919 423 cum

118 446 372 494 hominibus
403 444 481 493 et⁵⁵
507 446 758 493 colerentur
781 446 922 492 sacris.
953 444 1290 506 Responderunt
1319 444 1439 492 lares:
1469 448 1557 491 ‘An
1583 462 1662 491 vos
1691 445 1749 492 ita
1774 445 1920 491 timeri

116 512 278 562 nihili⁵⁶
300 514 511 575 penditis?
534 517 607 560 An
631 514 803 560 nescitis
821 513 1051 574 plerosque
1075 514 1206 559 etiam
1227 512 1412 560 deorum
1436 512 1595 559 referre
1614 530 1709 559 suas
1731 513 1920 573 origines

116 584 162 630 in
184 583 429 630 timorem?'

884 722 950 763 23.
975 716 1153 763 Utilitas

117 824 280 867 Laurus
306 837 407 866 cum
434 833 475 866 et
498 833 709 879 perpetua
734 818 918 865 odorata
941 817 1046 865 folia
1070 833 1111 865 et
1135 817 1298 865 florum
1327 818 1619 878 bacarumque
1643 819 1854 865 virtutem
1879 833 1920 865 et

113 886 491 948 pulchritudinem
522 887 713 942 iactaret,
737 904 907 933 amores
932 900 1156 946 praeterea
1177 885 1397 946 Apollinis
1427 900 1469 933 et
1494 885 1744 946 triumphos
1775 900 1816 933 et
1842 885 1920 933 ful-

115 956 249 1011 mina,
272 972 404 1002 nuces
423 972 619 1001 seorsum
642 969 683 1001 et
703 953 822 1001 oleae
844 968 885 1001 et
903 954 1012 1001 vites
1032 968 1160 1014 atque
1180 971 1329 1001 earum
1348 971 1481 1001 omne
1502 971 1636 1014 genus
1658 971 1767 1014 quae
1784 971 1920 1014 poma

115 1022 275 1070 ferunt:
303 1026 379 1069 ‘At
404 1025 513 1079 nos‚'
544 1023 659 1069 inter
680 1040 723 1069 se
749 1021 1059 1083 gloriabundae
1085 1021 1302 1078 dicebant,
1330 1022 1476 1069 ‘etiam
1499 1022 1628 1069 sacris
1654 1022 1918 1069 intersumus

115 1091 301 1139 deorum
325 1105 367 1138 et
387 1090 587 1138 secundis
610 1091 769 1138 mensis
791 1105 934 1151 gratae
954 1094 1131 1138 sumus.'

774 1231 841 1274 24.
866 1226 1022 1274 Gloria
1043 1219 1259 1274 militarisd

113 1328 385 1389 Triumphus
409 1346 510 1375 cum
531 1328 812 1376 inveheretur
831 1343 959 1389 atque
978 1342 1085 1375 esset
1107 1329 1151 1374 in
1171 1328 1461 1376 admiratione
1482 1329 1684 1375 omnium
1707 1329 1919 1389 gentium,

113 1396 275 1457 gloriae
291 1396 529 1457 cupiditate
543 1397 589 1443 in
606 1414 783 1443 currum
801 1396 928 1443 multi
945 1396 1288 1444 conscenderant
1304 1411 1352 1444 ut
1367 1411 1679 1458 spectarentur.
1698 1397 1918 1458 Imprimis

114 1480 262 1512 autem
280 1466 393 1512 vires
413 1480 542 1525 atque
560 1466 696 1512 animi
716 1466 1002 1512 constiterant
1021 1465 1313 1525 sudoremque
1336 1479 1378 1512 et
1395 1465 1576 1512 vulnera
1595 1466 1710 1512 inter
1728 1464 1861 1512 fortia
1879 1480 1920 1512 et

114 1533 310 1579 victricia
328 1550 449 1579 arma
468 1547 749 1579 ostentantes.
771 1535 891 1579 Pone
912 1547 1023 1579 artes
1041 1547 1162 1579 erant
1182 1547 1311 1593 atque
1331 1532 1566 1579 industriae
1588 1551 1742 1579 omnes
1764 1532 1918 1580 milita-

116 1618 194 1657 res,
220 1618 329 1661 quae
354 1601 433 1647 etsi
456 1600 589 1647 latere
614 1614 796 1647 cunctos
820 1618 993 1661 semper
1015 1600 1327 1647 studiosissime
1356 1600 1457 1647 dare
1481 1618 1660 1661 operam
1688 1618 1921 1648 consueve-

115 1666 254 1724 rint‚⁵⁷
279 1668 366 1715 illic
389 1682 538 1715 tamen
561 1668 784 1715 certabant
806 1683 854 1715 ut
878 1669 1246 1729 conspicerentur.
1273 1668 1455 1716 Insidiae
1479 1687 1655 1729 quoque
1679 1668 1857 1716 aderant
1880 1683 1922 1716 et

113 1736 414 1784 simulationes
436 1735 887 1797 dissimulationesque
910 1751 951 1783 et
970 1735 1180 1797 figmenta
1196 1737 1414 1784 variarum
1434 1755 1580 1784 rerum
1599 1736 1915 1798 multiplicibus

115 1804 269 1852 induta
295 1802 608 1865 tegumentis,⁵⁸
638 1823 662 1852 a
688 1804 844 1866 quibus
874 1804 1051 1866 quidem
1079 1805 1157 1852 etsi
1185 1805 1469 1852 abhorrentes
1499 1806 1634 1853 animi
1662 1823 1750 1853 esse
1776 1805 1919 1853 solent

114 1888 156 1921 et
183 1874 475 1934 ignominiose
505 1873 673 1934 degere,
698 1888 846 1920 tamen
871 1873 1126 1921 viderentur
1148 1892 1278 1934 super
1303 1892 1480 1921 currum
1509 1873 1658 1921 haberi
1684 1875 1729 1920 in
1756 1873 1920 1921 deliciis

115 1959 195 1989 nec
210 1942 302 1988 sine
321 1959 397 1988 sua
415 1941 541 1988 laude
558 1956 870 2002 spectarentur.
890 1941 1086 1988 Multum
1105 1943 1232 2002 spatii
1251 1960 1370 1989 casus
1389 1960 1564 2003 quoque
1584 1943 1630 1988 in
1650 1960 1779 1989 curru
1799 1960 1924 1989 occu-

111 2024 322 2070 paverant
341 2024 485 2070 atque,
505 2024 553 2056 ut
572 2024 673 2056 sunt
694 2009 755 2056 illi
776 2009 953 2070 quidem
971 2009 1299 2070 petulantiores,
1319 2011 1462 2057 varios
1482 2010 1756 2057 multitudini
1777 2025 1918 2057 osten-

113 2077 275 2124 debant
293 2077 451 2124 vultus.
471 2082 628 2124 Fatum
648 2078 826 2125 tandem
845 2092 886 2125 et
905 2079 1061 2139 ipsum,
1083 2078 1203 2139 quod
1222 2078 1364 2126 multo
1384 2096 1516 2139 quam
1534 2093 1677 2126 cetera
1690 2080 1917 2140 potentius

115 2145 264 2192 haberi
279 2145 399 2202 velit,
417 2163 572 2192 omnes
588 2164 688 2192 suos
708 2161 890 2193 conatus
908 2146 1161 2193 intendebat
1177 2162 1225 2193 ut
1241 2161 1538 2207 spectatorum
1559 2147 1603 2193 in
1619 2165 1663 2194 se
1680 2147 1832 2194 oculos
1852 2147 1921 2194 ad-

114 2214 483 2274 mirationemque
507 2229 796 2261 converteret.
819 2214 1068 2261 Consilium
1093 2232 1209 2275 ergo,
1234 2214 1354 2275 quod
1375 2215 1656 2262 excelsiorem
1678 2215 1827 2262 locum
1850 2233 1918 2262 oc-

113 2295 361 2341 cupaverat,
391 2282 595 2337 maxima,
624 2296 666 2328 et
692 2299 801 2342 quae
828 2280 1057 2342 undique⁵⁹
1085 2282 1137 2328 ab
1165 2282 1371 2329 omnibus
1402 2282 1595 2329 exaudiri
1622 2301 1730 2329 voce
1756 2298 1917 2343 posset,

114 2349 322 2395 intonuit:
350 2352 493 2395 ‘Meus
515 2363 663 2395 tamen
686 2363 747 2396 est
770 2349 1030 2410 triumphus.
1058 2353 1133 2396 Me
1153 2364 1357 2410 spectate,
1379 2368 1407 2396 o
1430 2350 1664 2397 mortales.’

912 2489 978 2531 25.
1002 2485 1121 2532 Salus

114 2589 177 2632 Ex
196 2588 384 2633 Terrore
406 2587 590 2646 coniuge
612 2604 713 2633 cum
734 2586 983 2647 Diffugium
1008 2588 1180 2647 Ignavia
1198 2588 1447 2648 peperisset,
1468 2589 1616 2635 statim
1636 2585 1718 2635 ut⁶⁰
1741 2589 1785 2634 in
1809 2588 1920 2636 hanc

113 2653 256 2701 lucem
274 2655 410 2710 venit,
424 2669 658 2714 parentum
676 2656 857 2702 monitis
874 2656 1084 2716 quaesivit
1100 2655 1296 2703 latebras.
1314 2656 1558 2703 Audierant
1574 2657 1692 2703 enim
1711 2657 1756 2703 in
1775 2656 1839 2703 his
1854 2660 1921 2704 Sa-

113 2721 251 2768 lutem
281 2721 489 2778 habitare,
517 2740 649 2783 quam
675 2722 844 2783 perdite
869 2723 1058 2770 amando
1086 2738 1210 2771 natus
1238 2724 1290 2771 ab
1318 2725 1495 2771 ineunte
1523 2739 1661 2771 aetate
1685 2724 1914 2785 deperiret.

115 2790 276 2849 Insigni
303 2789 374 2836 illa
398 2804 488 2837 erat
511 2790 656 2850 puella
680 2790 1021 2851 pulchritudine,
1050 2788 1238 2852 utpote⁶l
1266 2809 1397 2852 quam
1423 2793 1630 2852 Iuppiter,
1659 2792 1818 2839 nobilis
1847 2792 1916 2839 ille

115 2856 285 2917 figulus,
310 2856 504 2905 finxisset
525 2859 611 2905 suis
636 2858 836 2905 manibus
859 2859 1127 2920 misissetque
1152 2860 1195 2905 in
1217 2874 1351 2906 terras
1369 2877 1418 2906 ea
1435 2861 1736 2920 praerogativa
1756 2861 1917 2907 amoris

114 2939 162 2972 ut
187 2942 211 2972 a
234 2925 373 2972 brutis
398 2943 574 2986 quoque
601 2940 642 2973 et
664 2926 824 2986 plantis
849 2941 977 2987 atque
1001 2927 1054 2974 ab
1079 2927 1298 2983 omnibus,
1327 2945 1601 2988 quacumque
1627 2927 1806 2975 tandem
1831 2929 1921 2975 vita

194 3165 210 3190 ‘¹
229 3170 290 3209 Ed.
311 3171 381 3209 and
398 3171 519 3209 transl.
539 3173 614 3216 Par,
636 3175 778 3210 120-21.
