2124 3458
209 171 298 212 392
1819 179 1957 213 PART
1982 180 2013 213 V

209 313 446 376 mosqueff'2
490 316 780 362 circumvenit
819 329 947 376 atque
987 333 1166 376 operam
1206 314 1449 363 frustratur.
1489 317 1589 363 Nisi
1627 330 1669 364 te
1708 314 1917 364 manus¹⁵³
1958 316 2018 365 di·

208 385 310 431 vina
331 384 503 439 texerit,
524 384 597 429 vix
617 384 784 444 poteris
805 401 974 430 servare
994 381 1245 430 salutem.¹⁵⁴

753 527 1049 565 APPENDIX
1072 529 1089 565 1
1117 529 1202 566 ‹99›
1228 526 1475 566 Concordia

291 623 376 668 Mo,
396 619 480 660 fols.
501 622 678 660 29v-30r.
698 618 810 659 Draft
829 619 880 671 by
898 619 1024 659 Scribe
1042 622 1091 667 A,
1114 623 1203 660 1482
1223 621 1238 660 ?
1259 619 1405 672 (copied
1426 619 1596 660 between
1614 619 1739 661 letters
1758 620 1867 661 dated
1887 624 1934 661 20

291 679 385 728 May
405 675 478 716 and
497 679 541 716 28
559 675 647 727 July
672 675 790 727 1482).
810 678 895 716 Not
916 675 1090 716 included
1111 676 1151 715 in
1170 676 1224 724 Bi,
1245 675 1313 716 but
1334 676 1361 716 it
1380 677 1409 716 is
1429 675 1596 728 possibly
1618 692 1692 717 one
1711 676 1755 717 of
1771 676 1836 717 the
1853 690 1932 717 two

293 733 447 784 missing
470 731 684 784 apologues.

209 859 453 919 Ingenium,
481 873 529 906 ut
553 859 635 905 viri
659 858 837 919 quidam
862 858 982 905 docti
1005 858 1197 915 tradunt,
1223 858 1327 906 duas
1351 873 1501 906 nactus
1524 873 1585 906 est
1610 858 1834 920 quondam
1859 877 2017 907 uxores

208 942 338 988 atque
353 945 405 974 ex
421 931 576 983 Manu,
595 926 729 974 altera
741 945 892 983 uxore,
909 926 1119 987 produxit
1136 931 1307 983 Artem,
1325 945 1456 988 quam
1472 928 1631 974 Graeci
1644 942 1805 975 vocant
1820 932 2014 984 τέχνην.

207 1000 271 1042 Ex
289 995 437 1051 altera,
454 1013 575 1051 vero,
593 995 701 1042 idest
721 995 1014 1055 Ignoratione,
1032 999 1289 1051 Fortunam,
1309 1013 1440 1056 quam
1458 995 1518 1041 illi
1537 995 1688 1042 dicunt
1705 1000 1874 1052 τύχην.
1896 999 2015 1043 Cum

208 1063 499 1111 adolevissent
525 1063 677 1110 ambae
703 1078 745 1110 et
767 1063 985 1123 pollerent
1010 1063 1162 1110 ambae
1188 1062 1344 1119 forma,
1370 1078 1467 1110 orta
1490 1078 1551 1110 est
1576 1064 1691 1110 inter
1714 1081 1796 1120 eas,
1820 1078 1868 1111 ut
1893 1063 1945 1111 fit
1968 1082 2021 1111 ex

207 1132 364 1192 specie,
397 1131 637 1187 altercatio,
669 1149 769 1178 cum
800 1131 882 1178 sibi
913 1145 1096 1191 utraque
1126 1132 1289 1191 primas
1320 1132 1364 1177 in
1395 1131 1722 1191 pulchritudine
1753 1131 2017 1179 vendicaret.

208 1203 337 1247 Pater
368 1200 500 1260 igitur
535 1199 615 1246 illis
650 1198 704 1246 ad
734 1217 777 1246 se
810 1200 989 1255 vocatis,
1024 1199 1282 1246 auctoritate
1315 1217 1363 1246 ac
1395 1200 1563 1246 ratione
1594 1200 1778 1260 pervicit
1811 1214 1859 1247 ut
1894 1213 2019 1247 natae

209 1267 395 1315 modum
416 1268 697 1314 contentioni
716 1267 921 1314 facerent.
941 1267 1108 1326 ‘Quid,'
1130 1268 1287 1327 inquit,
1307 1271 1405 1314 ‘Ars
1424 1267 1527 1323 filia,
1546 1285 1694 1314 nonne
1714 1267 1834 1314 vides
1851 1282 2019 1328 quanto

209 1335 517 1383 emolumento
538 1353 586 1382 ac
603 1335 751 1382 decori
770 1353 857 1382 esse
874 1339 1071 1382 Fortuna
1086 1336 1222 1396 possit
1245 1335 1371 1382 rebus
1389 1336 1487 1392 tuis,
1506 1336 1541 1382 si
1559 1350 1601 1382 te
1618 1336 1827 1382 amaverit
1844 1353 1893 1382 ac
1908 1334 2021 1383 fave-

209 1405 263 1451 rit
285 1404 509 1451 laboribus
534 1406 550 1450 ?
572 1406 655 1460 Tu,
677 1422 798 1460 vero,
820 1403 1031 1464 intelligas
1052 1408 1247 1450 Fortuna
1269 1418 1461 1464 oportet,
1484 1404 1565 1450 nisi
1584 1404 1747 1451 sororis
1770 1403 1897 1451 huius
1920 1418 2019 1451 tuae

208 1471 420 1519 beneficio
440 1490 602 1519 servare
624 1468 713 1519 te¹⁵⁵
734 1486 853 1518 tuam
876 1471 1121 1532 dignitatem
1145 1471 1262 1518 nullo
1282 1486 1410 1532 pacto
1430 1489 1566 1532 posse,
1588 1489 1724 1532 neque
1747 1471 1898 1518 habere
1917 1489 2033 1532 prae-

208 1555 322 1588 terea
339 1558 520 1601 usquam
544 1557 720 1596 numen,
740 1540 773 1587 si
793 1540 879 1587 eius
900 1535 1122 1600 operam¹⁵⁶
1141 1538 1359 1600 effugeris?
1382 1543 1442 1587 Ita
1461 1540 1570 1586 inter
1588 1557 1629 1586 se
1647 1553 1768 1600 pater
1787 1538 2025 1589 conciliavit

209 1624 337 1666 natas;
367 1627 414 1656 ac
443 1608 594 1656 deinde
624 1608 744 1669 quod
773 1623 812 1655 et
842 1608 1044 1669 Agathon
1070 1623 1200 1669 poeta
1225 1609 1398 1669 scripsit,
1430 1611 1524 1655 ‘Ars
1553 1607 1694 1655 dilexit
1723 1612 1959 1655 Fortunam
1989 1622 2030 1656 et

207 1682 400 1725 Fortuna
420 1681 601 1724 Artem.'
623 1680 746 1724 Pater
766 1692 875 1724 certe
897 1677 1027 1737 magis
1046 1676 1177 1724 laetus
1197 1691 1255 1724 est
1277 1678 1383 1724 natis
1403 1676 1698 1724 concordibus.

767 1822 1063 1860 APPENDIX
1083 1823 1106 1859 2
1131 1823 1245 1860 ‹100›
1267 1819 1462 1860 Mundus

1044 1891 1188 1937 [1489]

294 1985 390 2035 Cap,
414 1982 480 2023 fol.
507 1986 631 2030 l7r-v3
653 1995 694 2022 to
720 1982 915 2022 Giovanni
936 1982 1024 2022 Pico
1049 1981 1143 2022 della
1164 1981 1391 2029 Mirandola,
1415 1981 1586 2022 between
1608 1981 1733 2022 letters
1756 1980 1865 2022 dated
1888 1984 1936 2022 20

292 2038 514 2092 September
535 2038 608 2079 and
627 2042 673 2078 27
695 2038 869 2078 October
890 2041 993 2078 1489.

208 2177 572 2237 Peregrinabatur
586 2176 694 2223 olim
711 2176 908 2223 Mundus
923 2176 1224 2237 excitabatque
1237 2194 1517 2236 quocumque
1532 2175 1756 2223 adveniret
1771 2174 1825 2223 ad
1836 2174 2018 2222 admira-

208 2246 379 2292 tionem
420 2263 575 2291 omnes
615 2259 776 2305 gentes.
815 2244 902 2300 Sol,
943 2244 1070 2291 lunae
1110 2259 1151 2291 et
1187 2244 1333 2291 stellae
1371 2241 1655 2304 stuporem¹⁵'7
1694 2244 1826 2290 etiam
1866 2243 2018 2290 horro-

209 2331 390 2374 remque
430 2314 475 2358 in
515 2313 685 2359 animos
726 2310 1058 2359 inducebant.¹⁵⁸
1100 2316 1192 2373 Ipse
1230 2312 1325 2372 quis
1364 2326 1471 2359 esset
1509 2312 1690 2358 minime
1730 2310 2016 2372 aperiebatur:

208 2396 417 2428 ornatum
438 2381 576 2428 modo
595 2395 819 2428 ostentans
836 2398 964 2428 suum
985 2380 1245 2436 inauditum,
1266 2398 1448 2436 novum,
1468 2379 1586 2427 nulla
1604 2379 1817 2427 industrIa
1833 2378 2019 2426 imitabi-

208 2450 310 2506 lem,
335 2464 519 2496 cunctos
542 2450 587 2495 in
608 2450 673 2496 sui
697 2449 990 2509 cognoscendi
1012 2448 1206 2496 studium
1231 2448 1436 2495 mortales
1456 2447 1748 2509 pertrahebat.
1772 2451 1839 2495 Ac
1861 2447 2021 2495 Graeci

209 2519 296 2565 iam
322 2532 451 2579 atque
475 2517 656 2574 Arabes,
682 2517 954 2578 Chaldeique
980 2517 1187 2578 Aegyptii
1212 2517 1317 2564 item
1343 2531 1384 2563 et
1407 2516 1612 2572 HebraeI,
1638 2533 1791 2563 omnes
1816 2516 2015 2563 nationes

210 2586 318 2632 nihil
338 2586 625 2647 exquirebant
643 2586 867 2642 curiosius,
889 2600 930 2632 et
947 2585 1125 2646 quidam
1142 2585 1361 2632 accessisse
1379 2584 1432 2632 ad
1445 2585 1675 2631 veritatem
1689 2584 1870 2645 propius
1889 2583 2016 2644 glori-

209 2655 408 2701 abantur.
436 2654 519 2701 Sed
544 2654 744 2700 involuta
770 2668 811 2700 et
833 2653 1099 2714 perobscura
1124 2667 1226 2700 erat.
1250 2653 1382 2700 Venit
1407 2652 1586 2699 tandem
1611 2651 1846 2712 aliquando
1872 2652 1917 2697 in
1943 2655 2021 2698 Ita-

209 2722 312 2770 liam
334 2722 600 2782 divertitque
618 2721 734 2782 apud
751 2721 1042 2782 Heptaplum⁶
1063 2721 1296 2781 hospitem;
1317 2735 1528 2781 tantoque
1548 2734 1610 2767 est
1628 2734 1829 2780 acceptus
1847 2718 2017 2766 honore

290 2984 302 2998 e
316 2979 512 3027 Heptaplus,
531 2980 614 3016 Pico
628 2978 720 3016 della
733 2978 966 3016 Mirandola's
979 2979 1185 3026 exposition
1197 2991 1249 3015 on
1260 2977 1323 3015 the
1334 2991 1443 3015 seven
1455 2976 1540 3025 days
1555 2976 1596 3014 of
1607 2977 1777 3020 creation,
1791 2989 1862 3013 was
1876 2974 2023 3024 printed

209 3032 280 3070 and
292 3031 477 3070 dedicated
489 3044 529 3069 to
546 3035 710 3069 Lorenzo
724 3031 780 3069 de'
795 3031 928 3068 Medici
941 3032 980 3067 in
996 3034 1093 3068 1489.
1111 3030 1315 3078 According
1327 3042 1367 3068 to
1383 3029 1562 3067 Lionardo
1576 3028 1729 3073 Salviati,
1744 3029 1828 3066 Pico
1841 3027 2021 3066 delivered

209 3098 255 3122 an
274 3085 421 3121 oration
437 3097 489 3121 on
506 3082 706 3131 friendship
726 3084 765 3119 in
783 3082 907 3120 Scala's
926 3082 1057 3131 garden
1075 3083 1115 3119 in
1134 3085 1249 3130 Borgo
1270 3082 1376 3126 Pinti,
1392 3095 1448 3119 see
1470 3080 1555 3119 G.di
1572 3079 1719 3129 Napoli,
1742 3082 1923 3118 Giovanni
1939 3081 2020 3117 Pico

208 3135 298 3174 della
317 3135 516 3173 Mirandola
537 3149 554 3173 e
574 3135 608 3173 la
625 3135 871 3184 problematica
890 3134 1077 3172 dotcrinale
1096 3134 1153 3172 del
1168 3148 1228 3171 suo
1253 3144 1372 3182 tempo,
1396 3136 1522 3177 Rome,
1549 3136 1646 3176 1965,
1670 3135 1747 3176 226,
1769 3131 1813 3169 cf.
1836 3130 2017 3169 Lionardo

209 3187 767 3236 Salviati,D1aloghid’amic2·2m,
791 3189 910 3235 Opere,
929 3186 1054 3230 Milan,
1076 3189 1174 3230 1809,
1195 3189 1219 3230 1,
1238 3189 1292 3223 27.
