2124 3464
182 190 237 231 68
1813 196 1951 229 PART
1976 197 1990 229 1

182 350 301 383 tucte
329 349 479 396 queste
506 335 625 395 genti
653 333 819 381 d'arme
847 348 888 381 et
915 333 1112 390 fanterie,
1140 348 1180 381 et
1208 333 1235 380 il
1264 334 1420 394 Signor
1446 333 1657 381 Deifebo²
1681 333 1818 381 s'avio
1847 335 1993 381 inanzi

181 422 309 451 verso
333 407 369 450 e'
393 403 545 450 nimici
567 417 608 450 et
627 402 786 463 gl’altri
807 402 844 449 el
864 403 1245 462 seguitorono—in
1269 401 1408 449 verita
1424 402 1625 463 parechie
1645 402 1829 463 squadre
1851 402 1994 450 molto

181 472 293 519 belle
316 486 358 519 et
381 472 486 518 assai
508 470 621 518 bella
643 470 841 527 fanteria,
863 470 995 518 credo
1018 474 1198 517 v'erano
1220 470 1395 518 almeno
1419 470 1609 517 mille—e
1631 471 1811 531 posonsi
1836 469 1932 531 per¹
1955 470 1996 518 la

181 541 251 587 via
273 540 338 587 fra
358 543 394 587 e'
418 540 569 586 nimici
594 554 635 586 et
655 553 807 599 questa
826 553 941 586 terra
962 540 1005 585 in
1026 538 1160 599 luogo
1183 553 1224 586 et
1246 539 1291 585 in
1313 538 1451 586 modo
1472 538 1527 586 da
1544 539 1709 599 potersi
1731 557 1754 586 a
1772 557 1834 586 un
1855 553 1998 586 tracto

181 622 470 669 apresentare.
499 612 577 655 Ma
601 610 637 654 e'
668 608 819 654 nimici
847 606 900 654 ne
928 606 1046 654 anno
1075 606 1178 654 dato
1204 606 1405 668 battagla‚
1432 606 1486 654 ne
1511 625 1623 654 sono
1653 607 1840 668 oggimai
1867 607 1995 655 usciti

181 676 292 724 delle
313 674 503 732 ostarie2‚
527 690 568 723 et
589 694 668 736 per
687 675 940 736 qualchuno
962 675 1041 722 che
1062 676 1186 722 viene
1208 675 1262 723 da
1280 675 1392 732 loro,
1416 690 1575 723 stanno
1597 693 1682 722 con
1702 675 1991 736 grandissimo

179 759 384 805 sospecto
406 759 448 792 et
468 759 589 791 tucta
609 759 760 804 questa
781 758 910 791 nocte
930 758 1097 804 passata
1119 758 1160 791 et
1180 745 1277 804 oggi
1299 762 1411 791 sono
1433 745 1533 791 stati
1552 745 1720 791 armati.
1743 744 1993 791 Solamente

181 813 300 860 anno
320 827 464 859 tracto
482 812 599 872 colpi
621 813 735 859 circa
751 817 806 859 40
825 811 935 858 colle
955 811 1210 858 bombarde.
1232 815 1280 858 E'
1304 811 1540 871 Colligiani
1560 826 1719 859 stasera
1736 811 1854 858 anno
1875 811 1994 859 facto

181 899 325 928 cenno
352 880 514 940 allegro
540 895 581 927 et
605 879 809 940 gaglardo
832 879 1027 927 secondo
1053 879 1192 927 l'altre
1215 897 1320 936 sere,
1347 894 1389 927 et
1411 879 1486 926 s'el
1513 897 1671 940 campo
1697 894 1851 927 nostro
1878 878 1990 927 fusse

181 950 270 1010 qui,
298 966 428 996 sanza
454 948 591 995 dubio
617 949 651 995 si
681 947 856 995 farebbe
884 949 1024 1009 questi
1050 949 1189 995 nostri
1218 949 1368 995 nimici
1396 947 1481 995 mal
1508 949 1721 1004 contenti,
1748 962 1789 995 et
1815 949 1861 994 in
1889 949 1993 1009 ogni

181 1017 320 1064 modo
340 1017 560 1077 speriamo
581 1017 626 1062 in
647 1034 782 1063 messe
803 1016 1088 1063 Domenedio
1109 1031 1150 1063 et
1168 1016 1281 1063 nella
1300 1031 1448 1063 nostra
1467 1017 1605 1076 giusta
1624 1015 1759 1063 difesa
1777 1015 1856 1063 che
1875 1033 1995 1077 ques-

180 1100 229 1133 to
251 1085 415 1133 effecto
434 1085 613 1146 seguira.

265 1154 532 1201 Domattina
547 1154 769 1201 avieremo
784 1153 863 1200 alle
879 1154 1075 1214 Signorie
1091 1158 1249 1200 Vostre
1267 1168 1421 1214 questo
1437 1154 1593 1214 Signor
1608 1153 1762 1200 Giulio
1778 1153 1891 1214 degli
1907 1156 1992 1200 Or·

179 1224 262 1270 sini
284 1223 510 1284 pregione,
530 1221 692 1283 perche
715 1240 806 1269 non
829 1223 863 1269 si
885 1221 976 1283 puo
999 1222 1170 1269 tenerlo
1192 1240 1276 1283 qua
1296 1240 1425 1270 sanza
1442 1221 1640 1283 pericolo
1663 1221 1707 1269 di
1727 1221 1910 1283 qualche
1933 1222 1993 1268 in-

180 1292 487 1339 conveniente.
518 1290 701 1338 Darello
729 1309 753 1338 a
781 1290 998 1338 condurre
1026 1309 1049 1338 a
1077 1290 1256 1338 Andrea
1282 1291 1462 1338 Vectori
1490 1309 1575 1338 con
1604 1291 1753 1338 buona
1781 1305 1927 1338 scorta
1953 1305 1994 1338 et

179 1359 305 1407 verra
324 1378 486 1407 ancora
506 1359 542 1406 el
564 1359 807 1406 Malavolta
822 1359 932 1415 solo,
956 1359 993 1406 al
1016 1359 1140 1420 quale
1162 1360 1199 1406 ci
1221 1359 1242 1406 ὲ
1261 1374 1421 1420 paruto
1441 1358 1507 1406 far
1525 1373 1647 1406 tanta
1664 1359 1813 1406 buona
1835 1358 1994 1406 dimos-

179 1429 371 1476 tratione
397 1428 609 1484 d’amore,
638 1427 717 1475 che
743 1446 835 1475 non
859 1446 939 1488 par
963 1427 1042 1475 che
1068 1428 1194 1475 abbia
1218 1442 1391 1475 temuto
1417 1427 1461 1475 di
1486 1427 1616 1484 nulla,
1643 1446 1671 1475 o
1697 1427 1776 1475 che
1800 1445 1909 1488 pure
1934 1428 1996 1475 sia

181 1498 432 1544 innocente.
456 1496 558 1544 Sara
577 1496 710 1552 costa,
733 1511 774 1543 et
795 1496 836 1543 13
854 1497 1052 1557 Signoria
1073 1501 1233 1543 Vostra
1255 1514 1308 1543 ne
1327 1496 1491 1557 piglera
1512 1496 1655 1557 quella
1674 1496 1991 1557 sapientissima

180 1565 497 1612 deliberatione
523 1564 602 1611 che
626 1564 683 1624 gli
707 1564 847 1625 parra.
873 1569 926 1611 Et
950 1565 1026 1625 poi
1053 1564 1196 1611 drieto
1220 1564 1506 1611 manderemo
1532 1582 1692 1611 ancora
1717 1563 1864 1624 quello
1888 1564 1994 1611 vivo

180 1633 259 1680 che
292 1633 556 1689 reserbamo,
585 1632 761 1693 perche,
791 1632 999 1688 volendo,
1028 1633 1215 1693 possiate
1247 1633 1465 1679 rinvenire
1494 1646 1649 1693 questo
1678 1650 1800 1679 veco.
1831 1636 1885 1679 Et
1911 1649 1992 1693 per

180 1716 332 1762 questa
361 1702 541 1761 cagione
571 1701 667 1748 solo
699 1700 938 1748 l'abbiamo
971 1700 1182 1748 riserbato
1212 1702 1329 1757 vivo,
1362 1718 1453 1747 non
1482 1700 1643 1761 perche
1674 1718 1766 1747 non
1795 1701 1992 1761 sapiamo

180 1770 402 1816 meritasse
421 1769 569 1830 quello
590 1768 669 1816 che
687 1768 845 1816 l'altro.
869 1759 968 1816 sicci
986 1783 1146 1829 paruto
1164 1783 1348 1816 tractare
1365 1783 1516 1829 questa
1533 1786 1632 1816 cosa
1650 1768 1927 1816 dolcemente
1947 1769 1993 1815 in

179 1852 336 1899 questo
358 1837 496 1885 modo
514 1837 676 1898 perche
696 1855 788 1884 non
809 1855 951 1884 avesse
973 1855 996 1885 a
1013 1838 1178 1898 seguire
1199 1838 1273 1898 qui
1293 1837 1475 1898 qualche
1496 1837 1608 1884 altro
1628 1837 1819 1898 magiore
1841 1837 1990 1884 incon-

178 1907 397 1953 veniente.
419 1906 714 1953 Manderemo
733 1920 884 1967 questa
903 1906 1048 1953 inanzi
1070 1924 1093 1953 a
1111 1905 1291 1953 Andrea
1308 1906 1489 1953 Vectori
1505 1905 1666 1967 perche
1683 1906 1871 1967 possiate
1893 1905 1994 1953 deli-

178 1975 329 2022 berare
354 1974 502 2035 quello
526 1974 671 2021 volete
694 1975 728 2021 si
754 1974 861 2021 sacci
883 1974 993 2022 costi
1016 1974 1084 2022 del
1106 1975 1315 2035 pregione
1341 1989 1381 2022 et
1403 1974 1515 2021 dove
1540 1974 1707 2035 alloggi.
1735 1977 1916 2021 Doman
1941 1973 1995 2021 da

177 2061 271 2090 sera
295 2042 409 2090 stara
434 2061 456 2090 a
480 2047 564 2090 San
591 2043 820 2090 Casciano.
848 2046 899 2090 Se
925 2044 968 2089 vi
991 2042 1130 2103 parra,
1159 2061 1211 2090 ne
1236 2057 1409 2103 potrete
1436 2043 1597 2090 avisare
1623 2046 1660 2090 e’
1687 2043 1986 2090 commissarii.

177 2116 288 2158 Non
310 2111 547 2158 habbiamo
567 2112 612 2157 in
630 2126 781 2172 questa
796 2126 919 2172 parte
935 2126 1156 2172 aspectato
1170 2111 1210 2158 la
1228 2112 1411 2172 risposta
1427 2125 1574 2158 vostra
1589 2129 1669 2172 per
1684 2110 1820 2171 fugire
1838 2111 1987 2157 incon-

178 2181 397 2235 veniente,
429 2179 631 2227 neancho
661 2179 883 2226 crediamo
914 2194 1064 2240 questa
1093 2179 1406 2226 deliberatione
1437 2194 1586 2226 nostra
1616 2179 1773 2226 habbia
1804 2196 1827 2226 a
1856 2196 1992 2226 essere

178 2262 334 2294 contra
356 2247 510 2294 alcuna
532 2248 779 2294 intentione
802 2247 914 2294 della
932 2252 1092 2295 Vostra
1113 2248 1321 2308 Signoria.

264 2317 380 2375 Oggi
402 2333 494 2362 non
515 2317 553 2362 ci
573 2315 594 2362 ὲ
614 2333 744 2375 parso
765 2315 971 2362 mandare
990 2330 1133 2362 scorta
1150 2333 1229 2375 per
1246 2315 1284 2362 le
1303 2315 1443 2371 biade,
1463 2333 1589 2362 come
1609 2315 1663 2361 da
1680 2314 1874 2362 Castello
1893 2315 1989 2361 Fio-

179 2384 356 2430 rentino
377 2397 573 2430 stamane
594 2384 799 2430 Antonio
821 2377 969 2430 Puccib
991 2401 1044 2430 ne
1066 2384 1217 2439 scrive,
1236 2401 1316 2443 per
1335 2401 1426 2430 non
1449 2382 1691 2429 indebolire
1714 2382 1750 2429 el
1774 2381 1923 2429 favore
1944 2381 1989 2429 di

178 2451 306 2498 Colle
338 2466 494 2511 questo
522 2451 565 2497 di
595 2451 706 2498 della
731 2451 947 2511 battaglia.
976 2451 1268 2498 Manderemo
1297 2450 1556 2507 domattina,
1582 2449 1743 2511 perche
1772 2468 1819 2497 ce
1846 2449 1916 2497 n’e
1944 2449 1988 2497 di

177 2519 364 2579 bisogno
396 2533 437 2566 et
464 2519 687 2566 crediamo
711 2537 899 2566 saranno
928 2518 1144 2566 condocte
1171 2537 1194 2566 a
1221 2519 1464 2575 Gambassi,
1491 2518 1651 2579 perche
1679 2517 1769 2565 cosi
1794 2532 1989 2565 stamane

176 2588 444 2634 scrivemmo
470 2605 493 2634 a
516 2588 720 2634 Antonio
746 2588 875 2634 Pucci
901 2587 980 2634 che
1004 2586 1174 2643 facesse,
1201 2586 1405 2647 dandogli
1430 2604 1590 2634 ancora
1612 2587 1770 2633 notitia
1794 2585 1906 2633 della
1927 2603 1990 2633 ca-

176 2656 306 2716 gione
327 2655 488 2716 perche
513 2673 604 2702 non
628 2655 921 2702 mandavamo
944 2655 984 2702 la
1002 2670 1146 2702 scorta
1167 2656 1276 2716 oggi.
1302 2659 1355 2702 Et
1378 2655 1582 2702 abbiamo
1603 2672 1732 2716 preso
1752 2655 1923 2715 piacere
1944 2653 1989 2701 di

177 2724 234 2771 tal
256 2723 614 2784 provedimento,
634 2723 795 2784 perche
818 2723 1044 2771 tochiamo
1066 2742 1151 2771 con
1175 2742 1307 2771 mano
1331 2723 1409 2771 che
1433 2741 1524 2770 non
1545 2723 1689 2770 volete
1712 2723 1786 2783 qui
1808 2722 1985 2770 manchi

177 2810 276 2839 cose
299 2792 467 2848 alcune,
490 2810 616 2839 come
640 2793 678 2839 ci
700 2807 822 2839 avete
842 2793 1019 2852 scripto.

258 3001 269 3015 ²
287 2995 460 3039 Deifobo,
482 2998 608 3033 Count
626 2995 667 3033 of
683 2995 901 3043 Anguillara‚
921 2999 1096 3039 Lorenzo,
1115 2999 1252 3039 Lettere,
1272 2998 1330 3039 IV,
1351 2998 1405 3039 62,
1424 3007 1510 3032 note
1529 2999 1560 3032 5.

257 3047 272 3071 b
291 3054 499 3091 Florentine
517 3055 749 3102 commissary
770 3066 804 3091 at
824 3053 1152 3091 Castelfiorentino.
1174 3056 1238 3091 On
1255 3053 1316 3091 the
1333 3067 1427 3091 same
1446 3053 1515 3101 day
1533 3052 1596 3090 the
1615 3053 1718 3090 Dieci
1735 3064 1850 3090 wrote
1866 3064 1906 3090 to
1925 3051 1988 3089 the

178 3107 424 3154 Commissary
443 3106 613 3143 Generals
625 3105 703 3143 that
716 3107 883 3143 Antonio
897 3107 1002 3143 Pucci
1015 3105 1085 3143 had
1097 3106 1188 3143 been
1199 3117 1277 3143 sent
1290 3117 1330 3143 to
1342 3104 1472 3154 supply
1487 3104 1549 3142 the
1561 3118 1663 3153 camp
1679 3103 1769 3142 with
1779 3104 1984 3152 provisions

176 3157 247 3195 and
264 3157 342 3195 that
360 3172 412 3195 on
429 3157 491 3195 the
512 3157 596 3195 19th
615 3157 660 3195 he
679 3157 749 3195 had
766 3157 934 3206 reported
950 3157 1047 3195 from
1068 3157 1185 3195 Castel
1206 3158 1415 3195 Fiorentino
1434 3156 1574 3194 ‘havere
1592 3157 1691 3205 quivi
1708 3167 1742 3193 et
1760 3170 1779 3193 a
1799 3155 1985 3193 Gambassi

176 3209 395 3247 abundantia
412 3209 450 3247 di
468 3209 684 3257 vectuvaglie
701 3209 826 3257 d'ogni
844 3210 1012 3257 ragione,‘
1031 3210 1134 3246 Dieci
1151 3210 1295 3246 Missive
1317 3212 1368 3253 10,
1387 3208 1465 3246 fols.
1489 3211 1686 3252 136v‚137r.
