2118 3444
135 178 324 212 PUBLIC
352 176 632 210 ORATIONS
1842 168 1934 209 229

135 315 270 372 Italia,
299 333 408 377 quae
438 330 566 362 antea
592 314 710 362 letali
738 314 931 375 quodam
964 314 1079 361 inter
1105 331 1148 361 se
1179 313 1285 361 odio
1315 313 1658 370 conflictaretur,
1690 313 1866 361 redierit
1896 314 1941 360 in

135 383 434 432 concordiam.
460 383 725 438 Admonuit,
750 382 926 438 scilicet,
949 385 1071 429 Deus
1094 396 1151 438 te,
1173 383 1242 429 cui
1266 399 1411 429 rerum
1437 383 1482 428 in
1506 382 1631 429 terris
1650 399 1826 429 suarum
1853 397 1943 429 erat

136 452 325 499 habenas
370 450 622 506 traditurus,
666 465 714 497 ut
757 451 875 511 pacis
918 447 1380 510 tranquillitatisque¹⁰⁴
1425 449 1695 510 populorum
1743 449 1938 496 studium

135 519 350 575 indueres,
393 519 749 579 meminissesque
791 515 1095 565 testamenti¹⁰⁵
1134 518 1237 574 eius,
1280 535 1370 578 quo
1409 518 1688 578 potissimum
1730 515 1938 578 pacem¹⁰⁶

134 587 355 648 discipulis
380 583 606 647 legavit3107
631 587 737 633 item
757 585 1043 641 salutationis,
1069 603 1154 646 qua
1173 603 1327 646 pacem
1349 585 1492 632 dicere
1515 586 1717 641 instituit,
1743 586 1787 631 in
1810 603 1943 646 quan-

134 652 359 715 cunque¹⁰⁸
388 653 575 715 apostoli
606 653 791 701 domum
822 647 1187 714 ingrederentur.¹‘
1213 654 1424 700 Nominis
1452 654 1584 700 etiam
1612 671 1746 700 omen
1772 653 1941 714 profec—

133 738 183 770 to
199 722 316 770 haud
330 740 494 769 vanum
513 736 590 778 est,
607 739 748 782 neque
765 722 1019 768 innocentia
1034 722 1268 782 quicquam
1287 721 1453 778 melius,
1473 721 1589 768 unde
1606 736 1648 768 et
1663 739 1797 782 agnus
1814 722 1938 768 inno-

133 809 235 839 cens
254 790 458 838 Christus
480 791 525 836 in
545 791 675 837 sacris
694 808 818 851 saepe
839 789 993 837 litteris
1013 789 1266 851 appellatur.
1290 794 1452 850 Atque,
1472 805 1520 837 ut
1539 791 1942 851 praetermittamus

131 856 522 906 Sulmonensem¹⁰⁹
550 858 674 905 illum
699 859 773 919 qui
794 873 943 905 tamen
965 872 1007 905 et
1028 859 1116 919 ipse
1140 858 1278 905 multa
1299 858 1501 905 doctrina
1522 858 1745 919 multaque
1768 858 1940 919 eloque-

132 928 224 975 ntia
252 928 457 988 princeps
490 921 598 983 fuit,¹
628 945 702 974 sex
731 942 954 987 praeterea
982 927 1299 974 nominationis
1334 926 1527 974 eiusdem
1561 927 1719 974 eximia
1750 927 1938 988 quadam

130 995 352 1057 probitate
372 996 689 1056 sanctitateque
704 994 953 1056 pontifices,
975 1013 1097 1056 spem
1122 1010 1317 1042 nostram
1338 995 1581 1056 plurimum
1605 995 1936 1052 adminiculant,

131 1082 233 1111 cum
258 1065 304 1110 in
327 1063 450 1110 nullo
474 1081 629 1110 eorum
653 1062 837 1110 defuisse
859 1063 1053 1110 divinam
1077 1064 1259 1124 gratiam
1281 1063 1620 1120 consideremus,
1645 1082 1787 1125 neque
1810 1063 1938 1111 fuisse

131 1133 176 1179 in
199 1150 425 1193 quoquam
448 1130 594 1179 non¹¹⁰
620 1131 862 1179 admodum
885 1132 1224 1179 convenientem
1247 1132 1348 1179 huic
1371 1133 1543 1179 nomini
1566 1133 1777 1180 virtutem
1798 1132 1940 1180 videa-

131 1218 240 1247 mus.
268 1203 466 1259 Quartus
488 1200 620 1246 etiam
643 1199 780 1247 Flisca
801 1199 940 1246 nobili
963 1215 1091 1260 gente
1113 1200 1352 1261 eademque
1374 1199 1532 1261 quae¹¹¹
1557 1215 1605 1247 tu
1629 1200 1779 1247 inclita
1797 1202 1939 1261 patria

130 1269 351 1316 Ianuensis
388 1267 486 1324 fuit,
523 1269 612 1328 qui,
650 1266 843 1315 ascitis¹¹²
882 1269 927 1314 in
965 1269 1191 1315 necessarii
1226 1268 1328 1316 belli
1364 1269 1619 1316 societatem
1655 1268 1934 1325 Florentinis,

128 1334 391 1383 Federico¹¹³
432 1336 627 1383 secundo
671 1335 1034 1383 Romanorum¹¹⁴
1078 1351 1207 1397 atque
1248 1336 1393 1384 Italiae
1434 1355 1617 1397 regnum
1660 1335 1935 1384 affectanti¹¹⁵

129 1405 418 1464 miscentique
448 1418 490 1450 et
518 1404 695 1451 vexanti
723 1419 881 1451 cuncta
908 1405 1074 1464 ingenti
1103 1405 1266 1451 virtute
1295 1405 1466 1460 resistit,
1497 1405 1675 1465 iuraque
1707 1409 1934 1452 Romanae

129 1471 331 1519 ecclesiae
350 1471 558 1519 undecim
581 1471 670 1519 fere
690 1471 846 1533 quibus
870 1473 916 1518 in
935 1471 1200 1533 pontificatu
1223 1472 1305 1520 fuit
1326 1473 1450 1520 annis
1470 1473 1656 1520 viriliter
1675 1488 1737 1520 est
1759 1488 1939 1530 tutatus;

129 1541 204 1602 qui
241 1555 418 1602 patrum
458 1541 590 1588 etiam
630 1540 747 1588 hunc
785 1556 1110 1588 sacrosanctum
1149 1541 1351 1589 ordinem
1389 1556 1677 1603 senatumque
1715 1542 1937 1603 pontifici-

127 1607 273 1665 um,¹¹⁶
308 1609 556 1669 neglectum
588 1624 715 1656 antea
745 1609 1091 1670 destitutumque
1123 1610 1289 1671 aliquot
1319 1628 1399 1671 per
1429 1608 1640 1667 annos‚¹¹⁷
1674 1612 1862 1658 restituit
1894 1626 1936 1658 et

128 1677 267 1725 rubeo
287 1678 372 1724 isto
391 1677 538 1738 galero
558 1675 847 1738 insignivit;¹¹⁸
871 1679 946 1739 qui
964 1693 1138 1739 praeter
1154 1694 1321 1726 ceteros
1341 1678 1479 1726 claros
1497 1679 1699 1726 doctrina
1719 1680 1932 1727 moribus-

127 1763 225 1807 que*
234 1747 352 1793 viros
375 1745 668 1807 undecunque
693 1747 957 1807 conquisivit
982 1761 1111 1808 atque
1134 1747 1310 1794 illorum
1337 1747 1629 1795 familiaritate
1649 1749 1930 1809 potissimum

127 1813 365 1861 delectatus
388 1813 443 1861 ad
464 1812 697 1862 consilia¹¹⁹
722 1814 851 1862 simul
879 1814 1195 1876 dignitatesque
1219 1817 1376 1872 evexit,
1399 1816 1555 1864 doctus
1578 1816 1780 1864 videlicet
1803 1818 1872 1863 vir
1893 1832 1935 1864 et

127 1883 216 1943 ipse
240 1883 437 1943 apprime
460 1900 509 1930 ac
527 1883 667 1943 gravis
687 1881 997 1944 scriptisque¹²⁰
1022 1884 1170 1931 multis
1192 1885 1455 1946 egregiisque
1477 1885 1769 1946 praeclarus.¹¹¹

211 1950 352 2010 Quod
374 1965 436 1998 est
460 1951 592 2011 igitur
614 1950 816 1998 officium
840 1966 1042 1999 nostrum
1068 1952 1511 2014 Christianorumque
1539 1954 1756 2010 omnium,
1784 1954 1935 2001 beatis-

125 2020 233 2066 sime
249 2034 388 2080 pater,
405 2019 526 2080 quod
542 2019 703 2067 ultimo
721 2020 847 2067 nobis
863 2020 965 2068 loco
982 2020 1218 2068 dicendum
1232 2023 1564 2082 proposuimus?
1587 2027 1764 2083 Nempe
1780 2037 1829 2070 ut
1846 2022 1935 2070 feli-

126 2087 343 2134 cissimam
373 2087 485 2134 hanc
509 2103 674 2135 sortem
704 2103 914 2145 nostram,
942 2088 1136 2136 divinam
1163 2091 1444 2137 vocationem
1472 2105 1608 2147 tuam,
1636 2090 1932 2147 observemus,

125 2153 460 2211 admiremur,¹²¹
489 2154 583 2202 et¹²'·2
608 2156 816 2213 colamus,
841 2175 1050 2218 spemque
1075 2157 1127 2204 de
1149 2172 1191 2205 te
1214 2158 1299 2205 iam
1324 2173 1584 2219 conceptam
1609 2160 1765 2206 animis
1789 2158 1932 2206 fovea-

125 2240 222 2270 mus
254 2223 548 2284 omnibusque
585 2224 728 2271 modis
762 2224 1028 2272 adiuvemus.
1063 2229 1162 2272 Nos
1194 2244 1300 2273 vero
1331 2244 1480 2273 sumus
1515 2227 1728 2287 inprimis,
1766 2225 1929 2274 idest¹²³

123 2290 404 2338 Florentinus
423 2291 627 2353 populus,
652 2293 726 2353 qui
745 2311 825 2340 nos
845 2293 900 2340 ad
916 2308 958 2340 te
977 2294 1093 2341 misit
1115 2293 1305 2355 haecque
1324 2294 1562 2351 mandavit,
1582 2296 1657 2356 qui
1676 2314 1769 2343 non
1790 2295 1928 2343 modo

124 2374 166 2406 te
191 2359 382 2407 fatemur
404 2378 558 2407 verum
584 2360 847 2421 pontificem
872 2366 1140 2419 Romanum,
1169 2361 1468 2423 legitimum¹²⁴
1495 2365 1612 2411 Petri
1634 2382 1928 2412 successorem

122 2428 422 2489 vicariumque
449 2432 542 2475 Iesu
566 2428 747 2485 Christi,
771 2448 925 2477 verum
950 2431 1081 2477 etiam
1103 2431 1235 2492 pedes
1257 2449 1433 2492 quoque
1460 2432 1545 2479 iam
1569 2431 1808 2480 deosculati
1830 2448 1931 2480 tuos

123 2495 275 2543 debito
296 2495 658 2557 prosequimur¹²⁵
689 2497 858 2545 honore
883 2513 1011 2559 atque
1033 2517 1306 2556 veneramur3
1332 2501 1568 2561 omniaque
1593 2500 1928 2549 nostra—fortu-

123 2581 211 2619 nas,
248 2582 366 2624 opes,
402 2564 605 2625 populos,
644 2583 777 2621 arma,
812 2566 1071 2627 urbes—pro
1108 2567 1323 2615 catholica
1356 2567 1457 2624 fide,
1491 2586 1575 2629 pro
1609 2584 1684 2616 tua
1719 2569 1929 2629 dignitate

120 2629 382 2692 prompta¹²⁶
424 2647 660 2694 parataque
699 2632 793 2680 fore
833 2634 878 2680 in
918 2652 1176 2695 quecunque
1217 2653 1362 2682 rerum
1403 2651 1611 2683 eventum
1649 2636 1925 2697 pollicemur,

200 2854 218 2879 ¹¹
230 2859 331 2907 John
351 2864 461 2904 14:27,
482 2861 582 2899 Luke
602 2865 689 2899 ιο;5.

123 2911 211 3007 13ὖὲ
224 2919 376 2956 Cosimo
394 2918 451 2956 de'
468 2919 677 2967 Migliorati,
694 2934 790 2969 pope
808 2924 984 2959 Innocent
999 2925 1063 2959 VII
1081 2922 1321 2970 (1404-1406),
1341 2923 1427 2960 who
1445 2937 1516 2961 was
1534 2924 1630 2961 born
1647 2925 1686 2960 in
1701 2924 1874 2962 Sulmona
1891 2926 1930 2961 in

201 3031 227 3046 ¹¹²
239 3028 423 3066 Sinibaldo
439 3028 585 3074 Fieschj,
600 3029 696 3068 born
710 3031 750 3067 in
763 3032 891 3069 Genoa
905 3043 939 3069 at
952 3031 1015 3069 the
1028 3031 1098 3070 end
1112 3031 1153 3070 of
1163 3032 1226 3070 the
1244 3032 1327 3070 l2th
1340 3045 1503 3082 century.
1517 3035 1568 3071 As
1582 3048 1678 3082 pope
1692 3037 1869 3072 Lnnocent
1882 3037 1930 3071 IV

121 3079 317 3128 (1243-54),
339 3079 385 3118 he
405 3081 739 3120 excommunicated
757 3082 820 3120 the
840 3082 1117 3122 Hohenstaufen
1134 3098 1302 3133 emperor
1320 3084 1509 3123 Frederick
1529 3088 1559 3123 Π
1577 3098 1612 3124 at
1630 3085 1693 3124 the
1714 3085 1871 3124 Council
1890 3086 1932 3124 of

118 3133 301 3221 byonsmin
314 3132 398 3181 July
419 3136 517 3171 1245.
539 3136 597 3171 He
615 3148 686 3172 was
704 3148 724 3172 a
740 3134 998 3183 distinguished
1016 3150 1134 3174 canon
1151 3136 1285 3185 lawyer
1302 3136 1387 3175 who
1407 3150 1522 3175 wrote
1540 3152 1586 3175 an
1600 3140 1793 3187 Apparatus
1811 3150 1851 3176 to
1869 3138 1932 3176 the

155 3197 228 3221 ecre
293 3215 300 3221 .
