2118 3444
218 160 305 200 182
1216 219 1220 221 .
1843 168 1981 201 PART
2006 168 2020 201 1

214 305 268 351 tis
285 304 559 365 opinionem.
581 308 855 350 Nostrorum
875 304 992 364 piget
1009 318 1262 364 temporum
1281 303 1516 364 pudetque.
1537 308 1639 351 Hoc
1657 322 1737 365 ego
1753 305 1917 365 scripsi,
1938 304 2022 352 hoc

215 373 387 428 asserui,
410 371 495 419 hoc
514 386 641 432 potes
660 390 743 432 pro
764 389 866 418 meo
885 371 1085 428 lacerare,
1103 373 1137 419 si
1158 372 1217 419 ita
1235 371 1342 419 ferat
1360 373 1560 433 impetus.
1583 372 1751 420 Volunt
1774 387 1923 420 tamen
1941 373 2027 421 lau—

214 440 307 488 dari
323 439 502 501 quidam
520 454 561 487 et
577 439 783 487 collocari
801 440 917 487 inter
930 439 1078 487 divina
1094 455 1384 487 monumenta
1401 441 1683 501 antiquitatis.
1700 445 1811 488 Non
1826 459 2018 502 possum.

213 512 344 564 Date,
370 526 545 568 quaes0,
571 508 759 555 veniam.
789 511 862 553 An
888 526 968 568 ego
993 526 1089 554 sum
1115 508 1226 555 tanti
1250 522 1298 555 ut
1324 509 1449 555 istam
1475 508 1767 556 beatissimam
1794 508 2020 557 fortunam

213 591 403 623 vestram
432 575 617 623 violem?
646 580 806 636 Neque
835 594 914 636 ego
942 575 1111 622 avidior
1136 576 1296 636 gloriae
1324 594 1434 623 sum.
1466 577 1645 624 Gratius
1673 576 1822 624 fecerit
1849 578 1923 638 qui
1951 595 2021 625 me

211 645 500 705 praeterierit,
521 659 568 691 ut
592 662 672 704 ego
692 644 979 704 praeteritum
1003 662 1090 691 esse
1113 662 1136 691 a
1156 644 1281 691 vobis
1306 644 1379 691 diu
1400 659 1669 705 putaveram.
1693 644 1818 704 Quid
1840 660 1888 692 tu
1912 645 2022 692 mihi

213 712 455 768 fortunam,
485 712 592 773 quid
617 727 665 759 tu
694 712 884 759 honores
913 713 1025 759 vitae
1053 712 1209 759 obicis?
1237 712 1320 760 Sed
1346 727 1478 760 teneo
1504 714 1548 759 in
1577 713 1755 760 fortuna
1780 714 1887 774 quid
1913 732 2020 774 agas.

213 780 448 840 Confingis
468 780 549 827 tibi
565 795 645 827 tuo
665 798 788 827 more
809 795 1057 827 monstrum
1078 798 1209 840 quern
1228 780 1441 827 devincas.
1462 785 1579 828 Cum
1600 781 1768 828 honore
1789 799 1890 828 meo
1909 781 2022 828 diffi-

213 848 340 895 cilior
362 848 442 894 tibi
465 847 720 894 colluctatio
742 849 836 894 erit.

296 916 411 963 Veni
436 915 592 972 nudus,
618 916 821 963 omnium
850 933 996 963 rerum
1019 915 1237 963 bonarum
1264 934 1421 976 egenus
1444 916 1498 963 ad
1519 916 1850 977 rempublicam,
1876 916 2023 965 vilissi—

213 985 295 1031 mis
314 998 436 1031 ortus
452 983 721 1044 parentibus,
744 983 882 1031 multa
898 1002 998 1031 cum
1018 983 1120 1040 fide,
1138 983 1266 1031 nullis
1286 985 1473 1031 omnino
1492 984 1654 1032 divitiis
1670 999 1742 1032 aut
1760 984 1911 1041 titulis,
1930 984 2022 1032 nul-

211 1052 262 1100 lis
280 1052 505 1108 clientelis,
523 1051 652 1099 nullis
671 1052 1019 1112 cognationibus.
1042 1055 1232 1100 Cosmus
1252 1067 1414 1109 tamen,
1429 1067 1555 1113 pater
1566 1054 1730 1114 patriae
1746 1067 1934 1110 nostrae,
1951 1071 2021 1101 me

212 1120 468 1182 complexus
493 1114 576 1168 estd
597 1121 847 1182 recepitque
869 1121 914 1167 in
938 1120 1125 1168 familiae
1148 1121 1367 1182 obsequia.
1394 1126 1563 1169 Interea
1582 1121 1861 1169 Florentinus
1883 1140 2021 1183 popu-

210 1189 276 1237 lus
301 1189 355 1237 ad
373 1190 621 1250 prioratum
647 1207 717 1236 me
740 1190 896 1246 evexit,
920 1189 1076 1237 deinde
1098 1189 1151 1237 ad
1172 1189 1523 1246 vexilliferatum;
1546 1190 1811 1252 tandemque
1834 1191 1879 1237 in
1900 1208 2018 1238 sena-

211 1259 378 1305 torium
401 1276 471 1305 me
493 1257 696 1305 ordinem
719 1272 1051 1319 equestremque
1073 1258 1320 1315 collocavit,
1340 1273 1466 1306 tanto
1485 1258 1688 1319 profecto
1707 1258 2018 1320 suffragiorum

211 1344 426 1373 consensu
448 1340 496 1373 ut
517 1326 625 1372 nihil
648 1344 735 1373 esse
756 1325 920 1373 factum
940 1344 1135 1387 unquam
1154 1326 1408 1387 popularius
1431 1327 1559 1374 multi
1575 1335 1813 1388 putarent.e
1831 1332 1960 1375 Extat
1978 1342 2020 1375 et

211 1394 282 1442 illa
304 1394 357 1442 de
379 1412 448 1441 me
472 1395 695 1441 Laurentii
716 1394 902 1441 Medicis
922 1394 1262 1455 praeclarissima
1283 1413 1384 1451 vox,
1409 1413 1493 1456 qua
1515 1413 1728 1456 nusquam
1754 1395 2021 1443 collocatum

211 1463 366 1510 melius
388 1462 516 1510 fuisse
540 1462 759 1510 honorem
783 1463 954 1510 homini
978 1481 1098 1510 novo
1119 1463 1375 1511 testificatus
1393 1478 1467 1511 est.
1490 1467 1608 1511 Cum
1630 1463 1705 1511 illo
1728 1482 1845 1511 nunc
1866 1464 1947 1512 tibi
1966 1463 2018 1512 de

211 1531 382 1578 honore
401 1549 503 1578 meo
522 1532 679 1591 agenti,
698 1549 799 1578 cum
817 1531 1076 1578 Florentino
1095 1533 1220 1578 omni
1236 1532 1405 1592 populo
1428 1550 1492 1579 res
1510 1532 1709 1579 habenda
1726 1547 1800 1579 est.
1819 1537 1923 1579 Hoc
1941 1550 2022 1593 ego

210 1598 541 1654 affirmaverim,
559 1617 629 1645 me
647 1598 837 1646 multum
857 1598 984 1646 fuisse
1003 1614 1288 1646 consecutum
1305 1599 1430 1660 plura
1447 1618 1578 1660 quam
1594 1615 1666 1647 aut
1682 1601 1929 1660 putaverim
1947 1615 2019 1647 aut

210 1667 470 1727 optaverim.
500 1671 660 1727 Neque
686 1666 817 1714 habui
845 1667 965 1728 quod
992 1666 1199 1714 referrem
1224 1668 1304 1715 nisi
1332 1667 1435 1715 fidei
1460 1668 1768 1728 integritatem.
1795 1672 1856 1715 Ea
1879 1669 1925 1714 in
1951 1686 2020 1715 me

212 1734 332 1795 (volo
350 1753 438 1782 esse
454 1736 606 1795 vanus)
627 1753 801 1796 semper
818 1734 899 1782 fuit
917 1753 1048 1796 quam
1065 1735 1436 1783 excellentissima.
1455 1740 1603 1796 Atque
1621 1736 1706 1783 hoc
1724 1754 1899 1797 quoque
1917 1754 2022 1784 asse-

210 1804 373 1850 ruerim
400 1804 446 1849 in
471 1803 585 1850 calce
610 1803 831 1864 epistolae,
859 1803 1029 1851 nullum
1057 1822 1126 1851 me
1152 1804 1368 1851 honorem
1395 1805 1486 1851 sine
1514 1804 1683 1852 honore
1707 1805 1892 1865 gessisse.
1922 1809 2021 1852 Res-

207 1871 384 1933 publica
406 1872 497 1933 ipsa
521 1890 672 1933 resque
695 1890 718 1919 a
740 1890 809 1919 me
831 1887 972 1933 gestae
993 1873 1038 1919 in
1062 1872 1381 1933 magistratibus
1404 1873 1596 1920 citentur
1615 1888 1744 1920 testes
1763 1873 1909 1920 velim.

292 1940 376 1987 Sed
396 1940 598 1987 nondum
622 1940 821 1988 claudere
840 1959 1019 2001 possum
1044 1941 1286 2002 epistolam.
1312 1942 1487 1989 Irritant
1507 1956 1581 1989 tua
1601 1956 1809 1989 monstra.
1832 1946 1953 1989 Nam
1976 1941 2021 1988 il-

207 2008 284 2055 lud
309 2008 430 2069 quod
453 2008 617 2065 scribis,
645 2023 693 2056 ut
718 2009 971 2056 revellerem
996 2009 1047 2056 de
1069 2004 1301 2070 pulmones
1320 2011 1561 2066 scientiam,
1587 2028 1638 2057 ex
1663 2009 1739 2057 illo
1762 2028 1918 2070 genere
1943 2024 2018 2057 est.

208 2076 413 2123 Herculis
440 2077 603 2136 indiget
627 2077 804 2124 viribus.
831 2077 1003 2133 Scribis,
1030 2078 1089 2123 ‘in
1116 2078 1272 2138 quibus
1298 2079 1491 2138 receptui
1514 2079 1644 2134 canis,
1671 2096 1718 2125 ac
1740 2078 1879 2125 multa
1901 2096 2018 2139 repe-

207 2159 303 2191 tens
328 2144 610 2191 reconciliare
634 2159 676 2192 te
701 2145 810 2191 mihi
834 2145 1008 2192 studes.'
1035 2149 1143 2192 Sunt
1171 2160 1211 2193 et
1236 2145 1340 2193 haec
1363 2164 1414 2193 ex
1438 2146 1594 2193 eodem
1618 2164 1774 2206 genere
1799 2160 2016 2193 monstro-

208 2231 306 2259 rum
329 2231 438 2273 quae
460 2227 507 2259 tu
529 2213 583 2260 ad
601 2214 841 2260 vanitatem
862 2213 948 2260 alis.
973 2213 1169 2272 Quando
1191 2232 1271 2274 ego
1292 2232 1383 2261 non
1405 2213 1467 2261 fui
1489 2214 1569 2261 tibi
1590 2214 1865 2261 conciliatus?
1887 2217 2015 2273 Quae

207 2295 464 2340 argumenta
484 2295 640 2328 contra
659 2281 810 2328 habes?
832 2286 942 2328 Non
963 2281 1042 2328 tuli
1063 2296 1105 2328 te
1124 2296 1214 2328 tam
1235 2282 1309 2329 diu
1329 2283 1388 2329 ita
1405 2283 1708 2338 insanientem,
1731 2283 1791 2329 ita
1808 2282 2013 2329 insultan-

207 2363 312 2404 tem,
333 2349 688 2408 saevientemque
707 2367 845 2408 paene
868 2350 911 2394 in
934 2352 1182 2396 mortuum?
1206 2349 1362 2409 Relege
1382 2349 1583 2410 epistolas
1605 2350 1659 2396 ad
1677 2364 1719 2396 te
1738 2367 1866 2397 meas.
1889 2349 2017 2397 Vide-

206 2416 271 2463 bis
308 2434 466 2463 vanam
502 2434 589 2463 esse
625 2434 806 2463 omnem
844 2416 1211 2464 reconciliationis
1247 2418 1534 2464 mentionem.
1572 2417 1669 2474 Sed,
1703 2432 1751 2465 ut
1784 2417 1929 2474 video,
1964 2417 2016 2465 de

207 2485 412 2540 amicitia,
430 2499 478 2531 ut
496 2502 626 2545 supra
646 2484 749 2541 dixi,
768 2503 860 2531 non
879 2500 994 2532 recte
1012 2486 1156 2532 sentis.
1178 2485 1312 2546 Apud
1331 2504 1400 2532 me
1420 2485 1629 2533 inviolata
1646 2500 1707 2533 est
1726 2500 1855 2547 atque
1874 2486 2016 2533 maior

207 2552 351 2599 multo
386 2553 449 2608 iis,
487 2570 595 2613 quae
631 2554 690 2600 ita
724 2552 875 2600 inferri
907 2568 1104 2613 possunt,
1145 2554 1323 2601 iniuriis.
1363 2555 1574 2614 Receptui
1608 2555 1737 2610 canis,
1774 2555 1929 2614 inquis.
1970 2557 2016 2601 O

204 2620 478 2681 praeclarum
497 2620 706 2668 duellum!
727 2624 796 2668 De
813 2621 949 2668 culice
966 2623 1327 2669 concertavimus.
1347 2625 1521 2669 Canant
1538 2622 1671 2682 signa3
1689 2621 1887 2669 effundat
1902 2640 1946 2669 se
1962 2621 2017 2669 ad

204 2689 494 2750 spectandum
510 2690 738 2736 universus
756 2690 885 2736 orbis.
903 2692 1094 2737 Taceant
1109 2690 1312 2751 deinceps
1327 2690 1637 2737 Philaenorum
1655 2708 1765 2747 arae3
1778 2690 1883 2737 dent
1896 2691 2014 2737 viam

285 2896 300 2921 ‘¹
320 2904 385 2940 On
402 2901 527 2940 Scala’s
547 2901 782 2951 relationshjp
798 2902 889 2940 with
907 2903 1068 2947 Cosimo‚
1090 2903 1194 2947 Scala,
1214 2907 1311 2947 34,41
1334 2906 1541 2949 [22-23‚25].

286 2966 297 2980 ⁶
318 2960 414 2998 Scala
433 2975 504 2998 was
526 2960 660 2999 elected
680 2975 699 2999 a
716 2962 819 3010 prior
839 2962 878 2998 in
896 2961 1152 3010 March—April
1175 2965 1271 3006 1473,
1294 2961 1534 2999 Gonfalonier
1553 2961 1594 2999 of
1607 2963 1737 3009 Justice
1759 2963 1798 2998 in
1816 2964 2016 3010 May-June

208 3016 306 3057 1486,
324 3012 394 3050 and
409 3027 428 3050 a
443 3013 606 3050 member
622 3013 663 3050 of
675 3013 737 3050 the
754 3013 909 3050 Council
925 3013 966 3051 of
979 3016 1132 3062 Seventy
1147 3028 1191 3051 or
1208 3016 1349 3051 ‘senate'
1366 3015 1404 3050 in
1415 3013 1497 3062 July
1516 3017 1613 3051 1486.
1633 3013 1709 3051 The
1724 3012 1957 3062 knighthood
1969 3013 2015 3051 he

205 3079 276 3102 was
293 3064 457 3102 awarded
471 3065 520 3113 by
535 3079 631 3113 pope
647 3068 823 3103 Innocent
836 3068 917 3102 VIII
932 3066 971 3102 in
985 3066 1186 3103 December
1204 3069 1290 3103 1484
1305 3080 1375 3103 was
1390 3065 1572 3114 approved
1587 3065 1635 3114 by
1650 3065 1712 3103 the
1728 3065 1884 3103 Council
1899 3064 1941 3103 of
1952 3064 2015 3103 the

206 3117 336 3166 People
355 3119 394 3154 in
412 3118 583 3155 Florence
602 3118 650 3166 by
672 3122 733 3155 173
753 3130 818 3156 out
836 3118 878 3156 of
896 3122 958 3156 195
978 3130 1087 3162 votes,
1107 3119 1211 3162 Scala,
1233 3122 1423 3162 67,99-100
1441 3121 1757 3164 [47‚61‚75‚n.108].

285 3169 296 3194 f
313 3174 370 3212 Cf.
392 3176 539 3219 Persius,
560 3177 719 3219 Sat.5.92,
740 3175 874 3223 quoted
893 3176 941 3223 by
961 3175 1144 3213 Poliziano
1163 3177 1202 3212 in
1219 3190 1273 3224 ep.
1293 3179 1358 3212 XII
1380 3179 1431 3213 15.
1450 3188 1488 3213 to
1507 3175 1612 3213 Scala.
