2118 3444
208 185 295 226 194
1812 192 1950 226 PART
1975 193 2009 226 11

204 330 268 386 lit,
287 331 357 376 cui
373 329 609 390 probitate,
631 329 918 384 continentia,
938 327 1197 375 fortitudine
1216 343 1257 375 et
1277 328 1576 388 magnitudine
1596 330 1744 385 animi,
1764 329 1950 377 consilio
1971 344 2013 377 et

203 397 439 458 prudentia
463 415 515 443 ex
541 396 605 443 his
632 397 706 457 qui
730 396 1008 443 dominatum
1036 411 1190 456 gerunt
1217 397 1261 442 in
1287 396 1408 443 Italia
1430 411 1748 457 anteponamus
1774 398 2012 445 neminem.

203 467 376 526 Dignus
397 480 458 512 est
478 466 523 511 in
541 482 673 525 quem
691 479 766 511 tua
783 464 997 511 beneficia
1014 463 1309 511 conferantur.
1329 464 1489 512 Melius
1507 464 1648 512 locata
1664 483 1751 512 esse
1770 465 1893 512 nullo
1913 465 2014 513 loco

202 548 429 594 poterunt.
454 532 683 593 Quicquid
705 547 852 579 autem
874 533 918 578 in
942 550 1042 579 eum
1066 533 1146 579 erit
1167 532 1390 588 collatum,
1414 547 1461 579 ut
1482 532 1644 592 legatus
1666 551 1841 593 quoque
1866 547 2016 580 noster

203 595 444 648 Ferrariaed
462 600 543 647 tibi
560 599 837 660 significabit,
859 601 1011 647 missus
1031 618 1054 647 a
1073 600 1200 647 nobis
1221 601 1266 646 in
1286 618 1380 647 eam
1401 618 1586 656 causam,
1607 601 1651 646 in
1673 618 1752 647 nos
1771 601 2013 662 urbemque

205 683 402 716 nostram
432 668 642 716 collatum
670 686 843 729 semper
868 668 1134 728 putabimus,
1166 683 1207 715 et
1235 667 1406 715 easdem
1433 669 1588 728 gratias
1615 668 1882 716 habebimus.
1915 673 2014 716 Nos

204 737 360 785 urbem
383 752 424 784 et
443 736 660 798 populum
687 751 887 783 nostrum
913 736 993 783 tibi
1012 736 1253 797 plurimum
1279 737 1410 783 etiam
1431 751 1559 797 atque
1581 737 1712 784 etiam
1734 737 2013 785 commenda·

206 824 313 853 mus.
339 805 460 852 Vale.
484 806 570 852 Die
592 824 679 851 xxv
700 805 809 852 Maii
830 804 1135 852 Mcccclxviiii.

1099 948 1124 988 4

347 1018 463 1057 THE
485 1019 773 1058 SIGNORIA
797 1019 871 1057 OF
894 1019 1215 1058 FLORENCE:
1237 1018 1525 1057 MANDATE
1546 1018 1623 1057 TO
1641 1019 1871 1068 JACOPO

384 1087 812 1126 GUICCIARDINI
832 1087 959 1125 AND
981 1087 1460 1126 PIERFRANCESCO
1483 1087 1572 1125 DE’
1594 1087 1830 1126 MED1C1²

913 1157 961 1194 10
985 1153 1181 1194 October
1206 1157 1310 1194 1470

287 1247 482 1295 Florence,
500 1247 595 1287 Bibl.
612 1247 836 1295 Nazionale,
854 1249 922 1287 MS
939 1247 1105 1287 Palatino
1130 1250 1232 1295 1133,
1251 1247 1334 1287 fols.
1355 1250 1532 1288 19v-20v.
1551 1249 1619 1287 On
1635 1247 1700 1287 the
1715 1247 1871 1300 novelty
1889 1247 1933 1288 of

287 1303 562 1408 ffiSJEffdate
586 1304 625 1342 in
646 1304 755 1356 using
778 1303 937 1343 classica]
962 1303 1103 1343 instead
1128 1303 1171 1343 of
1190 1303 1349 1343 notarial
1372 1303 1548 1352 formula,
1571 1319 1631 1344 see
1651 1302 1763 1351 Scala,
1791 1307 1928 1344 170-78

204 1469 253 1511 In
274 1465 455 1511 nomine
477 1465 563 1511 Dei
584 1465 722 1511 nostri
744 1468 836 1511 Iesu
857 1464 1023 1511 Christi
1044 1482 1184 1511 amen.
1207 1467 1325 1511 Cum
1347 1464 1607 1511 intellexerit
1627 1465 1900 1525 magistratus
1919 1464 2014 1512 Flo-

203 1534 402 1580 rentinus
431 1547 472 1579 et
496 1532 686 1593 populus
718 1547 989 1579 conventum
1017 1532 1113 1579 fieri
1117 1532 1382 1625 blegatorum
1411 1537 1577 1580 Romae
1606 1532 1721 1594 apud
1746 1531 2011 1580 Pontificem

202 1602 453 1649 Maximum
474 1616 522 1648 ut
543 1601 664 1648 Italia
681 1602 843 1677 quieta.
846 1595 1133 1657 redderetur,
1151 1601 1437 1648 vehementer
1452 1601 1563 1649 laeta
1580 1600 1662 1649 fuit
1682 1602 1827 1649 omnis
1848 1602 2012 1658 civitas,

203 1670 284 1717 otii
301 1670 559 1731 quietis‚que
579 1670 699 1716 cuius
716 1670 761 1715 in
777 1670 930 1730 primis
948 1688 1121 1730 semper
1135 1669 1329 1717 studiosa
1346 1669 1442 1726 fuit,
1459 1670 1648 1717 maxime
1666 1684 1818 1717 exorta
1830 1688 1918 1731 spe.
1937 1674 2011 1717 Est

203 1739 322 1785 enim
346 1738 464 1785 hoc
454 1752 655 1785 mnatum
678 1737 823 1785 liberis
843 1737 1031 1798 populis,
1057 1752 1098 1785 et
1118 1739 1168 1785 iis
1187 1739 1442 1799 praesertim
1464 1739 1538 1799 qui
1558 1738 1770 1785 industria
1791 1753 1833 1785 et
1853 1756 2013 1785 merca—

202 1821 300 1853 tura
315 1806 501 1867 pollent,
522 1821 570 1853 ut
589 1821 899 1853 consectentur
915 1824 1083 1867 pacem,
1101 1805 1226 1862 bella,
1247 1807 1327 1853 nisi
1346 1806 1646 1867 propulsando
1668 1807 1858 1863 iniurias,
1881 1807 2013 1853 maxi-

203 1893 273 1922 me
291 1874 575 1921 detestentur.
594 1874 734 1933 Quod
751 1875 785 1921 si
803 1875 924 1921 cuius
942 1874 1067 1921 liberi
1082 1874 1236 1935 populi
1257 1892 1306 1922 ea
1320 1889 1474 1921 natura
1492 1888 1567 1930 est,
1586 1874 1630 1921 id
1645 1874 1854 1931 studium,
1875 1892 1924 1921 ea
1938 1892 2012 1921 vo-

202 1942 359 1999 luntas,
382 1942 587 2003 profecto
610 1957 671 1989 est
691 1942 845 2003 populi
870 1942 1127 1999 Florentini,
1151 1957 1198 1989 ut
1221 1943 1310 1990 eius
1333 1960 1399 1989 res
1419 1957 1559 2003 gestae
1580 1943 1782 2003 antiquae
1803 1957 2013 1990 recentes-

203 2029 286 2071 que
309 2025 538 2058 testantur.
564 2015 713 2071 Itaque
734 2025 919 2057 vocante
942 2010 1077 2057 Paulo
1099 2010 1301 2058 Secundo
1325 2010 1541 2057 Pontifice
1563 2011 1764 2057 Maximo
1786 2010 1950 2070 legatos
1973 2025 2014 2057 et

203 2079 292 2139 ipse
313 2083 504 2125 Romam
523 2079 675 2135 [mitti]
693 2078 885 2125 decrevit
902 2078 1109 2125 Iacobum
1127 2078 1490 2125 Guicciardinum
1509 2093 1549 2125 et
1566 2077 2011 2125 Petrumfranciscum

202 2146 426 2194 Medicem
440 2161 487 2194 ut
504 2146 786 2207 Reipublicae
802 2146 1080 2194 Florentinae
1095 2161 1238 2207 partes
1254 2151 1420 2194 Romae
1436 2161 1625 2207 agerent,
1641 2147 1800 2207 eisque,
1817 2161 1864 2194 ut
1882 2164 2014 2207 quan-

202 2229 298 2262 tum
322 2216 514 2275 pertinet
541 2215 595 2262 ad
615 2215 922 2262 Florentinum
949 2216 1249 2275 magistratum
1275 2230 1315 2262 et
1337 2215 1553 2275 populum
1580 2216 1634 2262 sit
1656 2229 1809 2275 pacata
1830 2214 1951 2262 Italia
1972 2229 2013 2262 et

203 2283 485 2330 confederata
510 2298 605 2330 tota
631 2283 685 2330 ad
712 2284 888 2330 iniurias
915 2283 1243 2344 propulsandas,
1276 2283 1410 2330 libera
1437 2298 1565 2344 atque
1594 2282 1791 2330 absoluta
1816 2297 2009 2343 potestas

203 2351 303 2398 data
319 2366 380 2398 est
400 2366 441 2398 et
458 2352 576 2412 pacis
594 2366 635 2398 et
655 2351 842 2398 foederis
861 2351 1008 2398 Italici.
1029 2356 1177 2412 Itaque
1195 2370 1246 2398 ex
1266 2351 1581 2399 consuetudine
1599 2365 1850 2412 pervetusta
1868 2351 2013 2398 civita·

202 2420 256 2466 tis
273 2419 502 2466 Vexillifer
518 2420 708 2466 Iustitiae
726 2434 767 2466 et
783 2420 953 2466 Priores
973 2419 1202 2466 Libertatis
1216 2419 1370 2480 populi
1390 2419 1634 2466 Florentini
1652 2437 1752 2466 cum
1772 2419 1896 2466 omni
1915 2418 2010 2466 Flo-

203 2488 380 2534 rentino
416 2487 615 2547 collegio,
653 2487 760 2534 idest
796 2487 1039 2534 Vexillariis
1073 2489 1340 2534 Societatum
1373 2487 1527 2548 populi
1564 2502 1605 2534 et
1639 2487 1873 2534 duodecim
1908 2488 2011 2534 viris

202 2555 344 2611 bonis,
365 2556 681 2616 suprascriptos
701 2555 877 2615 legatos,
907 2555 1112 2616 syndicos
1143 2570 1183 2602 et
1212 2570 1518 2616 procuratores
1545 2555 1745 2616 publicos
1776 2555 2010 2602 constitue-

282 2870 298 2895 ὁ
316 2877 419 2925 Luigi
437 2876 683 2914 Guicciardini
700 2890 770 2914 was
790 2876 923 2914 elected
941 2876 1083 2924 ‘legatus
1103 2876 1146 2914 ad
1165 2877 1418 2925 imperatorem
1439 2877 1606 2914 Ferrarie'
1624 2890 1675 2913 on
1695 2879 1733 2913 13
1750 2878 1930 2923 Jan.1469,
1951 2877 2014 2913 LC

205 2932 257 2972 16,
276 2928 339 2966 fol.
362 2932 461 2966 194v.

283 2992 295 3006 ²
316 2989 381 3025 On
399 2987 461 3025 the
483 2988 706 3036 importance
725 2987 795 3025 and
814 2987 963 3035 novelty
981 2987 1022 3025 of
1039 2987 1110 3025 this
1129 2987 1304 3031 mandate,
1326 2986 1447 3025 which
1466 3001 1535 3024 was
1557 2986 1731 3024 criticised
1750 2987 1788 3023 in
1808 2989 1934 3030 Rome,
1954 2999 2011 3024 see

202 3039 307 3083 Scala,
331 3043 462 3077 170-78
483 3043 656 3085 [117-20];
678 3039 883 3077 cf.1231-35.

282 3092 298 3117 b
317 3097 393 3135 The
411 3097 551 3146 general
569 3097 688 3146 league
708 3098 778 3136 and
794 3112 898 3146 peace
916 3112 986 3135 was
1003 3097 1126 3146 signed
1145 3099 1183 3134 in
1202 3101 1316 3135 Rome
1334 3111 1384 3135 on
1402 3101 1446 3134 22
1463 3097 1663 3135 December
1683 3100 1780 3141 1470,
1796 3098 2009 3143 J.Dumont,

205 3152 311 3198 Corps
327 3150 585 3199 diplomatique,
605 3154 623 3188 3
643 3150 700 3198 (1),
721 3149 959 3194 Amsterdam,
983 3153 1080 3194 1726,
1099 3149 1259 3194 doc.296,
1277 3153 1423 3193 429-30;
1442 3149 1485 3187 cf.
1506 3149 1708 3193 G.Nebbia,
1727 3151 1789 3186 ‘La
1804 3148 1880 3197 lega
1895 3147 2011 3186 italica

201 3202 258 3239 del
279 3206 376 3240 1455:
395 3216 457 3240 sue
476 3202 623 3240 vicende
641 3216 659 3239 e
674 3216 737 3240 sua
754 3203 1014 3239 rinnovazione
1030 3202 1087 3239 nel
1109 3204 1218 3245 1470‚'
1233 3201 1399 3239 Archivio
1414 3204 1535 3239 norico
1553 3200 1744 3244 lombardo,
1761 3214 1825 3238 n.s.
1843 3205 1866 3238 4
1882 3199 2008 3248 (1939).
