2124 3458
216 172 308 214 416

340 321 430 363 Iam
453 330 495 362 te
515 314 723 362 sublimes
748 314 922 374 rapiunt
946 330 1076 373 super
1097 311 1272 359 aethera
1290 329 1459 372 pennae

424 388 478 430 Et
502 384 619 430 iuvat
643 382 809 429 arcanis
831 381 1056 428 inseruisse
1082 394 1223 441 caput.

340 457 431 499 Iam
453 452 535 498 tibi
555 469 598 498 se
622 450 814 497 ostendit
837 450 952 496 trina
973 463 1015 496 et
1035 466 1238 509 suprema
1259 462 1462 508 potestas:

425 524 478 566 Et
501 522 630 566 Pater
649 533 691 565 et
711 517 909 564 Verbum
933 517 1118 577 Spiritus
1139 533 1251 562 unus
1276 533 1412 562 amor.

340 587 545 635 Moribus
571 586 649 643 his,
674 604 702 633 o
723 603 895 633 summe
918 599 1056 646 pater,
1079 583 1246 644 fastigia
1267 601 1413 630 rerum

425 659 607 703 Summa
629 669 764 710 tenes,
788 654 969 701 meritus
990 654 1051 700 sic
1072 652 1152 700 tibi
1173 652 1293 699 venit
1318 651 1472 699 honos.

339 729 478 772 Nunc
501 723 690 784 gaudent
712 727 881 778 Musae,
902 722 1072 783 sapiens
1094 739 1212 768 nunc
1236 720 1346 767 ridet
1367 719 1548 781 Apollo3

425 797 564 840 Nunc
587 806 760 840 resonat
784 790 983 852 Cyrrhae
1007 789 1206 837 cantibus
1229 807 1361 836 omne
1386 806 1552 836 nemus.

342 866 466 922 Quas
490 876 531 909 et
553 860 857 921 Amadryades
878 859 1013 907 laetae
1032 858 1319 919 Dryadesque
1340 857 1508 919 puellae

426 935 642 978 Exercent
664 929 865 976 choreas?
890 946 994 989 quas
1014 928 1243 988 Satyrique
1264 926 1399 974 leves?

341 1000 548 1059 Denique
570 1016 649 1059 per
670 1015 849 1058 campos
873 997 1031 1052 omnis,
1055 1014 1134 1056 per
1154 995 1340 1042 flumina
1361 994 1445 1041 late

427 1066 633 1114 Exultare
656 1065 788 1113 deum
811 1065 994 1112 numina
1018 1078 1175 1111 cuncta
1193 1077 1360 1124 putem.

343 1136 470 1195 Quin
494 1136 626 1182 etiam
648 1134 778 1181 variis
799 1133 972 1194 depicta
991 1131 1213 1180 coloribus
1237 1131 1321 1179 ales

430 1203 587 1264 Implet
611 1202 848 1250 dulcisonis
872 1207 970 1248 aera
989 1200 1267 1248 carminibus.

344 1273 515 1319 Omnia
537 1271 757 1318 laetantur
776 1270 937 1317 merito
959 1286 1100 1329 neque
1122 1267 1276 1329 gaudia
1297 1267 1452 1323 celant,

429 1344 495 1386 En
520 1357 665 1386 rursus
690 1339 901 1399 quoniam
924 1336 1092 1384 saecula
1112 1337 1252 1397 prisca
1273 1335 1426 1383 fluent.

345 1414 435 1456 Iam
460 1408 570 1454 mihi
591 1425 671 1468 per
691 1407 813 1454 lucos
835 1405 990 1453 videor
1009 1423 1134 1466 posse
1160 1405 1220 1452 ire
1241 1404 1415 1452 silentes

430 1481 483 1524 Et
506 1491 654 1524 tutum
678 1474 845 1522 imbelli
869 1492 1051 1521 munera
1074 1473 1185 1520 ferre
1207 1491 1353 1520 manu.

345 1551 394 1593 In
417 1563 585 1593 cassum
610 1545 776 1605 magnis
800 1544 974 1604 cingent
998 1543 1084 1590 iam
1107 1542 1282 1589 moenia
1305 1541 1428 1589 fossis

431 1613 785 1674 Condenturque
809 1612 905 1660 altis
927 1611 1089 1673 oppida
1110 1610 1358 1658 verticibus.

346 1689 395 1730 In
417 1701 585 1730 cassum
610 1683 767 1729 misera
788 1682 960 1728 amittet
982 1679 1180 1727 custodia
1199 1697 1393 1735 somnos,

430 1755 555 1798 Dum
578 1751 706 1797 timet
730 1750 892 1796 invisos
918 1748 1041 1795 hoste
1063 1762 1292 1808 premente
1315 1746 1453 1794 dolos.

346 1823 454 1867 Pace
477 1818 648 1866 fruetur
669 1819 787 1865 enim
813 1816 1016 1873 mundus,
1042 1834 1144 1863 nam
1166 1815 1333 1876 proelia
1355 1829 1528 1862 tantum

433 1892 481 1933 In
503 1902 546 1934 te
568 1901 726 1934 cuncta
747 1900 888 1941 ruent,
910 1887 1052 1932 Turce
1076 1883 1277 1939 nefande,
1299 1882 1436 1930 cades.

345 1957 511 2003 Desine
535 1956 621 2002 iam
642 1955 757 2015 gazis
780 1953 966 2009 inhians,
992 1966 1223 2008 mercator,
1246 1951 1300 1998 ad
1320 1951 1451 1998 Indos

433 2027 623 2070 Currere
647 2037 688 2069 et
710 2021 853 2068 infido
876 2021 1050 2068 credere
1069 2020 1165 2067 vela
1185 2020 1307 2066 mari.

346 2097 540 2152 Nanque
563 2090 703 2138 fluent
727 2090 819 2137 auri
839 2090 999 2150 passim
1024 2089 1276 2149 argentique
1299 2086 1478 2143 fluenta,

432 2163 598 2221 Sponte
623 2159 732 2206 feret
754 2159 922 2206 cunctis
944 2158 1095 2205 omnia
1117 2156 1236 2204 dives
1259 2155 1429 2203 humus.

346 2234 459 2276 Non
483 2243 634 2275 noster
654 2227 815 2288 Tybris
838 2225 1005 2273 Pactoli
1027 2225 1151 2272 cedet
1171 2225 1323 2281 arenis,

433 2298 587 2344 Ditior
607 2297 766 2344 auratis
788 2313 880 2342 non
904 2295 984 2342 erit
1006 2298 1200 2342 Hermus
1223 2293 1356 2354 aquis.

349 2367 606 2427 Gargaricas
626 2366 804 2412 vincent
828 2382 984 2411 messes
1006 2363 1203 2424 granaria
1224 2376 1385 2418 nostra,

435 2440 595 2495 Largus
619 2449 660 2481 et
682 2452 705 2481 a
725 2448 849 2494 petra
870 2433 1055 2480 nectaris
1077 2431 1155 2478 ibit
1179 2431 1352 2478 humor.

350 2504 542 2563 Longius
567 2504 646 2550 ista
667 2517 816 2549 tamen
839 2500 980 2548 felicia
999 2515 1202 2560 tempora
1223 2517 1315 2546 non
1337 2513 1452 2554 sunt,

434 2576 602 2618 Verum
626 2570 797 2626 adsunt,
822 2569 985 2616 faustus
1009 2569 1095 2615 iam
1116 2568 1237 2614 venit
1259 2584 1357 2614 ecce
1379 2566 1481 2613 dies.

351 2645 441 2687 Iam
464 2640 584 2687 venit
608 2657 706 2686 ecce
728 2638 832 2694 dies,
852 2637 987 2698 pleno
1010 2637 1151 2684 canite
1173 2653 1248 2683 ore
1269 2649 1439 2696 poetae,

435 2713 502 2754 En
524 2708 664 2754 Musis
688 2707 774 2754 iam
797 2707 883 2753 iam
906 2705 1060 2765 dignus
1084 2704 1269 2751 habetur
1291 2703 1445 2750 honos.

351 2781 445 2837 Ipse
467 2777 639 2823 utinam
661 2792 835 2835 possem
861 2774 1036 2820 meritas
1058 2789 1315 2833 expromere
1337 2788 1480 2826 voces,

436 2845 717 2904 Maioresque
740 2842 861 2889 daret
883 2841 1110 2902 Calliopea
1133 2839 1302 2887 modos.

352 2913 440 2969 Ah,
465 2930 570 2973 quas
591 2926 809 2959 tentarem
831 2910 942 2957 ferre
964 2927 1015 2956 ex
1037 2908 1255 2956 Helicone
1279 2908 1475 2954 coronas!

437 2980 521 3028 Sed
543 2994 767 3040 nequeunt
792 2978 963 3025 humeri
986 2976 1165 3038 grandia
1185 2975 1296 3023 ferre
1318 2976 1417 3022 mei.

351 3049 435 3097 Sed
457 3063 519 3105 tu,
541 3062 688 3096 sancte
708 3061 846 3108 pater,
868 3046 943 3093 sed
964 3060 1026 3102 tu,
1049 3046 1121 3092 Pie
1143 3062 1313 3092 summe
1337 3042 1549 3098 sacerdos,

438 3122 537 3164 Esse
560 3131 687 3177 potes
710 3115 913 3162 Phoebus
938 3113 1225 3174 Calliopeque
1250 3111 1370 3158 mihi.

352 3191 546 3246 Nanque
567 3199 694 3245 potes
717 3183 822 3231 tales
846 3183 1037 3230 humeris
1062 3181 1294 3241 adiungere
1315 3181 1427 3226 vires

1810 173 1948 206 PART
1973 173 2024 206 VI

1851 529 1912 560 150

1853 871 1911 902 155

1855 1211 1915 1244 160

1856 1553 1915 1585 165

1858 1895 1918 1926 170

1859 2236 1917 2267 175

1860 2578 1920 2609 180

1861 2917 1920 2949 185
