2124 3458
199 194 291 235 356
1809 197 1946 231 PART
1971 198 2003 230 V

197 338 595 400 praedominantur
621 337 803 385 affectus
829 351 870 384 et
895 338 986 384 sine
1013 340 1114 384 Deo
1137 336 1368 397 pleraeque
1396 354 1461 383 res
1487 336 1741 383 mortalium
1771 337 2011 384 inveterata

197 406 409 468 peccandi
440 405 758 453 consuetudine
790 407 996 465 aguntur?
1028 409 1149 452 Nam
1181 405 1229 461 si,
1261 419 1309 451 ut
1340 408 1536 451 Socrates
1567 404 1757 465 disputat
1789 405 1834 450 in
1862 407 2009 452 Minoe

199 475 448 531 Platonis,⁰⁰
482 474 551 521 lex
583 491 760 534 quoque
794 474 992 520 inventio
1025 487 1086 519 est
1117 473 1324 529 veritatis,
1357 490 1436 519 nec
1467 487 1624 519 cuncta
1653 490 1761 533 quae
1789 473 2009 533 principes

199 544 430 590 civitatum
451 556 649 589 statuunt
672 555 788 588 recte
809 541 1017 588 dicuntur
1037 540 1163 601 leges,
1185 540 1261 588 sed
1281 539 1595 588 tantummodo
1619 558 1727 601 quae
1750 541 1860 587 iusta
1880 554 2009 601 atque

201 611 385 658 honesta
411 625 512 657 sunt
541 610 727 666 decreta,
752 610 847 670 quis
874 627 966 656 non
992 608 1111 656 videt
1136 609 1222 656 iam
1249 627 1357 669 quae
1382 606 1477 656 sic⁹⁷
1502 623 1629 655 erunt
1656 609 1895 655 constituta
1919 626 2007 655 esse

200 678 513 726 immutabilia?
533 679 647 725 Fieri
665 679 783 725 enim
802 695 894 724 non
910 691 1056 738 potest
1072 691 1120 724 ut
1139 695 1247 738 quae
1263 695 1365 724 vera
1379 691 1480 724 sunt
1499 691 1725 737 comperta
1739 676 1886 733 semel,
1906 675 2011 724 falsa

199 762 350 794 tamen
366 746 632 807 quandoque
651 746 801 806 quavis
819 746 951 792 etiam
968 763 1093 792 causa
1110 744 1370 792 efficiantur.
1389 749 1462 792 Est
1483 745 1600 791 enim
1619 745 1776 791 veritas
1793 745 2006 791 incomm-

198 814 374 863 utabilis
395 814 609 876 quaedam
628 828 670 861 et
687 813 836 861 divina
851 814 928 870 vis,
951 813 1077 861 rebus
1097 814 1297 860 immixta
1316 812 1586 869 mortalibus,
1608 813 1698 874 ipsa
1717 812 2004 860 nihilominus

200 883 463 931 immortalis
496 898 537 930 et
566 883 833 943 sempiterna
862 897 937 929 est.
969 885 1096 941 Quae
1124 882 1158 929 si
1189 900 1291 929 vera
1316 896 1432 938 sunt,
1464 882 1576 929 ratio
1604 899 1779 942 quoque
1811 899 1889 928 cur
1916 899 2009 928 non

199 952 352 1000 eadem
374 951 426 999 de
450 970 494 999 re
517 951 684 1008 eadem,
707 969 816 1012 quae
838 950 977 998 videri
996 951 1147 1011 possit,
1172 950 1287 1011 apud
1309 949 1501 997 diversos
1523 950 1866 1006 constituuntur,
1892 949 2009 997 haud

199 1021 385 1068 obscura
402 1035 477 1068 est.
498 1024 590 1067 Aut
609 1020 727 1067 enim
746 1019 914 1067 diversa
930 1034 1030 1066 sunt
1049 1019 1231 1080 opinati,
1251 1033 1292 1066 et
1310 1018 1557 1080 aliquorum
1578 1036 1670 1066 non
1688 1017 1865 1066 fuerunt
1881 1036 2008 1066 verae

199 1090 432 1151 opiniones
465 1090 583 1150 (nam
610 1107 702 1136 non
728 1106 901 1149 semper
927 1103 988 1135 cst
1016 1087 1138 1135 facile
1161 1088 1391 1135 veritatem
1416 1087 1668 1135 adinvenire
1693 1088 1738 1134 in
1766 1087 1906 1148 rebus)
1937 1101 2010 1135 aut

198 1173 314 1205 certe
335 1157 561 1205 diversitas
580 1158 775 1213 rationis,
797 1175 928 1217 quam
948 1156 1172 1204 attendere
1187 1157 1466 1217 potissimum
1489 1156 1633 1216 legum
1653 1155 1812 1203 latores
1831 1155 2006 1212 debent,

198 1227 361 1273 merito
382 1225 485 1286 legis
508 1243 684 1286 quoque
709 1225 1006 1271 diversitatem
1027 1224 1142 1271 facit.

282 1297 392 1341 Sunt
414 1294 546 1340 etiam
566 1311 675 1354 quae
697 1293 751 1340 ad
768 1307 941 1353 tempus
961 1292 1163 1340 feruntur
1180 1292 1305 1352 leges;
1327 1310 1435 1353 quae
1455 1293 1665 1353 quoniam
1686 1309 1787 1339 cum
1807 1306 2008 1352 tempore

198 1363 294 1423 ipso
312 1363 445 1409 etiam
461 1362 728 1417 moriuntur,
747 1379 839 1408 non
857 1360 1039 1408 absurde
1057 1360 1235 1421 quidam
1251 1359 1456 1407 mortales
1471 1360 1583 1420 leges
1598 1374 1772 1407 vocant.
1789 1360 2007 1419 Quamvis

198 1445 240 1477 et
270 1430 344 1477 has
371 1431 407 1477 si
434 1429 568 1490 paulo
599 1430 765 1476 acutius
795 1430 1044 1489 inspexeris,
1077 1428 1455 1476 immortalitatem
1484 1443 1526 1475 et
1554 1429 1664 1489 ipsas
1693 1427 1840 1488 aliquo
1868 1427 2007 1475 modo

199 1499 386 1545 retinere
407 1498 614 1544 invenias.
638 1502 759 1544 Nam
783 1498 865 1544 nisi
885 1496 1105 1557 legislator
1125 1496 1177 1543 ab
1199 1497 1367 1543 ratione
1388 1496 1665 1552 aberraverit,
1686 1510 1855 1543 certum
1876 1510 1953 1552 est,
1972 1496 2008 1543 si

198 1566 408 1613 redierint
431 1565 584 1613 eadem
607 1580 823 1626 tempora,
849 1564 965 1612 idem
991 1583 1166 1625 quoque
1192 1564 1244 1612 de
1268 1582 1312 1611 re
1337 1564 1488 1612 eadem
1511 1563 1837 1611 decernendum
1861 1563 2003 1611 fuisse.

198 1639 358 1695 Legem
385 1635 584 1695 Oppiam
612 1634 657 1680 in
684 1633 832 1680 medio
858 1633 1012 1680 ardore
1037 1633 1190 1694 Punici
1216 1632 1318 1680 belli
1343 1633 1600 1693 M.Oppius,
1629 1632 1830 1679 tribunus
1854 1631 2008 1693 plebis,

197 1702 298 1750 tulit
323 1721 424 1750 cum
450 1702 675 1750 Hannibal
699 1703 844 1749 victor
866 1702 911 1748 in
937 1701 1058 1749 Italia
1079 1701 1318 1758 insultaret,
1342 1702 1428 1748 iam
1452 1702 1625 1762 iamque
1650 1705 1840 1748 Romam
1865 1700 2005 1747 obses-

196 1789 321 1819 surus
361 1770 598 1827 videretur;
637 1788 723 1831 qua
760 1770 963 1817 muliebri
1004 1769 1173 1817 mundo
1213 1770 1551 1817 convenientem
1589 1769 1781 1830 tempori
1819 1767 2005 1816 modum

198 1840 391 1887 Romani
427 1854 684 1900 posuerunt.
725 1843 832 1886 Eam
868 1853 968 1899 post
1006 1839 1161 1899 viginti
1199 1856 1349 1895 annos,
1390 1852 1558 1885 mutata
1593 1837 1772 1884 fortuna
1807 1837 2007 1894 civitatis,

198 1908 462 1968 abrogavere
480 1908 750 1968 pristinaque
773 1907 947 1954 feminis
968 1921 1227 1954 ornamenta
1247 1907 1585 1953 restit-nemnem>
1605 1906 1719 1965 Quis
1737 1923 1845 1953 vero
1865 1905 2006 1952 dubit-

198 1991 239 2023 et
266 1994 359 2023 non
387 1980 615 2022 Romanos
644 1975 795 2031 modo,
825 1974 901 2022 sed
926 1993 1080 2021 omnes
1106 1993 1244 2035 prope
1271 1989 1432 2035 gentes,
1459 1975 1493 2021 si
1519 1988 1668 2034 urgeat
1696 1992 1762 2020 res
1787 1973 1939 2020 eadem
1965 1987 2007 2020 et

198 2045 311 2091 ratio
344 2043 610 2091 decernendi
641 2061 734 2090 non
768 2044 821 2090 sit
855 2042 1035 2099 diversa,
1068 2060 1240 2103 semper
1272 2042 1455 2089 eandem
1489 2042 1541 2089 de
1573 2042 1843 2089 ornamentis
1876 2040 2004 2088 fuisse

198 2111 465 2159 feminarum
489 2111 742 2158 decreturos
763 2111 902 2171 legem
924 2125 1053 2171 atque
1074 2110 1371 2171 abrogaturos,
1397 2111 1478 2157 nisi
1501 2109 1607 2171 quid
1629 2109 1759 2157 habes
1781 2109 1835 2157 ad
1856 2109 1982 2156 haec?

285 2184 391 2240 ‘Ego
422 2183 557 2235 vero‚’
592 2181 786 2239 inquam,
819 2179 955 2226 ‘nihil.
987 2183 1108 2226 Nam
1139 2196 1239 2225 vere
1267 2178 1376 2224 mihi
1406 2178 1510 2225 duas
1538 2178 1641 2238 legis
1669 2178 1831 2238 species
1860 2177 2008 2224 fecisse

197 2247 369 2294 videris.
396 2252 460 2294 Ut
486 2247 620 2294 altera
644 2246 841 2294 mortalis
865 2247 933 2303 sit,
960 2265 1069 2307 quae
1094 2247 1285 2307 tempori
1311 2247 1503 2302 inservit;
1530 2246 1672 2292 oritur
1696 2263 1802 2292 vero
1826 2263 1928 2292 curn
1954 2262 2008 2292 eo

198 2315 470 2376 deperitque,
490 2330 539 2362 ut
559 2315 611 2362 de
632 2314 1016 2376 Hamadryadibus
1036 2314 1214 2362 tradunt
1231 2329 1401 2375 poetae,
1423 2332 1531 2375 quae
1551 2328 1789 2361 nascuntur
1809 2331 1910 2361 cum
1929 2330 2006 2361 sua

198 2384 368 2440 arbore,
390 2402 491 2431 cum
513 2402 598 2444 qua
618 2398 660 2430 et
679 2384 943 2430 moriuntur.
967 2383 1119 2430 Altera
1137 2382 1410 2439 immortalis,
1433 2382 1485 2430 de
1505 2382 1569 2429 his
1591 2382 1718 2429 rebus
1738 2399 1847 2443 quae
1868 2395 2005 2429 muta-

197 2453 383 2509 tionem,
404 2453 662 2499 varietatem
679 2451 1062 2512 diversitatemque
1079 2451 1267 2512 aliquam
1288 2469 1379 2498 non
1399 2451 1628 2512 recipiunt;
1649 2468 1772 2511 quae,
1791 2450 2002 2511 quoniam

198 2521 417 2568 rationem
442 2538 534 2567 non
557 2535 745 2577 mutant,
771 2521 995 2567 immutari
1019 2519 1158 2580 legem
1182 2519 1289 2566 nihil
1315 2520 1535 2567 convenit.
1561 2523 1710 2580 Itaque
1732 2533 1879 2566 manet
1903 2535 2004 2565 cum

196 2607 272 2636 sua
294 2590 478 2645 ratione,
501 2607 609 2649 quae
631 2588 930 2645 immutabilis,
956 2606 1064 2649 quae
1084 2603 1258 2635 aeterna
1277 2603 1352 2644 est,
1374 2587 1658 2635 immutabilis
1681 2604 1856 2648 quoque
1878 2601 2008 2647 atque

197 2672 374 2704 aeterna
392 2657 474 2704 lex.
497 2661 619 2704 Nam
642 2656 784 2704 dicere
806 2656 858 2704 de
880 2656 958 2713 his,
983 2674 1091 2717 quae
1114 2674 1206 2703 non
1228 2670 1343 2703 recte
1366 2656 1566 2703 homines
1590 2656 1841 2716 opinantur,
1866 2654 2005 2715 legem

198 2743 285 2772 esse
322 2725 560 2772 absurdum
600 2739 675 2772 est.
712 2724 795 2771 Sed
830 2724 937 2771 illud
972 2724 1104 2771 velim
1142 2724 1340 2784 explices,
1378 2725 1651 2771 existimesne
1689 2721 2006 2783 extemporales

198 2811 374 2853 quoque
397 2793 502 2849 illas,
522 2811 627 2853 quas
645 2807 693 2839 tu
713 2792 981 2853 appellavisti
1001 2792 1220 2848 mortales,
1242 2793 1286 2838 in
1307 2796 1456 2838 Iovem
1475 2809 1562 2838 esse
1582 2790 1848 2838 referendas?
1866 2794 1940 2836 An
1959 2790 2005 2836 in

196 2865 435 2908 Saturnum
458 2861 620 2921 potius,
646 2879 777 2921 quem
801 2875 961 2907 vocant
984 2861 1142 2907 Graeci
1164 2865 1352 2916 Κρόνον
1377 2874 1417 2906 et
1438 2877 1631 2921 praeesse
1655 2858 1846 2919 tempori
1869 2858 2003 2918 magis

279 3157 311 3170 ⁰⁰
330 3152 498 3196 Ps.Plato,
517 3156 640 3196 Minos,
660 3156 726 3190 315
745 3154 790 3189 A.

278 3215 311 3237 ΡΡ
330 3209 388 3247 Cf.
410 3211 485 3247 Liv.
500 3209 560 3247 Ab
576 3209 659 3247 urbe
675 3209 770 3247 cond.
792 3212 1053 3246 34.1.1-34.8.3.
