2118 3444
116 177 306 210 PUBLIC
334 176 614 209 ORATIONS
1829 169 1917 209 211

116 332 202 361 con
222 313 407 374 qualche
426 328 606 360 externa
621 312 956 373 significatione,
977 327 1245 360 certamente
1262 314 1364 373 ogni
1385 313 1612 374 corporale
1632 328 1732 360 acto
1747 313 1928 361 sarebbe

114 381 341 443 superfluo
367 396 408 428 et
431 382 475 428 io
496 381 605 428 sarei
626 395 742 428 stato
763 380 903 428 libero
927 380 982 428 da
1002 395 1152 442 questa
1173 398 1275 428 cura
1296 380 1468 428 d'avere
1491 399 1514 428 a
1535 380 1795 429 dimostrare
1818 381 1929 429 colle

113 449 264 511 parole
285 449 434 511 quello
454 449 534 496 che
555 449 577 496 ὲ
597 449 757 496 dentro
775 453 844 496 ne’
867 450 990 496 cuori
1011 467 1032 496 e
1053 449 1166 510 negli
1187 450 1336 506 animi,
1358 449 1402 497 di
1420 464 1543 497 tanta
1559 449 1832 511 perfectione
1852 450 1932 498 che

115 536 301 565 nessuna
321 517 473 579 parola
495 517 540 564 lo
561 517 653 578 puo
677 517 787 564 bene
810 517 1094 578 agu‹a>gliare.
1118 518 1248 565 Finis.

1009 660 1034 699 2

170 729 447 770 ORATION
468 729 546 769 To
569 729 684 768 THE
703 730 1128 769 AMBASSADORS
1151 731 1226 769 OF
1249 731 1422 769 LOUIS
1443 732 1502 768 XI
1525 731 1601 770 OF
1623 732 1873 777 FRANCE‚

341 800 407 837 IN
427 798 542 837 THE
562 799 731 837 NAME
753 799 829 838 OF
851 798 966 837 THE
988 799 1275 838 SIGNORIA
1298 799 1374 838 OF
1396 799 1705 838 FLORENCE

819 869 867 906 15
885 869 1077 918 January
1100 869 1223 906 1479*

197 957 394 1063 ἒξέὲέὶὼ.
414 962 591 999 62v-65r.
610 958 678 999 Ed.
699 958 900 1011 Godefroy
919 958 992 999 and
1009 958 1174 1011 Lenglet,
1192 960 1383 1000 Me'moires
1402 958 1532 1012 (God),
1557 963 1709 1000 184-88.
1727 959 1840 1008 Scala,

112 1122 301 1179 Quanto
325 1120 460 1180 magis
485 1120 697 1180 agitamus
721 1120 885 1176 animo,
913 1118 1135 1180 magnifici
1160 1118 1348 1167 domini¹
1375 1118 1435 1167 et²
1458 1119 1810 1168 excellentissimi
1835 1139 1928 1168 ora-

112 1202 243 1244 tores,
267 1187 380 1235 hanc
399 1189 561 1248 regiam
582 1187 960 1244 deliberationem,
982 1203 1109 1236 tanto
1129 1189 1329 1249 cogimur
1351 1188 1556 1236 admirari
1577 1190 1711 1250 magis
1733 1204 1863 1250 atque
1883 1190 1929 1236 in

112 1256 281 1304 caelum
316 1256 470 1303 tollere
505 1256 752 1304 bonitatem
787 1257 877 1304 eius
911 1271 1041 1317 atque
1073 1258 1345 1318 sapientiam,
1380 1258 1455 1318 qui
1490 1257 1575 1305 hoc
1610 1272 1826 1318 tempore,
1862 1257 1927 1305 his

112 1342 260 1372 rerum
283 1324 616 1372 conditionibus
639 1343 718 1372 vos
741 1326 906 1372 miserit
930 1326 975 1371 in
998 1325 1165 1372 Italiam
1186 1340 1316 1386 atque
1337 1344 1386 1373 ea
1404 1325 1572 1373 dederit
1594 1326 1801 1373 mandata
1819 1344 1929 1387 quae

37 1404 40 1408 ’
112 1392 221 1440 nulli
242 1394 324 1440 nisi
344 1394 533 1454 optimo,
557 1391 829 1450 iustissimo,3
849 1393 1227 1441 Christianissimo
1247 1395 1438 1455 principi
1459 1395 1763 1451 convenirent,
1785 1394 1830 1442 id
1849 1409 1926 1451 est,

110 1476 159 1508 ut
186 1461 231 1508 id
255 1461 430 1508 brevius
458 1461 666 1518 dicamus,
695 1462 932 1509 necessaria
955 1477 997 1509 et
1021 1480 1065 1509 se
1091 1461 1220 1523 digna
1244 1462 1463 1519 mandata,
1490 1462 1647 1524 quibus
1676 1463 1855 1524 quidem
1881 1464 1927 1509 in

109 1530 355 1590 praesentia
372 1529 437 1577 his
453 1531 625 1590 scriptis
642 1530 1019 1591 respondebimus,
1041 1545 1083 1578 et
1098 1545 1146 1578 ut
1162 1530 1353 1578 solemus
1371 1549 1473 1578 cum
1492 1531 1600 1592 quid
1613 1532 1785 1592 gravius
1803 1531 1928 1579 affer-

110 1612 184 1645 tur
207 1612 249 1645 et
274 1612 322 1645 ut
347 1596 443 1645 vos4
472 1616 630 1659 cupere
655 1597 986 1659 significavistis.
1014 1603 1088 1646 Est
1116 1614 1263 1646 autem
1288 1614 1330 1646 et
1355 1617 1456 1646 cum
1484 1599 1549 1646 his
1573 1599 1926 1660 praeclarissimis

109 1666 260 1726 legatis
275 1667 500 1713 sociorum
522 1667 849 1714 communicata
869 1685 948 1723 res,
965 1668 1057 1714 sine
1077 1685 1268 1728 quorum
1289 1668 1408 1728 gravi
1426 1667 1612 1715 consilio
1632 1682 1674 1715 et
1690 1668 1927 1729 prudentia

111 1734 223 1782 nihil
256 1734 377 1795 quod
410 1734 464 1781 ad
494 1753 586 1781 rem
620 1733 925 1782 communem⁵
960 1736 1141 1783 attineat
1172 1754 1295 1796 agere
1325 1737 1645 1783 consuevimus.
1682 1740 1926 1797 Sequemur

110 1821 217 1850 vero
239 1804 285 1849 in
308 1803 620 1863 respondendo
643 1803 832 1850 eundem
857 1821 1003 1850 rerum
1027 1803 1230 1851 ordinem
1254 1805 1329 1865 qui
1352 1803 1434 1851 fuit
1457 1804 1774 1865 elegantissima
1798 1806 1926 1852 orati-

110 1889 196 1918 one
219 1885 362 1918 vestra
381 1886 587 1918 servatus.

195 1940 394 1986 Primum
422 1940 553 2000 igitur
575 1940 671 2000 quis
693 1941 794 1987 satis
818 1955 859 1987 et
879 1958 964 2001 pro
987 1941 1147 1987 merito
1170 1940 1315 1988 laudet
1335 1942 1617 2001 propositum
1646 1940 1731 1988 hoc
1756 1942 1923 2002 regium

110 2022 152 2054 et
180 2007 567 2055 deliberationem?
598 2009 712 2067 Quis
742 2023 836 2068 agat
864 2008 1030 2056 debitas
1058 2009 1227 2069 gratias,
1258 2007 1528 2070 quanquam⁶
1558 2009 1680 2070 quod
1710 2010 1755 2055 in
1783 2010 1927 2070 prima

109 2075 338 2136 legationis
361 2091 527 2123 vestrae
548 2091 672 2137 parte
694 2077 950 2124 continetur
969 2077 1053 2124 tale
1076 2092 1152 2133 est,
1176 2092 1223 2124 ut
1248 2095 1340 2124 non
1363 2077 1502 2125 modo
1526 2077 1648 2125 Italia
1668 2093 1776 2134 tota,
1801 2079 1922 2125 cuius

109 2143 410 2191 conciliandae
441 2158 482 2191 et
510 2144 731 2204 pacandae
760 2163 885 2192 causa
914 2143 1105 2202 venitis,⁷
1132 2145 1207 2192 sed
1237 2164 1391 2193 omnes
1422 2145 1664 2193 Christiani
1693 2146 1849 2207 populi
1882 2161 1923 2193 et

107 2213 342 2273 principes,
362 2212 484 2273 quod
502 2212 722 2273 religionis
741 2228 914 2260 nostrae
931 2232 1104 2261 causam
1122 2215 1181 2261 ita
1193 2213 1591 2262 Christianissimus
1613 2233 1688 2262 rex
1703 2216 1922 2276 suscipiat,

109 2279 268 2327 debere
290 2280 510 2328 fateantur
528 2282 684 2341 gratias
706 2299 876 2329 necesse
899 2284 982 2329 est?

194 2348 307 2395 Illud
328 2348 450 2409 quod
472 2348 668 2396 secundo
690 2349 791 2396 loco
814 2364 876 2396 est
899 2364 941 2396 et
962 2349 1084 2410 quod
1106 2350 1160 2397 ad
1182 2368 1261 2397 nos
1283 2369 1479 2397 seorsum
1503 2352 1694 2411 pertinet
1718 2366 1759 2398 et
1781 2352 1927 2398 civita-

109 2430 200 2463 tem
217 2431 429 2472 nostram,
449 2435 529 2463 nos
547 2418 681 2477 magis
700 2418 746 2463 in
763 2417 928 2477 agenda
941 2419 1077 2478 gratia
1091 2417 1255 2478 fatigat,
1271 2436 1372 2465 cum
1390 2433 1512 2466 tanta
1528 2420 1642 2479 regia
1659 2419 1921 2475 humanitas,

189 2669 201 2683 ²
219 2664 297 2702 The
311 2664 441 2713 speech
461 2666 488 2702 is
503 2665 710 2703 subscribed
729 2667 768 2702 in
785 2665 880 2704 God:
901 2668 987 2714 ‘Ego
1007 2666 1281 2705 Bartholomeus
1299 2666 1405 2711 Scala,
1425 2667 1665 2705 Cancellarius
1683 2667 1923 2712 Florentinus‚

106 2730 214 2765 supra
230 2717 363 2765 scripta
381 2718 505 2755 omnia
520 2718 646 2766 scripsi
665 2730 700 2755 et
719 2719 874 2762 recitavi,
894 2719 1005 2756 iussus
1025 2733 1045 2756 a
1062 2718 1260 2767 magnificis
1278 2731 1313 2757 et
1332 2718 1474 2757 excelsis
1493 2720 1664 2757 Dominis
1684 2721 1783 2764 meis,
1805 2719 1927 2757 habita

107 2769 206 2817 prius
224 2781 365 2807 matura
385 2781 419 2807 et
438 2768 601 2817 diligenti
619 2769 905 2808 consideratione
926 2785 1009 2808 cum
1028 2770 1226 2819 magnificis
1247 2771 1450 2809 oratoribus
1471 2771 1725 2810 illustrissimae
1743 2773 1922 2810 societatis

108 2821 258 2866 Italicae,
274 2822 468 2871 magnifico
487 2823 641 2861 domino
661 2823 841 2862 Bernardo
861 2824 1009 2869 Bembo,
1028 2837 1171 2863 oratore
1189 2828 1340 2869 Veneto,
1359 2825 1555 2863 reverendo
1573 2837 1674 2874 patre
1690 2827 1737 2863 D.
1757 2825 1926 2874 Philippo

107 2875 344 2922 Sagramorio,
370 2887 514 2913 oratore
538 2875 860 2914 illustrissimorum
883 2878 931 2914 D.
952 2876 1087 2915 ducum
1111 2876 1320 2922 Mediolani,
1343 2890 1378 2915 et
1399 2877 1593 2926 magnifico
1617 2879 1664 2915 D.
1688 2879 1857 2916 Antonio
1877 2877 1922 2916 de

107 2928 373 2971 Montecatino,
402 2927 518 2965 incliti
545 2929 774 2966 Ferrariensis
800 2928 899 2966 ducis
928 2941 1083 2974 oratore,
1111 2941 1146 2967 et
1174 2929 1298 2967 habito
1327 2943 1454 2967 eomm
1484 2944 1671 2974 consensu,
1701 2931 1740 2967 in
1768 2944 1926 2979 quorum

107 2980 307 3027 praesentia
322 2993 342 3017 a
356 2979 471 3017 tribus
487 2994 530 3017 ex
545 2981 767 3018 Decemviris
785 2980 938 3019 excelsae
955 2982 1107 3019 civitatis
1124 2981 1324 3019 Florentiae
1339 2981 1383 3020 ad
1400 2981 1436 3019 id
1450 2981 1626 3030 delegatis,
1644 2981 1797 3020 domino
1817 2984 1923 3020 Petro

107 3031 151 3070 de
179 3032 393 3070 Minerbetis
419 3034 548 3082 equite,
575 3033 728 3071 domino
757 3034 938 3072 Bernardo
965 3034 1009 3072 de
1037 3036 1282 3072 Bonirominis
1308 3034 1574 3079 iurisconsulto,
1602 3047 1637 3073 et
1663 3036 1856 3073 Laurentio
1881 3035 1925 3073 de

108 3083 269 3128 Medicis,
291 3085 331 3121 in
350 3098 508 3133 quorum
527 3084 639 3123 fidem
659 3097 694 3123 et
711 3086 962 3124 testimonium
984 3086 1070 3124 haec
1087 3087 1211 3135 scripsi
1230 3100 1340 3124 manu
1358 3101 1438 3124 mea
1458 3099 1493 3124 et
1510 3087 1667 3135 sigillum
1686 3101 1839 3135 parvum
1858 3087 1926 3124 lilii

107 3135 238 3183 populi
255 3135 464 3174 Florentine
480 3138 631 3185 apposui
652 3136 722 3174 hoc
738 3136 795 3174 die
812 3137 949 3175 decima
969 3139 1095 3186 quinta
1112 3139 1265 3176 Ianuarii
1279 3139 1366 3175 anni
1382 3138 1564 3176 millesimi
1582 3138 1922 3187 quadringentesimi

106 3188 357 3235 septuagesimi
376 3189 519 3226 octavi?
