<?xml version="1.0" encoding="UTF-8"?>
<!DOCTYPE html PUBLIC "-//W3C//DTD XHTML 1.0 Transitional//EN"
    "http://www.w3.org/TR/xhtml1/DTD/xhtml1-transitional.dtd">
<html xmlns="http://www.w3.org/1999/xhtml" xml:lang="en" lang="en">
 <head>
  <title>
</title>
<meta http-equiv="Content-Type" content="text/html;charset=utf-8" />
  <meta name='ocr-system' content='tesseract 3.04.00' />
  <meta name='ocr-capabilities' content='ocr_page ocr_carea ocr_par ocr_line ocrx_word'/>
</head>
<body>
  <div class='ocr_page' id='page_1' title='image "bartolomeoscalah00scaluoft_0225.png"; bbox 0 0 2118 3444; ppageno 0'>
   <div class='ocr_carea' id='block_1_1' title="bbox 113 172 1906 213">
    <p class='ocr_par' dir='ltr' id='par_1_1' title="bbox 113 172 1906 213">
     <span class='ocr_line' id='line_1_1' title="bbox 113 172 1906 213; baseline 0 0"><span class='ocrx_word' id='word_1_1' title='bbox 113 178 342 213; x_wconf 78' lang='lat' dir='ltr'><strong>PRIVATE</strong></span> <span class='ocrx_word' id='word_1_2' title='bbox 367 178 594 212; x_wconf 85' lang='lat' dir='ltr'>LETTERS</span> <span class='ocrx_word' id='word_1_3' title='bbox 1819 172 1906 213; x_wconf 83' lang='lat'>185</span> 
     </span>
    </p>
   </div>
   <div class='ocr_carea' id='block_1_2' title="bbox 107 314 1913 1396">
    <p class='ocr_par' dir='ltr' id='par_1_2' title="bbox 107 314 1913 1396">
     <span class='ocr_line' id='line_1_2' title="bbox 112 314 1912 378; baseline -0.001 -14"><span class='ocrx_word' id='word_1_4' title='bbox 112 331 242 378; x_wconf 92' lang='lat' dir='ltr'>atque</span> <span class='ocrx_word' id='word_1_5' title='bbox 264 314 430 363; x_wconf 83' lang='lat' dir='ltr'>amicis⁴</span> <span class='ocrx_word' id='word_1_6' title='bbox 455 330 496 363; x_wconf 94' lang='lat' dir='ltr'>et</span> <span class='ocrx_word' id='word_1_7' title='bbox 519 315 662 363; x_wconf 82' lang='lat' dir='ltr'>favere</span> <span class='ocrx_word' id='word_1_8' title='bbox 684 330 726 362; x_wconf 87' lang='lat' dir='ltr'>et</span> <span class='ocrx_word' id='word_1_9' title='bbox 750 315 909 362; x_wconf 90' lang='lat' dir='ltr'>honori</span> <span class='ocrx_word' id='word_1_10' title='bbox 935 332 1022 362; x_wconf 90' lang='lat' dir='ltr'>esse</span> <span class='ocrx_word' id='word_1_11' title='bbox 1044 330 1086 362; x_wconf 92' lang='lat' dir='ltr'>et</span> <span class='ocrx_word' id='word_1_12' title='bbox 1108 314 1307 375; x_wconf 85' lang='lat' dir='ltr'>dignitati</span> <span class='ocrx_word' id='word_1_13' title='bbox 1331 333 1473 376; x_wconf 82' lang='lat' dir='ltr'><strong>queas.</strong></span> <span class='ocrx_word' id='word_1_14' title='bbox 1498 315 1784 363; x_wconf 89' lang='lat' dir='ltr'>Commendo</span> <span class='ocrx_word' id='word_1_15' title='bbox 1809 333 1912 376; x_wconf 92' lang='lat' dir='ltr'>ergo</span> 
     </span>
     <span class='ocr_line' id='line_1_3' title="bbox 112 381 1910 444; baseline -0.001 -12"><span class='ocrx_word' id='word_1_16' title='bbox 112 384 192 432; x_wconf 93' lang='lat' dir='ltr'>tibi</span> <span class='ocrx_word' id='word_1_17' title='bbox 214 388 376 432; x_wconf 90' lang='lat' dir='ltr'>Lucam</span> <span class='ocrx_word' id='word_1_18' title='bbox 397 383 514 431; x_wconf 91' lang='lat' dir='ltr'>hunc</span> <span class='ocrx_word' id='word_1_19' title='bbox 534 401 697 440; x_wconf 91' lang='lat' dir='ltr'>meum,</span> <span class='ocrx_word' id='word_1_20' title='bbox 720 384 794 444; x_wconf 93' lang='lat' dir='ltr'>qui</span> <span class='ocrx_word' id='word_1_21' title='bbox 815 383 889 430; x_wconf 90' lang='lat' dir='ltr'>has</span> <span class='ocrx_word' id='word_1_22' title='bbox 907 383 1045 430; x_wconf 92' lang='lat' dir='ltr'>modo</span> <span class='ocrx_word' id='word_1_23' title='bbox 1064 381 1163 430; x_wconf 86' lang='lat' dir='ltr'>tibi⁵</span> <span class='ocrx_word' id='word_1_24' title='bbox 1185 382 1335 431; x_wconf 89' lang='lat' dir='ltr'>reddet</span> <span class='ocrx_word' id='word_1_25' title='bbox 1351 382 1547 430; x_wconf 89' lang='lat' dir='ltr'>litteras.⁶</span> <span class='ocrx_word' id='word_1_26' title='bbox 1567 384 1910 444; x_wconf 86' lang='lat' dir='ltr'>Augustinianus</span> 
     </span>
     <span class='ocr_line' id='line_1_4' title="bbox 111 451 1912 518; baseline -0.001 -18"><span class='ocrx_word' id='word_1_27' title='bbox 111 453 255 500; x_wconf 89' lang='lat' dir='ltr'>bonus</span> <span class='ocrx_word' id='word_1_28' title='bbox 270 451 417 508; x_wconf 82' lang='lat' dir='ltr'>frater,</span> <span class='ocrx_word' id='word_1_29' title='bbox 432 469 528 499; x_wconf 90' lang='lat' dir='ltr'>mea</span> <span class='ocrx_word' id='word_1_30' title='bbox 540 452 770 507; x_wconf 90' lang='lat' dir='ltr'>sententia,</span> <span class='ocrx_word' id='word_1_31' title='bbox 784 452 1016 518; x_wconf 83' lang='lat' dir='ltr'>insectatus</span> <span class='ocrx_word' id='word_1_32' title='bbox 1030 466 1178 499; x_wconf 91' lang='lat' dir='ltr'>tamen</span> <span class='ocrx_word' id='word_1_33' title='bbox 1192 451 1432 499; x_wconf 88' lang='lat' dir='ltr'>maledictis</span> <span class='ocrx_word' id='word_1_34' title='bbox 1446 451 1770 513; x_wconf 83' lang='lat' dir='ltr'>malefactisque</span> <span class='ocrx_word' id='word_1_35' title='bbox 1784 470 1912 513; x_wconf 94' lang='lat' dir='ltr'>quor—</span> 
     </span>
     <span class='ocr_line' id='line_1_5' title="bbox 110 519 1913 581; baseline -0.001 -13"><span class='ocrx_word' id='word_1_36' title='bbox 110 520 307 576; x_wconf 88' lang='lat' dir='ltr'>umdam,</span> <span class='ocrx_word' id='word_1_37' title='bbox 337 520 494 581; x_wconf 86' lang='lat' dir='ltr'>quibus</span> <span class='ocrx_word' id='word_1_38' title='bbox 523 520 627 567; x_wconf 86' lang='lat' dir='ltr'>istae</span> <span class='ocrx_word' id='word_1_39' title='bbox 654 519 868 567; x_wconf 82' lang='lat' dir='ltr'>fraternae</span> <span class='ocrx_word' id='word_1_40' title='bbox 894 537 999 580; x_wconf 89' lang='lat' dir='ltr'>quas</span> <span class='ocrx_word' id='word_1_41' title='bbox 1024 534 1184 567; x_wconf 89' lang='lat' dir='ltr'>vocant</span> <span class='ocrx_word' id='word_1_42' title='bbox 1213 519 1424 567; x_wconf 82' lang='lat' dir='ltr'>factiones</span> <span class='ocrx_word' id='word_1_43' title='bbox 1450 520 1573 567; x_wconf 93' lang='lat' dir='ltr'>cordi</span> <span class='ocrx_word' id='word_1_44' title='bbox 1598 535 1714 576; x_wconf 91' lang='lat' dir='ltr'>sunt,</span> <span class='ocrx_word' id='word_1_45' title='bbox 1745 521 1778 567; x_wconf 90' lang='lat' dir='ltr'>is</span> <span class='ocrx_word' id='word_1_46' title='bbox 1805 521 1913 567; x_wconf 88' lang='lat' dir='ltr'>vixit</span> 
     </span>
     <span class='ocr_line' id='line_1_6' title="bbox 111 587 1911 649; baseline 0 -14"><span class='ocrx_word' id='word_1_47' title='bbox 111 588 227 649; x_wconf 90' lang='lat' dir='ltr'>apud</span> <span class='ocrx_word' id='word_1_48' title='bbox 245 605 324 635; x_wconf 93' lang='lat' dir='ltr'>vos</span> <span class='ocrx_word' id='word_1_49' title='bbox 343 588 518 635; x_wconf 89' lang='lat' dir='ltr'>diutius.</span> <span class='ocrx_word' id='word_1_50' title='bbox 539 587 700 634; x_wconf 89' lang='lat' dir='ltr'>Melius</span> <span class='ocrx_word' id='word_1_51' title='bbox 720 605 851 648; x_wconf 92' lang='lat' dir='ltr'>quam</span> <span class='ocrx_word' id='word_1_52' title='bbox 871 605 952 647; x_wconf 92' lang='lat' dir='ltr'>ego</span> <span class='ocrx_word' id='word_1_53' title='bbox 971 605 1088 634; x_wconf 92' lang='lat' dir='ltr'>nunc</span> <span class='ocrx_word' id='word_1_54' title='bbox 1107 587 1341 635; x_wconf 86' lang='lat' dir='ltr'>scriberem</span> <span class='ocrx_word' id='word_1_55' title='bbox 1363 588 1554 635; x_wconf 87' lang='lat' dir='ltr'>hominis</span> <span class='ocrx_word' id='word_1_56' title='bbox 1576 606 1720 635; x_wconf 93' lang='lat' dir='ltr'>mores</span> <span class='ocrx_word' id='word_1_57' title='bbox 1742 589 1911 635; x_wconf 88' lang='lat' dir='ltr'>noveri-</span> 
     </span>
     <span class='ocr_line' id='line_1_7' title="bbox 110 655 1913 717; baseline 0 -14"><span class='ocrx_word' id='word_1_58' title='bbox 110 657 165 703; x_wconf 89' lang='lat' dir='ltr'>tis</span> <span class='ocrx_word' id='word_1_59' title='bbox 194 673 364 703; x_wconf 87' lang='lat' dir='ltr'>necesse</span> <span class='ocrx_word' id='word_1_60' title='bbox 392 670 468 703; x_wconf 90' lang='lat' dir='ltr'>est.</span> <span class='ocrx_word' id='word_1_61' title='bbox 496 656 598 702; x_wconf 88' lang='lat' dir='ltr'>Eius</span> <span class='ocrx_word' id='word_1_62' title='bbox 628 673 799 702; x_wconf 89' lang='lat' dir='ltr'>causam</span> <span class='ocrx_word' id='word_1_63' title='bbox 828 673 1062 716; x_wconf 86' lang='lat' dir='ltr'>cognosces</span> <span class='ocrx_word' id='word_1_64' title='bbox 1091 673 1143 702; x_wconf 89' lang='lat' dir='ltr'>ex</span> <span class='ocrx_word' id='word_1_65' title='bbox 1170 656 1276 716; x_wconf 91' lang='lat' dir='ltr'>ipso.</span> <span class='ocrx_word' id='word_1_66' title='bbox 1310 658 1470 703; x_wconf 92' lang='lat' dir='ltr'>Precor</span> <span class='ocrx_word' id='word_1_67' title='bbox 1496 671 1538 703; x_wconf 93' lang='lat' dir='ltr'>te</span> <span class='ocrx_word' id='word_1_68' title='bbox 1565 655 1751 703; x_wconf 91' lang='lat' dir='ltr'>consilio</span> <span class='ocrx_word' id='word_1_69' title='bbox 1782 674 1913 717; x_wconf 89' lang='lat' dir='ltr'>reque</span> 
     </span>
     <span class='ocr_line' id='line_1_8' title="bbox 111 721 1912 784; baseline 0 -14"><span class='ocrx_word' id='word_1_70' title='bbox 111 725 242 771; x_wconf 92' lang='lat' dir='ltr'>iuves.</span> <span class='ocrx_word' id='word_1_71' title='bbox 269 723 404 770; x_wconf 91' lang='lat' dir='ltr'>Multi</span> <span class='ocrx_word' id='word_1_72' title='bbox 427 738 469 770; x_wconf 93' lang='lat' dir='ltr'>te</span> <span class='ocrx_word' id='word_1_73' title='bbox 493 723 595 770; x_wconf 86' lang='lat' dir='ltr'>facit</span> <span class='ocrx_word' id='word_1_74' title='bbox 617 738 773 784; x_wconf 90' lang='lat' dir='ltr'>suopte</span> <span class='ocrx_word' id='word_1_75' title='bbox 798 721 1006 783; x_wconf 89' lang='lat' dir='ltr'>ingenio;7</span> <span class='ocrx_word' id='word_1_76' title='bbox 1033 741 1114 784; x_wconf 91' lang='lat' dir='ltr'>ego</span> <span class='ocrx_word' id='word_1_77' title='bbox 1137 741 1327 784; x_wconf 91' lang='lat' dir='ltr'>quoque,</span> <span class='ocrx_word' id='word_1_78' title='bbox 1352 738 1566 784; x_wconf 88' lang='lat' dir='ltr'>quantum</span> <span class='ocrx_word' id='word_1_79' title='bbox 1590 725 1732 784; x_wconf 92' lang='lat' dir='ltr'>potui,</span> <span class='ocrx_word' id='word_1_80' title='bbox 1758 725 1912 771; x_wconf 89' lang='lat' dir='ltr'>ornavi</span> 
     </span>
     <span class='ocr_line' id='line_1_9' title="bbox 110 790 1912 853; baseline 0.001 -15"><span class='ocrx_word' id='word_1_81' title='bbox 110 806 153 838; x_wconf 91' lang='lat' dir='ltr'>te</span> <span class='ocrx_word' id='word_1_82' title='bbox 168 806 217 838; x_wconf 90' lang='lat' dir='ltr'>ut</span> <span class='ocrx_word' id='word_1_83' title='bbox 236 792 378 838; x_wconf 92' lang='lat' dir='ltr'>maior</span> <span class='ocrx_word' id='word_1_84' title='bbox 394 790 504 838; x_wconf 84' lang='lat' dir='ltr'>fides</span> <span class='ocrx_word' id='word_1_85' title='bbox 520 806 628 838; x_wconf 88' lang='lat' dir='ltr'>esset</span> <span class='ocrx_word' id='word_1_86' title='bbox 646 791 855 838; x_wconf 90' lang='lat' dir='ltr'>bonitatis</span> <span class='ocrx_word' id='word_1_87' title='bbox 871 792 1192 852; x_wconf 85' lang='lat' dir='ltr'>sapientiaeque</span> <span class='ocrx_word' id='word_1_88' title='bbox 1210 806 1321 838; x_wconf 90' lang='lat' dir='ltr'>tuae.</span> <span class='ocrx_word' id='word_1_89' title='bbox 1339 792 1382 838; x_wconf 93' lang='lat' dir='ltr'>Si</span> <span class='ocrx_word' id='word_1_90' title='bbox 1400 809 1500 838; x_wconf 93' lang='lat' dir='ltr'>cum</span> <span class='ocrx_word' id='word_1_91' title='bbox 1520 793 1646 847; x_wconf 92' lang='lat' dir='ltr'>irato,</span> <span class='ocrx_word' id='word_1_92' title='bbox 1664 807 1711 839; x_wconf 93' lang='lat' dir='ltr'>ut</span> <span class='ocrx_word' id='word_1_93' title='bbox 1728 793 1912 853; x_wconf 90' lang='lat' dir='ltr'>suspica-</span> 
     </span>
     <span class='ocr_line' id='line_1_10' title="bbox 109 857 1913 919; baseline 0.001 -13"><span class='ocrx_word' id='word_1_94' title='bbox 109 874 195 915; x_wconf 90' lang='lat' dir='ltr'>tur,</span> <span class='ocrx_word' id='word_1_95' title='bbox 216 859 357 906; x_wconf 90' lang='lat' dir='ltr'>iudice</span> <span class='ocrx_word' id='word_1_96' title='bbox 379 876 445 906; x_wconf 91' lang='lat' dir='ltr'>res</span> <span class='ocrx_word' id='word_1_97' title='bbox 464 857 559 915; x_wconf 81' lang='lat' dir='ltr'>est‚⁸</span> <span class='ocrx_word' id='word_1_98' title='bbox 581 860 747 906; x_wconf 91' lang='lat' dir='ltr'>cautius</span> <span class='ocrx_word' id='word_1_99' title='bbox 768 858 1035 919; x_wconf 91' lang='lat' dir='ltr'>ingrediatur</span> <span class='ocrx_word' id='word_1_100' title='bbox 1053 877 1223 906; x_wconf 90' lang='lat' dir='ltr'>necesse</span> <span class='ocrx_word' id='word_1_101' title='bbox 1243 860 1337 906; x_wconf 93' lang='lat' dir='ltr'>erit.</span> <span class='ocrx_word' id='word_1_102' title='bbox 1358 861 1427 906; x_wconf 93' lang='lat' dir='ltr'>Tu</span> <span class='ocrx_word' id='word_1_103' title='bbox 1449 860 1620 907; x_wconf 89' lang='lat' dir='ltr'>cortina</span> <span class='ocrx_word' id='word_1_104' title='bbox 1637 861 1720 907; x_wconf 91' lang='lat' dir='ltr'>eris</span> <span class='ocrx_word' id='word_1_105' title='bbox 1739 861 1843 916; x_wconf 91' lang='lat' dir='ltr'>eius,</span> <span class='ocrx_word' id='word_1_106' title='bbox 1865 875 1913 907; x_wconf 95' lang='lat' dir='ltr'>tu</span> 
     </span>
     <span class='ocr_line' id='line_1_11' title="bbox 109 926 1911 988; baseline 0.001 -15"><span class='ocrx_word' id='word_1_107' title='bbox 109 926 290 988; x_wconf 85' lang='lat' dir='ltr'>Apollo;</span> <span class='ocrx_word' id='word_1_108' title='bbox 316 926 438 987; x_wconf 94' lang='lat' dir='ltr'>quod</span> <span class='ocrx_word' id='word_1_109' title='bbox 461 927 500 974; x_wconf 92' lang='lat' dir='ltr'>ei</span> <span class='ocrx_word' id='word_1_110' title='bbox 523 926 754 973; x_wconf 88' lang='lat' dir='ltr'>consilium</span> <span class='ocrx_word' id='word_1_111' title='bbox 780 926 962 983; x_wconf 92' lang='lat' dir='ltr'>dederis,</span> <span class='ocrx_word' id='word_1_112' title='bbox 985 926 1030 974; x_wconf 94' lang='lat' dir='ltr'>id</span> <span class='ocrx_word' id='word_1_113' title='bbox 1050 942 1266 988; x_wconf 90' lang='lat' dir='ltr'>sequetur.</span> <span class='ocrx_word' id='word_1_114' title='bbox 1292 931 1340 974; x_wconf 94' lang='lat' dir='ltr'>In</span> <span class='ocrx_word' id='word_1_115' title='bbox 1364 945 1434 974; x_wconf 93' lang='lat' dir='ltr'>me</span> <span class='ocrx_word' id='word_1_116' title='bbox 1455 927 1588 974; x_wconf 93' lang='lat' dir='ltr'>velim</span> <span class='ocrx_word' id='word_1_117' title='bbox 1609 943 1735 988; x_wconf 92' lang='lat' dir='ltr'>putes</span> <span class='ocrx_word' id='word_1_118' title='bbox 1759 943 1911 975; x_wconf 92' lang='lat' dir='ltr'>contu-</span> 
     </span>
     <span class='ocr_line' id='line_1_12' title="bbox 108 990 1909 1057; baseline 0.001 -15"><span class='ocrx_word' id='word_1_119' title='bbox 108 994 204 1042; x_wconf 87' lang='lat' dir='ltr'>lisse</span> <span class='ocrx_word' id='word_1_120' title='bbox 227 1010 270 1042; x_wconf 92' lang='lat' dir='ltr'>te</span> <span class='ocrx_word' id='word_1_121' title='bbox 290 993 570 1042; x_wconf 85' lang='lat' dir='ltr'>beneficium.</span> <span class='ocrx_word' id='word_1_122' title='bbox 596 997 807 1042; x_wconf 90' lang='lat' dir='ltr'>Ceterum</span> <span class='ocrx_word' id='word_1_123' title='bbox 828 995 978 1056; x_wconf 87' lang='lat' dir='ltr'>scripsi</span> <span class='ocrx_word' id='word_1_124' title='bbox 1000 995 1219 1056; x_wconf 91' lang='lat' dir='ltr'>quandam</span> <span class='ocrx_word' id='word_1_125' title='bbox 1243 990 1548 1056; x_wconf 79' lang='lat' dir='ltr'>Apologiam,b</span> <span class='ocrx_word' id='word_1_126' title='bbox 1569 1011 1617 1043; x_wconf 96' lang='lat' dir='ltr'>ut</span> <span class='ocrx_word' id='word_1_127' title='bbox 1637 1014 1722 1057; x_wconf 92' lang='lat' dir='ltr'>pro</span> <span class='ocrx_word' id='word_1_128' title='bbox 1744 996 1909 1043; x_wconf 91' lang='lat' dir='ltr'>viribus</span> 
     </span>
     <span class='ocr_line' id='line_1_13' title="bbox 110 1061 1909 1125; baseline 0.001 -16"><span class='ocrx_word' id='word_1_129' title='bbox 110 1062 421 1123; x_wconf 88' lang='lat' dir='ltr'>responderem</span> <span class='ocrx_word' id='word_1_130' title='bbox 440 1062 810 1110; x_wconf 87' lang='lat' dir='ltr'>obtrectatoribus</span> <span class='ocrx_word' id='word_1_131' title='bbox 828 1063 1087 1124; x_wconf 87' lang='lat' dir='ltr'>quibusdam</span> <span class='ocrx_word' id='word_1_132' title='bbox 1108 1061 1285 1110; x_wconf 84' lang='lat' dir='ltr'>nostris9</span> <span class='ocrx_word' id='word_1_133' title='bbox 1304 1064 1379 1124; x_wconf 92' lang='lat' dir='ltr'>qui</span> <span class='ocrx_word' id='word_1_134' title='bbox 1396 1064 1441 1110; x_wconf 91' lang='lat' dir='ltr'>in</span> <span class='ocrx_word' id='word_1_135' title='bbox 1460 1078 1656 1111; x_wconf 87' lang='lat' dir='ltr'>nostram</span> <span class='ocrx_word' id='word_1_136' title='bbox 1676 1064 1909 1125; x_wconf 91' lang='lat' dir='ltr'>rempubli-</span> 
     </span>
     <span class='ocr_line' id='line_1_14' title="bbox 108 1130 1909 1192; baseline 0.002 -15"><span class='ocrx_word' id='word_1_137' title='bbox 108 1148 204 1178; x_wconf 88' lang='lat' dir='ltr'>cam</span> <span class='ocrx_word' id='word_1_138' title='bbox 226 1130 403 1178; x_wconf 90' lang='lat' dir='ltr'>liberius</span> <span class='ocrx_word' id='word_1_139' title='bbox 427 1130 708 1178; x_wconf 85' lang='lat' dir='ltr'>invehuntur.</span> <span class='ocrx_word' id='word_1_140' title='bbox 732 1135 839 1178; x_wconf 89' lang='lat' dir='ltr'>Earn</span> <span class='ocrx_word' id='word_1_141' title='bbox 862 1132 995 1178; x_wconf 92' lang='lat' dir='ltr'>mitto</span> <span class='ocrx_word' id='word_1_142' title='bbox 1015 1131 1070 1178; x_wconf 95' lang='lat' dir='ltr'>ad</span> <span class='ocrx_word' id='word_1_143' title='bbox 1089 1146 1131 1178; x_wconf 93' lang='lat' dir='ltr'>te</span> <span class='ocrx_word' id='word_1_144' title='bbox 1149 1131 1391 1192; x_wconf 87' lang='lat' dir='ltr'>legendam,</span> <span class='ocrx_word' id='word_1_145' title='bbox 1411 1133 1447 1179; x_wconf 89' lang='lat' dir='ltr'>si</span> <span class='ocrx_word' id='word_1_146' title='bbox 1468 1147 1642 1179; x_wconf 87' lang='lat' dir='ltr'>tantum</span> <span class='ocrx_word' id='word_1_147' title='bbox 1665 1133 1745 1180; x_wconf 90' lang='lat' dir='ltr'>otii</span> <span class='ocrx_word' id='word_1_148' title='bbox 1765 1132 1909 1180; x_wconf 83' lang='lat' dir='ltr'>fuerit.</span> 
     </span>
     <span class='ocr_line' id='line_1_15' title="bbox 107 1198 1910 1262; baseline 0.001 -16"><span class='ocrx_word' id='word_1_149' title='bbox 107 1198 191 1246; x_wconf 91' lang='lat' dir='ltr'>Sed</span> <span class='ocrx_word' id='word_1_150' title='bbox 208 1198 348 1246; x_wconf 89' lang='lat' dir='ltr'>valeat</span> <span class='ocrx_word' id='word_1_151' title='bbox 366 1198 482 1260; x_wconf 93' lang='lat' dir='ltr'>apud</span> <span class='ocrx_word' id='word_1_152' title='bbox 499 1213 542 1246; x_wconf 94' lang='lat' dir='ltr'>te</span> <span class='ocrx_word' id='word_1_153' title='bbox 560 1217 609 1246; x_wconf 89' lang='lat' dir='ltr'>ac</span> <span class='ocrx_word' id='word_1_154' title='bbox 626 1217 801 1260; x_wconf 93' lang='lat' dir='ltr'>quoque</span> <span class='ocrx_word' id='word_1_155' title='bbox 823 1200 867 1246; x_wconf 93' lang='lat' dir='ltr'>in</span> <span class='ocrx_word' id='word_1_156' title='bbox 885 1214 1008 1260; x_wconf 90' lang='lat' dir='ltr'>parte</span> <span class='ocrx_word' id='word_1_157' title='bbox 1026 1214 1175 1247; x_wconf 90' lang='lat' dir='ltr'>nostra</span> <span class='ocrx_word' id='word_1_158' title='bbox 1193 1199 1503 1248; x_wconf 88' lang='lat' dir='ltr'>benivolentia:</span> <span class='ocrx_word' id='word_1_159' title='bbox 1526 1204 1670 1262; x_wconf 86' lang='lat' dir='ltr'>‘atque</span> <span class='ocrx_word' id='word_1_160' title='bbox 1689 1200 1801 1248; x_wconf 89' lang='lat' dir='ltr'>hanc</span> <span class='ocrx_word' id='word_1_161' title='bbox 1818 1202 1910 1248; x_wconf 91' lang='lat' dir='ltr'>sine</span> 
     </span>
     <span class='ocr_line' id='line_1_16' title="bbox 107 1267 1913 1329; baseline 0.002 -16"><span class='ocrx_word' id='word_1_162' title='bbox 107 1281 310 1328; x_wconf 91' lang='lat' dir='ltr'>tempora</span> <span class='ocrx_word' id='word_1_163' title='bbox 339 1268 504 1314; x_wconf 91' lang='lat' dir='ltr'>circum</span> <span class='ocrx_word' id='word_1_164' title='bbox 538 1268 653 1314; x_wconf 91' lang='lat' dir='ltr'>inter</span> <span class='ocrx_word' id='word_1_165' title='bbox 681 1268 879 1315; x_wconf 91' lang='lat' dir='ltr'>victrices</span> <span class='ocrx_word' id='word_1_166' title='bbox 910 1267 1114 1315; x_wconf 86' lang='lat' dir='ltr'>hederam</span> <span class='ocrx_word' id='word_1_167' title='bbox 1145 1268 1226 1315; x_wconf 92' lang='lat' dir='ltr'>tibi</span> <span class='ocrx_word' id='word_1_168' title='bbox 1253 1286 1423 1329; x_wconf 90' lang='lat' dir='ltr'>serpere</span> <span class='ocrx_word' id='word_1_169' title='bbox 1454 1267 1664 1325; x_wconf 86' lang='lat' dir='ltr'>lauros,&#39;¹⁰</span> <span class='ocrx_word' id='word_1_170' title='bbox 1698 1284 1746 1316; x_wconf 93' lang='lat' dir='ltr'>ut</span> <span class='ocrx_word' id='word_1_171' title='bbox 1778 1272 1913 1317; x_wconf 91' lang='lat' dir='ltr'>Poeta</span> 
     </span>
     <span class='ocr_line' id='line_1_17' title="bbox 107 1335 1906 1396; baseline 0.001 -14"><span class='ocrx_word' id='word_1_172' title='bbox 107 1335 198 1382; x_wconf 61' lang='lat' dir='ltr'>aits·</span> <span class='ocrx_word' id='word_1_173' title='bbox 223 1335 363 1394; x_wconf 90' lang='lat' dir='ltr'>Quod</span> <span class='ocrx_word' id='word_1_174' title='bbox 388 1336 469 1382; x_wconf 91' lang='lat' dir='ltr'>erit</span> <span class='ocrx_word' id='word_1_175' title='bbox 493 1335 545 1382; x_wconf 94' lang='lat' dir='ltr'>de</span> <span class='ocrx_word' id='word_1_176' title='bbox 569 1336 659 1396; x_wconf 91' lang='lat' dir='ltr'>ipsa</span> <span class='ocrx_word' id='word_1_177' title='bbox 683 1350 810 1382; x_wconf 92' lang='lat' dir='ltr'>tuum</span> <span class='ocrx_word' id='word_1_178' title='bbox 838 1335 1062 1392; x_wconf 90' lang='lat' dir='ltr'>iudicium,</span> <span class='ocrx_word' id='word_1_179' title='bbox 1088 1351 1259 1396; x_wconf 90' lang='lat' dir='ltr'>gratum</span> <span class='ocrx_word' id='word_1_180' title='bbox 1286 1337 1365 1383; x_wconf 93' lang='lat' dir='ltr'>erit</span> <span class='ocrx_word' id='word_1_181' title='bbox 1388 1338 1423 1384; x_wconf 92' lang='lat' dir='ltr'>si</span> <span class='ocrx_word' id='word_1_182' title='bbox 1449 1338 1665 1384; x_wconf 88' lang='lat' dir='ltr'>curaveris</span> <span class='ocrx_word' id='word_1_183' title='bbox 1688 1352 1736 1384; x_wconf 91' lang='lat' dir='ltr'>ut</span> <span class='ocrx_word' id='word_1_184' title='bbox 1759 1339 1906 1384; x_wconf 91' lang='lat' dir='ltr'>sciam.</span> 
     </span>
    </p>
   </div>
   <div class='ocr_carea' id='block_1_3' title="bbox 106 1402 226 1449">
    <p class='ocr_par' dir='ltr' id='par_1_3' title="bbox 106 1402 226 1449">
     <span class='ocr_line' id='line_1_18' title="bbox 106 1402 226 1449; baseline 0 0"><span class='ocrx_word' id='word_1_185' title='bbox 106 1402 226 1449; x_wconf 86' lang='lat' dir='ltr'>Vale.</span> 
     </span>
    </p>
   </div>
   <div class='ocr_carea' id='block_1_4' title="bbox 564 1545 1450 1731">
    <p class='ocr_par' dir='ltr' id='par_1_4' title="bbox 564 1545 1450 1731">
     <span class='ocr_line' id='line_1_19' title="bbox 968 1545 1048 1586; baseline 0.013 -1"><span class='ocrx_word' id='word_1_186' title='bbox 968 1545 1048 1586; x_wconf 85' lang='lat'>223</span> 
     </span>
     <span class='ocr_line' id='line_1_20' title="bbox 564 1613 1450 1655; baseline 0.003 -3"><span class='ocrx_word' id='word_1_187' title='bbox 564 1613 642 1653; x_wconf 87' lang='lat' dir='ltr'>To</span> <span class='ocrx_word' id='word_1_188' title='bbox 663 1615 944 1654; x_wconf 80' lang='lat' dir='ltr'>MARIANO</span> <span class='ocrx_word' id='word_1_189' title='bbox 966 1615 1046 1653; x_wconf 88' lang='lat' dir='ltr'>DA</span> <span class='ocrx_word' id='word_1_190' title='bbox 1068 1615 1450 1655; x_wconf 77' lang='lat' dir='ltr'>GENAZZANO³</span> 
     </span>
     <span class='ocr_line' id='line_1_21' title="bbox 800 1682 1217 1731; baseline 0.002 -9"><span class='ocrx_word' id='word_1_191' title='bbox 800 1682 1070 1730; x_wconf 87' lang='lat' dir='ltr'>[November</span> <span class='ocrx_word' id='word_1_192' title='bbox 1094 1685 1217 1731; x_wconf 88' lang='grc'>1496]</span> 
     </span>
    </p>
   </div>
   <div class='ocr_carea' id='block_1_5' title="bbox 188 1772 1821 1884">
    <p class='ocr_par' dir='ltr' id='par_1_5' title="bbox 188 1772 1821 1884">
     <span class='ocr_line' id='line_1_22' title="bbox 188 1772 1821 1830; baseline 0.004 -18"><span class='ocrx_word' id='word_1_193' title='bbox 188 1775 273 1821; x_wconf 89' lang='lat' dir='ltr'>Mo,</span> <span class='ocrx_word' id='word_1_194' title='bbox 295 1772 380 1813; x_wconf 80' lang='lat' dir='ltr'>fols.</span> <span class='ocrx_word' id='word_1_195' title='bbox 401 1777 530 1814; x_wconf 88' lang='lat' dir='ltr'>2v—3r.</span> <span class='ocrx_word' id='word_1_196' title='bbox 548 1774 774 1827; x_wconf 87' lang='lat' dir='ltr'>Autograph</span> <span class='ocrx_word' id='word_1_197' title='bbox 797 1774 895 1815; x_wconf 79' lang='lat' dir='ltr'>draft</span> <span class='ocrx_word' id='word_1_198' title='bbox 917 1774 1006 1827; x_wconf 87' lang='lat' dir='ltr'>(m2)</span> <span class='ocrx_word' id='word_1_199' title='bbox 1032 1775 1105 1816; x_wconf 89' lang='lat' dir='ltr'>and</span> <span class='ocrx_word' id='word_1_200' title='bbox 1124 1776 1250 1816; x_wconf 88' lang='lat' dir='ltr'>Scribe</span> <span class='ocrx_word' id='word_1_201' title='bbox 1271 1779 1300 1816; x_wconf 89' lang='lat' dir='ltr'>E</span> <span class='ocrx_word' id='word_1_202' title='bbox 1324 1776 1427 1828; x_wconf 92' lang='lat' dir='ltr'>(ml),</span> <span class='ocrx_word' id='word_1_203' title='bbox 1449 1776 1602 1818; x_wconf 84' lang='lat' dir='ltr'>headed:</span> <span class='ocrx_word' id='word_1_204' title='bbox 1627 1779 1821 1830; x_wconf 83' lang='lat' dir='ltr'>‘Magistro</span> 
     </span>
     <span class='ocr_line' id='line_1_23' title="bbox 188 1829 1432 1884; baseline 0.004 -16"><span class='ocrx_word' id='word_1_205' title='bbox 188 1829 377 1877; x_wconf 88' lang='lat' dir='ltr'>Mariano,</span> <span class='ocrx_word' id='word_1_206' title='bbox 396 1830 547 1870; x_wconf 86' lang='lat' dir='ltr'>Vicario</span> <span class='ocrx_word' id='word_1_207' title='bbox 568 1831 852 1871; x_wconf 87' lang='lat' dir='ltr'>Heremitarum</span> <span class='ocrx_word' id='word_1_208' title='bbox 871 1832 1099 1884; x_wconf 56' lang='lat' dir='ltr'>Augustini]</span> <span class='ocrx_word' id='word_1_209' title='bbox 1121 1831 1233 1880; x_wconf 85' lang='lat' dir='ltr'>Scala,</span> <span class='ocrx_word' id='word_1_210' title='bbox 1259 1835 1323 1873; x_wconf 88' lang='grc'>128</span> <span class='ocrx_word' id='word_1_211' title='bbox 1343 1835 1432 1881; x_wconf 93' lang='grc'>[87].</span> 
     </span>
    </p>
   </div>
   <div class='ocr_carea' id='block_1_6' title="bbox 100 1932 1908 2611">
    <p class='ocr_par' dir='ltr' id='par_1_6' title="bbox 100 1932 1908 2611">
     <span class='ocr_line' id='line_1_24' title="bbox 106 1932 1908 1995; baseline 0.003 -16"><span class='ocrx_word' id='word_1_212' title='bbox 106 1932 442 1980; x_wconf 89' lang='lat' dir='ltr'>Bartholomeus</span> <span class='ocrx_word' id='word_1_213' title='bbox 470 1933 590 1981; x_wconf 87' lang='lat' dir='ltr'>Scala</span> <span class='ocrx_word' id='word_1_214' title='bbox 615 1935 822 1995; x_wconf 87' lang='lat' dir='ltr'>magistro</span> <span class='ocrx_word' id='word_1_215' title='bbox 849 1936 1053 1983; x_wconf 89' lang='lat' dir='ltr'>Mariano</span> <span class='ocrx_word' id='word_1_216' title='bbox 1078 1935 1261 1983; x_wconf 87' lang='lat' dir='ltr'>salutem</span> <span class='ocrx_word' id='word_1_217' title='bbox 1291 1936 1409 1984; x_wconf 88' lang='lat' dir='ltr'>dicit.</span> <span class='ocrx_word' id='word_1_218' title='bbox 1436 1937 1555 1985; x_wconf 89' lang='lat' dir='ltr'>Male</span> <span class='ocrx_word' id='word_1_219' title='bbox 1579 1955 1814 1985; x_wconf 88' lang='lat' dir='ltr'>succenseo</span> <span class='ocrx_word' id='word_1_220' title='bbox 1843 1938 1908 1986; x_wconf 91' lang='lat' dir='ltr'>his</span> 
     </span>
     <span class='ocr_line' id='line_1_25' title="bbox 105 2001 1908 2068; baseline 0.004 -21"><span class='ocrx_word' id='word_1_221' title='bbox 105 2001 212 2048; x_wconf 87' lang='lat' dir='ltr'>meis</span> <span class='ocrx_word' id='word_1_222' title='bbox 231 2001 542 2049; x_wconf 88' lang='lat' dir='ltr'>intestinorum</span> <span class='ocrx_word' id='word_1_223' title='bbox 562 2003 831 2050; x_wconf 89' lang='lat' dir='ltr'>tortionibus</span> <span class='ocrx_word' id='word_1_224' title='bbox 850 2004 925 2064; x_wconf 95' lang='lat' dir='ltr'>qui</span> <span class='ocrx_word' id='word_1_225' title='bbox 942 2003 1108 2065; x_wconf 86' lang='lat' dir='ltr'>aliquot</span> <span class='ocrx_word' id='word_1_226' title='bbox 1126 2004 1216 2052; x_wconf 91' lang='lat' dir='ltr'>dies</span> <span class='ocrx_word' id='word_1_227' title='bbox 1232 2020 1514 2062; x_wconf 90' lang='lat' dir='ltr'>vexaverunt,</span> <span class='ocrx_word' id='word_1_228' title='bbox 1532 2024 1624 2053; x_wconf 93' lang='lat' dir='ltr'>non</span> <span class='ocrx_word' id='word_1_229' title='bbox 1642 2006 1786 2054; x_wconf 92' lang='lat' dir='ltr'>solum</span> <span class='ocrx_word' id='word_1_230' title='bbox 1807 2008 1908 2068; x_wconf 91' lang='lat' dir='ltr'>quia</span> 
     </span>
     <span class='ocr_line' id='line_1_26' title="bbox 104 2069 1907 2134; baseline 0.004 -19"><span class='ocrx_word' id='word_1_231' title='bbox 104 2069 300 2129; x_wconf 90' lang='lat' dir='ltr'>ingentes</span> <span class='ocrx_word' id='word_1_232' title='bbox 319 2069 562 2117; x_wconf 92' lang='lat' dir='ltr'>intulerunt</span> <span class='ocrx_word' id='word_1_233' title='bbox 583 2070 770 2127; x_wconf 92' lang='lat' dir='ltr'>dolores,</span> <span class='ocrx_word' id='word_1_234' title='bbox 790 2090 943 2118; x_wconf 89' lang='lat' dir='ltr'>verum</span> <span class='ocrx_word' id='word_1_235' title='bbox 965 2073 1096 2119; x_wconf 90' lang='lat' dir='ltr'>etiam</span> <span class='ocrx_word' id='word_1_236' title='bbox 1114 2074 1215 2134; x_wconf 93' lang='lat' dir='ltr'>quia</span> <span class='ocrx_word' id='word_1_237' title='bbox 1233 2091 1381 2120; x_wconf 91' lang='lat' dir='ltr'>meum</span> <span class='ocrx_word' id='word_1_238' title='bbox 1402 2073 1456 2121; x_wconf 91' lang='lat' dir='ltr'>ad</span> <span class='ocrx_word' id='word_1_239' title='bbox 1472 2089 1515 2121; x_wconf 91' lang='lat' dir='ltr'>te</span> <span class='ocrx_word' id='word_1_240' title='bbox 1533 2074 1772 2122; x_wconf 89' lang='lat' dir='ltr'>adventum</span> <span class='ocrx_word' id='word_1_241' title='bbox 1792 2090 1907 2122; x_wconf 90' lang='lat' dir='ltr'>ante-</span> 
     </span>
     <span class='ocr_line' id='line_1_27' title="bbox 103 2136 1905 2203; baseline 0.004 -20"><span class='ocrx_word' id='word_1_242' title='bbox 103 2154 235 2197; x_wconf 92' lang='lat' dir='ltr'>quam</span> <span class='ocrx_word' id='word_1_243' title='bbox 269 2136 371 2184; x_wconf 92' lang='lat' dir='ltr'>hinc</span> <span class='ocrx_word' id='word_1_244' title='bbox 403 2137 658 2186; x_wconf 89' lang='lat' dir='ltr'>discederes¹</span> <span class='ocrx_word' id='word_1_245' title='bbox 691 2157 714 2186; x_wconf 92' lang='lat' dir='ltr'>a</span> <span class='ocrx_word' id='word_1_246' title='bbox 745 2157 814 2186; x_wconf 94' lang='lat' dir='ltr'>me</span> <span class='ocrx_word' id='word_1_247' title='bbox 845 2139 1145 2188; x_wconf 67' lang='lat' dir='ltr'>vehementer2</span> <span class='ocrx_word' id='word_1_248' title='bbox 1176 2140 1450 2202; x_wconf 87' lang='lat' dir='ltr'>exoptatum³</span> <span class='ocrx_word' id='word_1_249' title='bbox 1483 2142 1763 2203; x_wconf 90' lang='lat' dir='ltr'>impedivere.</span> <span class='ocrx_word' id='word_1_250' title='bbox 1794 2147 1905 2190; x_wconf 92' lang='lat' dir='ltr'>Non</span> 
     </span>
     <span class='ocr_line' id='line_1_28' title="bbox 103 2205 1904 2271; baseline 0.004 -20"><span class='ocrx_word' id='word_1_251' title='bbox 103 2222 213 2265; x_wconf 87' lang='lat' dir='ltr'>opus</span> <span class='ocrx_word' id='word_1_252' title='bbox 240 2223 358 2252; x_wconf 92' lang='lat' dir='ltr'>nunc</span> <span class='ocrx_word' id='word_1_253' title='bbox 385 2205 533 2253; x_wconf 83' lang='lat' dir='ltr'>fuisset</span> <span class='ocrx_word' id='word_1_254' title='bbox 558 2221 606 2253; x_wconf 96' lang='lat' dir='ltr'>ut</span> <span class='ocrx_word' id='word_1_255' title='bbox 631 2206 785 2254; x_wconf 90' lang='lat' dir='ltr'>litteris</span> <span class='ocrx_word' id='word_1_256' title='bbox 810 2207 926 2268; x_wconf 94' lang='lat' dir='ltr'>apud</span> <span class='ocrx_word' id='word_1_257' title='bbox 948 2223 991 2255; x_wconf 93' lang='lat' dir='ltr'>te</span> <span class='ocrx_word' id='word_1_258' title='bbox 1016 2207 1158 2256; x_wconf 86' lang='lat' dir='ltr'>fratris</span> <span class='ocrx_word' id='word_1_259' title='bbox 1183 2213 1322 2257; x_wconf 91' lang='lat' dir='ltr'>Lucae</span> <span class='ocrx_word' id='word_1_260' title='bbox 1346 2228 1518 2257; x_wconf 90' lang='lat' dir='ltr'>causam</span> <span class='ocrx_word' id='word_1_261' title='bbox 1542 2229 1728 2271; x_wconf 84' lang='lat' dir='ltr'>agerem3</span> <span class='ocrx_word' id='word_1_262' title='bbox 1754 2230 1904 2258; x_wconf 91' lang='lat' dir='ltr'>coram</span> 
     </span>
     <span class='ocr_line' id='line_1_29' title="bbox 101 2273 1906 2339; baseline 0.005 -21"><span class='ocrx_word' id='word_1_263' title='bbox 101 2273 193 2319; x_wconf 91' lang='lat' dir='ltr'>scio</span> <span class='ocrx_word' id='word_1_264' title='bbox 213 2274 444 2332; x_wconf 85' lang='lat' dir='ltr'>egissemus</span> <span class='ocrx_word' id='word_1_265' title='bbox 464 2288 593 2334; x_wconf 91' lang='lat' dir='ltr'>atque</span> <span class='ocrx_word' id='word_1_266' title='bbox 609 2276 964 2335; x_wconf 87' lang='lat' dir='ltr'>transegissimus,</span> <span class='ocrx_word' id='word_1_267' title='bbox 986 2291 1028 2323; x_wconf 94' lang='lat' dir='ltr'>et</span> <span class='ocrx_word' id='word_1_268' title='bbox 1045 2277 1173 2324; x_wconf 90' lang='lat' dir='ltr'>simul</span> <span class='ocrx_word' id='word_1_269' title='bbox 1193 2292 1236 2324; x_wconf 92' lang='lat' dir='ltr'>te</span> <span class='ocrx_word' id='word_1_270' title='bbox 1253 2292 1352 2324; x_wconf 93' lang='lat' dir='ltr'>ante</span> <span class='ocrx_word' id='word_1_271' title='bbox 1368 2279 1575 2335; x_wconf 90' lang='lat' dir='ltr'>visissem‚</span> <span class='ocrx_word' id='word_1_272' title='bbox 1597 2279 1719 2339; x_wconf 93' lang='lat' dir='ltr'>quod</span> <span class='ocrx_word' id='word_1_273' title='bbox 1737 2294 1827 2326; x_wconf 92' lang='lat' dir='ltr'>erat</span> <span class='ocrx_word' id='word_1_274' title='bbox 1844 2279 1906 2326; x_wconf 82' lang='lat' dir='ltr'>of·</span> 
     </span>
     <span class='ocr_line' id='line_1_30' title="bbox 102 2338 1906 2406; baseline 0.005 -21"><span class='ocrx_word' id='word_1_275' title='bbox 102 2338 254 2386; x_wconf 86' lang='lat' dir='ltr'>ficium</span> <span class='ocrx_word' id='word_1_276' title='bbox 283 2358 446 2396; x_wconf 91' lang='lat' dir='ltr'>meum,</span> <span class='ocrx_word' id='word_1_277' title='bbox 477 2340 627 2401; x_wconf 86' lang='lat' dir='ltr'>quam⁴</span> <span class='ocrx_word' id='word_1_278' title='bbox 653 2357 701 2389; x_wconf 92' lang='lat' dir='ltr'>tu</span> <span class='ocrx_word' id='word_1_279' title='bbox 728 2342 830 2389; x_wconf 91' lang='lat' dir='ltr'>hinc</span> <span class='ocrx_word' id='word_1_280' title='bbox 858 2343 912 2390; x_wconf 93' lang='lat' dir='ltr'>ad</span> <span class='ocrx_word' id='word_1_281' title='bbox 936 2344 1170 2404; x_wconf 91' lang='lat' dir='ltr'>capiendos</span> <span class='ocrx_word' id='word_1_282' title='bbox 1198 2344 1330 2392; x_wconf 82' lang='lat' dir='ltr'>fasces</span> <span class='ocrx_word' id='word_1_283' title='bbox 1354 2341 1734 2406; x_wconf 75' lang='lat' dir='ltr'>proficiscerere.¹’⁵</span> <span class='ocrx_word' id='word_1_284' title='bbox 1761 2347 1906 2394; x_wconf 92' lang='lat' dir='ltr'>Multa</span> 
     </span>
     <span class='ocr_line' id='line_1_31' title="bbox 102 2407 1900 2475; baseline 0.005 -22"><span class='ocrx_word' id='word_1_285' title='bbox 102 2425 183 2467; x_wconf 92' lang='lat' dir='ltr'>ego</span> <span class='ocrx_word' id='word_1_286' title='bbox 198 2407 316 2455; x_wconf 88' lang='lat' dir='ltr'>bona</span> <span class='ocrx_word' id='word_1_287' title='bbox 334 2426 524 2468; x_wconf 89' lang='lat' dir='ltr'>auguror</span> <span class='ocrx_word' id='word_1_288' title='bbox 540 2410 811 2467; x_wconf 88' lang='lat' dir='ltr'>mortalibus,</span> <span class='ocrx_word' id='word_1_289' title='bbox 831 2411 1188 2472; x_wconf 91' lang='lat' dir='ltr'>quandoquidem</span> <span class='ocrx_word' id='word_1_290' title='bbox 1207 2430 1299 2460; x_wconf 91' lang='lat' dir='ltr'>non</span> <span class='ocrx_word' id='word_1_291' title='bbox 1317 2414 1402 2460; x_wconf 90' lang='lat' dir='ltr'>iam</span> <span class='ocrx_word' id='word_1_292' title='bbox 1418 2413 1473 2461; x_wconf 92' lang='lat' dir='ltr'>ad</span> <span class='ocrx_word' id='word_1_293' title='bbox 1486 2414 1689 2475; x_wconf 88' lang='lat' dir='ltr'>indignos</span> <span class='ocrx_word' id='word_1_294' title='bbox 1709 2414 1900 2463; x_wconf 86' lang='lat' dir='ltr'>honores</span> 
     </span>
     <span class='ocr_line' id='line_1_32' title="bbox 102 2474 1901 2530; baseline 0.005 -9"><span class='ocrx_word' id='word_1_295' title='bbox 102 2474 372 2523; x_wconf 87' lang='lat' dir='ltr'>deferuntur.</span> <span class='ocrx_word' id='word_1_296' title='bbox 404 2476 488 2523; x_wconf 87' lang='lat' dir='ltr'>Sed</span> <span class='ocrx_word' id='word_1_297' title='bbox 516 2477 569 2524; x_wconf 90' lang='lat' dir='ltr'>de</span> <span class='ocrx_word' id='word_1_298' title='bbox 601 2477 666 2524; x_wconf 86' lang='lat' dir='ltr'>his</span> <span class='ocrx_word' id='word_1_299' title='bbox 697 2478 803 2525; x_wconf 87' lang='lat' dir='ltr'>alius</span> <span class='ocrx_word' id='word_1_300' title='bbox 835 2480 915 2526; x_wconf 92' lang='lat' dir='ltr'>erit</span> <span class='ocrx_word' id='word_1_301' title='bbox 945 2479 1125 2527; x_wconf 88' lang='lat' dir='ltr'>fortasse</span> <span class='ocrx_word' id='word_1_302' title='bbox 1154 2481 1532 2529; x_wconf 90' lang='lat' dir='ltr'>accommodatior</span> <span class='ocrx_word' id='word_1_303' title='bbox 1562 2482 1737 2530; x_wconf 90' lang='lat' dir='ltr'>dicendi</span> <span class='ocrx_word' id='word_1_304' title='bbox 1767 2483 1901 2530; x_wconf 79' lang='lat' dir='ltr'>locus,</span> 
     </span>
     <span class='ocr_line' id='line_1_33' title="bbox 100 2543 1904 2611; baseline 0.005 -22"><span class='ocrx_word' id='word_1_305' title='bbox 100 2546 238 2590; x_wconf 93' lang='lat' dir='ltr'>Nunc</span> <span class='ocrx_word' id='word_1_306' title='bbox 258 2543 310 2590; x_wconf 94' lang='lat' dir='ltr'>de</span> <span class='ocrx_word' id='word_1_307' title='bbox 330 2543 462 2591; x_wconf 88' lang='lat' dir='ltr'>fratre</span> <span class='ocrx_word' id='word_1_308' title='bbox 482 2548 598 2592; x_wconf 91' lang='lat' dir='ltr'>Luca</span> <span class='ocrx_word' id='word_1_309' title='bbox 615 2547 760 2593; x_wconf 93' lang='lat' dir='ltr'>omnis</span> <span class='ocrx_word' id='word_1_310' title='bbox 781 2547 835 2593; x_wconf 92' lang='lat' dir='ltr'>sit</span> <span class='ocrx_word' id='word_1_311' title='bbox 854 2545 1015 2594; x_wconf 83' lang='lat' dir='ltr'>oratio⁶</span> <span class='ocrx_word' id='word_1_312' title='bbox 1037 2565 1090 2594; x_wconf 89' lang='lat' dir='ltr'>ne</span> <span class='ocrx_word' id='word_1_313' title='bbox 1109 2547 1257 2596; x_wconf 84' lang='lat' dir='ltr'>faustis</span> <span class='ocrx_word' id='word_1_314' title='bbox 1279 2548 1343 2596; x_wconf 89' lang='lat' dir='ltr'>his</span> <span class='ocrx_word' id='word_1_315' title='bbox 1365 2548 1647 2611; x_wconf 86' lang='lat' dir='ltr'>felicibusque</span> <span class='ocrx_word' id='word_1_316' title='bbox 1669 2551 1802 2598; x_wconf 89' lang='lat' dir='ltr'>initiis</span> <span class='ocrx_word' id='word_1_317' title='bbox 1822 2551 1904 2598; x_wconf 90' lang='lat' dir='ltr'>liti-</span> 
     </span>
    </p>
   </div>
   <div class='ocr_carea' id='block_1_7' title="bbox 100 2787 1905 3018">
    <p class='ocr_par' dir='ltr' id='par_1_7' title="bbox 180 2787 791 2844">
     <span class='ocr_line' id='line_1_34' title="bbox 180 2787 791 2844; baseline 0.007 -14"><span class='ocrx_word' id='word_1_318' title='bbox 180 2787 196 2811; x_wconf 54' lang='grc' dir='ltr'><strong>Β</strong></span> <span class='ocrx_word' id='word_1_319' title='bbox 212 2795 275 2831; x_wconf 88' lang='lat' dir='ltr'>See</span> <span class='ocrx_word' id='word_1_320' title='bbox 291 2792 397 2831; x_wconf 86' lang='lat' dir='ltr'>letter</span> <span class='ocrx_word' id='word_1_321' title='bbox 411 2797 479 2832; x_wconf 85' lang='lat'>220</span> <span class='ocrx_word' id='word_1_322' title='bbox 496 2795 621 2839; x_wconf 89' lang='lat' dir='ltr'>above,</span> <span class='ocrx_word' id='word_1_323' title='bbox 640 2808 726 2833; x_wconf 86' lang='lat' dir='ltr'>note</span> <span class='ocrx_word' id='word_1_324' title='bbox 743 2795 791 2844; x_wconf 91' lang='lat' dir='ltr'>b).</span> 
     </span>
    </p>

    <p class='ocr_par' dir='ltr' id='par_1_8' title="bbox 180 2851 690 2901">
     <span class='ocr_line' id='line_1_35' title="bbox 180 2851 690 2901; baseline 0.006 -13"><span class='ocrx_word' id='word_1_325' title='bbox 180 2855 194 2870; x_wconf 71' lang='lat'><strong><em>⁶</em></strong></span> <span class='ocrx_word' id='word_1_326' title='bbox 210 2851 341 2900; x_wconf 86' lang='lat' dir='ltr'>Vergil,</span> <span class='ocrx_word' id='word_1_327' title='bbox 358 2852 690 2901; x_wconf 77' lang='lat' dir='ltr'>Eclog.V111,12—13.</span> 
     </span>
    </p>

    <p class='ocr_par' dir='ltr' id='par_1_9' title="bbox 100 2911 1905 3018">
     <span class='ocr_line' id='line_1_36' title="bbox 180 2911 1905 2965; baseline 0.005 -18"><span class='ocrx_word' id='word_1_328' title='bbox 180 2913 193 2927; x_wconf 86' lang='lat'><em>²</em></span> <span class='ocrx_word' id='word_1_329' title='bbox 211 2912 277 2948; x_wconf 85' lang='lat' dir='ltr'>Fra</span> <span class='ocrx_word' id='word_1_330' title='bbox 294 2911 460 2948; x_wconf 87' lang='lat' dir='ltr'>Mariano</span> <span class='ocrx_word' id='word_1_331' title='bbox 479 2925 549 2949; x_wconf 83' lang='lat' dir='ltr'>was</span> <span class='ocrx_word' id='word_1_332' title='bbox 570 2913 780 2951; x_wconf 88' lang='lat' dir='ltr'>nominated</span> <span class='ocrx_word' id='word_1_333' title='bbox 796 2914 902 2951; x_wconf 89' lang='lat' dir='ltr'>Vicar</span> <span class='ocrx_word' id='word_1_334' title='bbox 920 2914 1073 2952; x_wconf 91' lang='lat' dir='ltr'>General</span> <span class='ocrx_word' id='word_1_335' title='bbox 1092 2914 1133 2952; x_wconf 87' lang='lat' dir='ltr'>of</span> <span class='ocrx_word' id='word_1_336' title='bbox 1147 2915 1209 2953; x_wconf 90' lang='lat' dir='ltr'>the</span> <span class='ocrx_word' id='word_1_337' title='bbox 1229 2915 1349 2954; x_wconf 91' lang='lat' dir='ltr'>Order</span> <span class='ocrx_word' id='word_1_338' title='bbox 1365 2930 1416 2954; x_wconf 92' lang='lat' dir='ltr'>on</span> <span class='ocrx_word' id='word_1_339' title='bbox 1438 2920 1479 2954; x_wconf 81' lang='lat'>16</span> <span class='ocrx_word' id='word_1_340' title='bbox 1495 2919 1634 2965; x_wconf 81' lang='lat' dir='ltr'>August</span> <span class='ocrx_word' id='word_1_341' title='bbox 1658 2921 1755 2962; x_wconf 84' lang='lat'>1495,</span> <span class='ocrx_word' id='word_1_342' title='bbox 1776 2918 1841 2956; x_wconf 88' lang='lat' dir='ltr'>but</span> <span class='ocrx_word' id='word_1_343' title='bbox 1860 2918 1905 2956; x_wconf 92' lang='lat' dir='ltr'>he</span> 
     </span>
     <span class='ocr_line' id='line_1_37' title="bbox 100 2961 1905 3018; baseline 0.006 -20"><span class='ocrx_word' id='word_1_344' title='bbox 100 2975 171 2999; x_wconf 80' lang='lat' dir='ltr'>was</span> <span class='ocrx_word' id='word_1_345' title='bbox 189 2974 255 2999; x_wconf 88' lang='lat' dir='ltr'>not</span> <span class='ocrx_word' id='word_1_346' title='bbox 271 2961 406 3000; x_wconf 85' lang='lat' dir='ltr'>elected</span> <span class='ocrx_word' id='word_1_347' title='bbox 420 2963 514 3000; x_wconf 88' lang='lat' dir='ltr'>until</span> <span class='ocrx_word' id='word_1_348' title='bbox 534 2967 575 3001; x_wconf 88' lang='grc'>14</span> <span class='ocrx_word' id='word_1_349' title='bbox 590 2967 677 3012; x_wconf 89' lang='lat' dir='ltr'>May</span> <span class='ocrx_word' id='word_1_350' title='bbox 696 2968 794 3009; x_wconf 84' lang='lat'>1497,</span> <span class='ocrx_word' id='word_1_351' title='bbox 811 2964 873 3003; x_wconf 89' lang='lat' dir='ltr'>the</span> <span class='ocrx_word' id='word_1_352' title='bbox 891 2966 1045 3004; x_wconf 88' lang='lat' dir='ltr'>General</span> <span class='ocrx_word' id='word_1_353' title='bbox 1062 2967 1222 3016; x_wconf 84' lang='lat' dir='ltr'>Chapter</span> <span class='ocrx_word' id='word_1_354' title='bbox 1237 2967 1368 3016; x_wconf 84' lang='lat' dir='ltr'>having</span> <span class='ocrx_word' id='word_1_355' title='bbox 1382 2968 1473 3006; x_wconf 89' lang='lat' dir='ltr'>been</span> <span class='ocrx_word' id='word_1_356' title='bbox 1490 2969 1694 3018; x_wconf 88' lang='lat' dir='ltr'>postponed</span> <span class='ocrx_word' id='word_1_357' title='bbox 1710 2969 1770 3007; x_wconf 85' lang='lat' dir='ltr'>for</span> <span class='ocrx_word' id='word_1_358' title='bbox 1784 2984 1804 3008; x_wconf 92' lang='lat' dir='ltr'>a</span> <span class='ocrx_word' id='word_1_359' title='bbox 1819 2984 1905 3018; x_wconf 63' lang='lat' dir='ltr'>year</span> 
     </span>
    </p>
   </div>
   <div class='ocr_carea' id='block_1_8' title="bbox 100 3013 1904 3117">
    <p class='ocr_par' dir='ltr' id='par_1_10' title="bbox 100 3013 1904 3117">
     <span class='ocr_line' id='line_1_38' title="bbox 100 3013 1904 3062; baseline 0.006 -12"><span class='ocrx_word' id='word_1_360' title='bbox 100 3026 152 3050; x_wconf 92' lang='lat' dir='ltr'>on</span> <span class='ocrx_word' id='word_1_361' title='bbox 168 3025 321 3051; x_wconf 87' lang='lat' dir='ltr'>account</span> <span class='ocrx_word' id='word_1_362' title='bbox 338 3013 380 3051; x_wconf 83' lang='lat' dir='ltr'>of</span> <span class='ocrx_word' id='word_1_363' title='bbox 395 3017 460 3052; x_wconf 86' lang='lat' dir='ltr'>Fra</span> <span class='ocrx_word' id='word_1_364' title='bbox 477 3016 672 3053; x_wconf 88' lang='lat' dir='ltr'>Mariano&#39;s</span> <span class='ocrx_word' id='word_1_365' title='bbox 689 3016 816 3061; x_wconf 86' lang='lat' dir='ltr'>illness,</span> <span class='ocrx_word' id='word_1_366' title='bbox 833 3031 890 3055; x_wconf 85' lang='lat' dir='ltr'>see</span> <span class='ocrx_word' id='word_1_367' title='bbox 908 3019 1135 3062; x_wconf 87' lang='lat' dir='ltr'>D.A.Perini‚</span> <span class='ocrx_word' id='word_1_368' title='bbox 1155 3022 1212 3056; x_wconf 89' lang='lat' dir='ltr'>Un</span> <span class='ocrx_word' id='word_1_369' title='bbox 1229 3019 1343 3057; x_wconf 84' lang='lat' dir='ltr'>emulo</span> <span class='ocrx_word' id='word_1_370' title='bbox 1357 3019 1396 3057; x_wconf 85' lang='lat' dir='ltr'>di</span> <span class='ocrx_word' id='word_1_371' title='bbox 1411 3023 1459 3057; x_wconf 83' lang='lat' dir='ltr'>Fr.</span> <span class='ocrx_word' id='word_1_372' title='bbox 1483 3020 1664 3058; x_wconf 81' lang='lat' dir='ltr'>Gimlamo</span> <span class='ocrx_word' id='word_1_373' title='bbox 1681 3022 1904 3059; x_wconf 77' lang='lat' dir='ltr'>savonarola:</span> 
     </span>
     <span class='ocr_line' id='line_1_39' title="bbox 100 3065 1736 3117; baseline 0.006 -16"><span class='ocrx_word' id='word_1_374' title='bbox 100 3067 163 3101; x_wconf 78' lang='lat' dir='ltr'>Fra</span> <span class='ocrx_word' id='word_1_375' title='bbox 179 3067 339 3102; x_wconf 76' lang='lat' dir='ltr'>Mariano</span> <span class='ocrx_word' id='word_1_376' title='bbox 356 3065 402 3103; x_wconf 80' lang='lat' dir='ltr'>da</span> <span class='ocrx_word' id='word_1_377' title='bbox 421 3068 640 3111; x_wconf 80' lang='lat' dir='ltr'>Genazzano,</span> <span class='ocrx_word' id='word_1_378' title='bbox 660 3070 785 3111; x_wconf 90' lang='lat' dir='ltr'>Rome,</span> <span class='ocrx_word' id='word_1_379' title='bbox 809 3072 905 3112; x_wconf 87' lang='grc'>1917,</span> <span class='ocrx_word' id='word_1_380' title='bbox 925 3072 1162 3114; x_wconf 84' lang='grc'>20,55-56,69;</span> <span class='ocrx_word' id='word_1_381' title='bbox 1182 3070 1226 3108; x_wconf 82' lang='lat' dir='ltr'>cf.</span> <span class='ocrx_word' id='word_1_382' title='bbox 1245 3071 1349 3114; x_wconf 80' lang='lat' dir='ltr'>Scala,</span> <span class='ocrx_word' id='word_1_383' title='bbox 1372 3075 1436 3108; x_wconf 93' lang='lat'>110</span> <span class='ocrx_word' id='word_1_384' title='bbox 1452 3074 1534 3117; x_wconf 74' lang='grc'>[78],</span> <span class='ocrx_word' id='word_1_385' title='bbox 1555 3084 1641 3110; x_wconf 90' lang='lat' dir='ltr'>note</span> <span class='ocrx_word' id='word_1_386' title='bbox 1662 3076 1736 3110; x_wconf 84' lang='lat'>141.</span> 
     </span>
    </p>
   </div>
   <div class='ocr_carea' id='block_1_9' title="bbox 99 3116 1903 3221">
    <p class='ocr_par' dir='ltr' id='par_1_11' title="bbox 99 3116 1903 3221">
     <span class='ocr_line' id='line_1_40' title="bbox 179 3116 1903 3178; baseline 0.005 -19"><span class='ocrx_word' id='word_1_387' title='bbox 179 3116 195 3141; x_wconf 68' lang='lat' dir='ltr'>b</span> <span class='ocrx_word' id='word_1_388' title='bbox 208 3124 271 3160; x_wconf 89' lang='lat' dir='ltr'>See</span> <span class='ocrx_word' id='word_1_389' title='bbox 285 3124 414 3167; x_wconf 89' lang='lat' dir='ltr'>Perini,</span> <span class='ocrx_word' id='word_1_390' title='bbox 429 3126 487 3161; x_wconf 89' lang='lat' dir='ltr'>Un</span> <span class='ocrx_word' id='word_1_391' title='bbox 499 3124 624 3169; x_wconf 85' lang='lat' dir='ltr'>emulo,</span> <span class='ocrx_word' id='word_1_392' title='bbox 639 3129 762 3163; x_wconf 82' lang='lat'><strong>55-56:</strong></span> <span class='ocrx_word' id='word_1_393' title='bbox 778 3125 823 3164; x_wconf 90' lang='lat' dir='ltr'>he</span> <span class='ocrx_word' id='word_1_394' title='bbox 835 3126 1010 3175; x_wconf 67' lang='lat' dir='ltr'>proeched</span> <span class='ocrx_word' id='word_1_395' title='bbox 1023 3128 1062 3164; x_wconf 90' lang='lat' dir='ltr'>in</span> <span class='ocrx_word' id='word_1_396' title='bbox 1075 3127 1245 3166; x_wconf 88' lang='lat' dir='ltr'>Florence</span> <span class='ocrx_word' id='word_1_397' title='bbox 1257 3127 1317 3166; x_wconf 86' lang='lat' dir='ltr'>for</span> <span class='ocrx_word' id='word_1_398' title='bbox 1329 3128 1485 3173; x_wconf 84' lang='lat' dir='ltr'>Advent;</span> <span class='ocrx_word' id='word_1_399' title='bbox 1499 3129 1543 3167; x_wconf 86' lang='lat' dir='ltr'>cf.</span> <span class='ocrx_word' id='word_1_400' title='bbox 1559 3142 1645 3167; x_wconf 92' lang='lat' dir='ltr'>note</span> <span class='ocrx_word' id='word_1_401' title='bbox 1658 3130 1690 3178; x_wconf 92' lang='lat' dir='ltr'>a)</span> <span class='ocrx_word' id='word_1_402' title='bbox 1705 3130 1819 3168; x_wconf 92' lang='lat' dir='ltr'>above</span> <span class='ocrx_word' id='word_1_403' title='bbox 1832 3131 1903 3168; x_wconf 88' lang='lat' dir='ltr'>and</span> 
     </span>
     <span class='ocr_line' id='line_1_41' title="bbox 99 3173 571 3221; baseline 0.004 -10"><span class='ocrx_word' id='word_1_404' title='bbox 99 3173 205 3217; x_wconf 80' lang='lat' dir='ltr'>Scala,</span> <span class='ocrx_word' id='word_1_405' title='bbox 228 3177 291 3212; x_wconf 84' lang='lat'>128</span> <span class='ocrx_word' id='word_1_406' title='bbox 308 3177 391 3221; x_wconf 87' lang='grc'>[91],</span> <span class='ocrx_word' id='word_1_407' title='bbox 412 3187 499 3213; x_wconf 88' lang='lat' dir='ltr'>note</span> <span class='ocrx_word' id='word_1_408' title='bbox 515 3179 571 3213; x_wconf 91' lang='grc'>42.</span> 
     </span>
    </p>
   </div>
  </div>
 </body>
</html>
