<?xml version="1.0" encoding="UTF-8"?>
<!DOCTYPE html PUBLIC "-//W3C//DTD XHTML 1.0 Transitional//EN"
    "http://www.w3.org/TR/xhtml1/DTD/xhtml1-transitional.dtd">
<html xmlns="http://www.w3.org/1999/xhtml" xml:lang="en" lang="en">
 <head>
  <title>
</title>
<meta http-equiv="Content-Type" content="text/html;charset=utf-8" />
  <meta name='ocr-system' content='tesseract 3.04.00' />
  <meta name='ocr-capabilities' content='ocr_page ocr_carea ocr_par ocr_line ocrx_word'/>
</head>
<body>
  <div class='ocr_page' id='page_1' title='image "bartolomeoscalah00scaluoft_0058.png"; bbox 0 0 2118 3450; ppageno 0'>
   <div class='ocr_carea' id='block_1_1' title="bbox 182 157 1988 198">
    <p class='ocr_par' dir='ltr' id='par_1_1' title="bbox 182 157 1988 198">
     <span class='ocr_line' id='line_1_1' title="bbox 182 157 1988 198; baseline -0.003 0"><span class='ocrx_word' id='word_1_1' title='bbox 182 157 234 198; x_wconf 87' lang='lat'>18</span> <span class='ocrx_word' id='word_1_2' title='bbox 1811 159 1988 192; x_wconf 84' lang='lat' dir='ltr'>PARTI</span> 
     </span>
    </p>
   </div>
   <div class='ocr_carea' id='block_1_2' title="bbox 261 205 860 212">
    <p class='ocr_par' dir='ltr' id='par_1_2' title="bbox 261 205 860 212">
     <span class='ocr_line' id='line_1_2' title="bbox 261 205 860 212; baseline 0 0"><span class='ocrx_word' id='word_1_3' title='bbox 261 205 860 212; x_wconf 95' lang='lat' dir='ltr'> </span> 
     </span>
    </p>
   </div>
   <div class='ocr_carea' id='block_1_3' title="bbox 640 304 1531 493">
    <p class='ocr_par' dir='ltr' id='par_1_3' title="bbox 640 304 1531 493">
     <span class='ocr_line' id='line_1_3' title="bbox 1060 304 1115 344; baseline 0 0"><span class='ocrx_word' id='word_1_4' title='bbox 1060 304 1115 344; x_wconf 87' lang='grc'>24</span> 
     </span>
     <span class='ocr_line' id='line_1_4' title="bbox 640 375 1531 415; baseline -0.003 0"><span class='ocrx_word' id='word_1_5' title='bbox 640 375 718 415; x_wconf 91' lang='grc' dir='ltr'>ΤΟ</span> <span class='ocrx_word' id='word_1_6' title='bbox 743 375 902 415; x_wconf 90' lang='lat' dir='ltr'>OTTO</span> <span class='ocrx_word' id='word_1_7' title='bbox 925 376 1242 414; x_wconf 93' lang='lat' dir='ltr'>NICCOLINI</span> <span class='ocrx_word' id='word_1_8' title='bbox 1264 376 1329 413; x_wconf 97' lang='lat' dir='ltr'>IN</span> <span class='ocrx_word' id='word_1_9' title='bbox 1351 375 1531 413; x_wconf 84' lang='lat' dir='ltr'>ROME²</span> 
     </span>
     <span class='ocr_line' id='line_1_5' title="bbox 809 442 1365 493; baseline 0 -11"><span class='ocrx_word' id='word_1_10' title='bbox 809 442 1034 489; x_wconf 88' lang='lat' dir='ltr'>Florence,</span> <span class='ocrx_word' id='word_1_11' title='bbox 1059 445 1105 482; x_wconf 87' lang='lat'>13</span> <span class='ocrx_word' id='word_1_12' title='bbox 1125 445 1237 493; x_wconf 85' lang='lat' dir='ltr'>June</span> <span class='ocrx_word' id='word_1_13' title='bbox 1262 445 1365 482; x_wconf 89' lang='lat'>1468</span> 
     </span>
    </p>
   </div>
   <div class='ocr_carea' id='block_1_4' title="bbox 262 534 1911 755">
    <p class='ocr_par' dir='ltr' id='par_1_4' title="bbox 262 534 1911 755">
     <span class='ocr_line' id='line_1_6' title="bbox 262 534 1908 587; baseline -0.002 -8"><span class='ocrx_word' id='word_1_14' title='bbox 262 539 457 586; x_wconf 88' lang='lat' dir='ltr'>Florence,</span> <span class='ocrx_word' id='word_1_15' title='bbox 479 537 664 578; x_wconf 86' lang='lat' dir='ltr'>Archivio</span> <span class='ocrx_word' id='word_1_16' title='bbox 688 536 894 584; x_wconf 87' lang='lat' dir='ltr'>Niccolini,</span> <span class='ocrx_word' id='word_1_17' title='bbox 919 535 1004 576; x_wconf 85' lang='lat' dir='ltr'>filza</span> <span class='ocrx_word' id='word_1_18' title='bbox 1025 539 1097 576; x_wconf 74' lang='grc' dir='ltr'>ΕΙ.</span> <span class='ocrx_word' id='word_1_19' title='bbox 1122 551 1185 576; x_wconf 87' lang='lat' dir='ltr'>no.</span> <span class='ocrx_word' id='word_1_20' title='bbox 1212 539 1226 575; x_wconf 95' lang='lat'>1</span> <span class='ocrx_word' id='word_1_21' title='bbox 1253 535 1338 587; x_wconf 89' lang='lat'>(14).</span> <span class='ocrx_word' id='word_1_22' title='bbox 1362 534 1547 587; x_wconf 84' lang='lat' dir='ltr'>Original.</span> <span class='ocrx_word' id='word_1_23' title='bbox 1573 534 1775 587; x_wconf 85' lang='lat' dir='ltr'>Chancery</span> <span class='ocrx_word' id='word_1_24' title='bbox 1795 534 1908 575; x_wconf 89' lang='lat' dir='ltr'>hand.</span> 
     </span>
     <span class='ocr_line' id='line_1_7' title="bbox 269 591 1911 646; baseline -0.002 -12"><span class='ocrx_word' id='word_1_25' title='bbox 269 598 385 635; x_wconf 83' lang='lat' dir='ltr'>Verso:</span> <span class='ocrx_word' id='word_1_26' title='bbox 399 593 637 646; x_wconf 84' lang='lat' dir='ltr'>[Magnific]o</span> <span class='ocrx_word' id='word_1_27' title='bbox 656 606 691 633; x_wconf 89' lang='lat' dir='ltr'>et</span> <span class='ocrx_word' id='word_1_28' title='bbox 706 608 889 645; x_wconf 86' lang='lat' dir='ltr'>generoso</span> <span class='ocrx_word' id='word_1_29' title='bbox 903 593 1019 644; x_wconf 87' lang='lat' dir='ltr'>equiti</span> <span class='ocrx_word' id='word_1_30' title='bbox 1034 591 1223 640; x_wconf 89' lang='lat' dir='ltr'>[domi]no</span> <span class='ocrx_word' id='word_1_31' title='bbox 1243 591 1396 631; x_wconf 84' lang='lat' dir='ltr'>Othoni</span> <span class='ocrx_word' id='word_1_32' title='bbox 1411 591 1455 631; x_wconf 90' lang='lat' dir='ltr'>de</span> <span class='ocrx_word' id='word_1_33' title='bbox 1469 591 1708 639; x_wconf 87' lang='lat' dir='ltr'>Niccoli[nis,</span> <span class='ocrx_word' id='word_1_34' title='bbox 1726 592 1911 639; x_wconf 89' lang='lat' dir='ltr'>iu]recon-</span> 
     </span>
     <span class='ocr_line' id='line_1_8' title="bbox 263 646 1905 702; baseline -0.002 -12"><span class='ocrx_word' id='word_1_35' title='bbox 263 650 361 691; x_wconf 88' lang='lat' dir='ltr'>sulto</span> <span class='ocrx_word' id='word_1_36' title='bbox 392 649 688 702; x_wconf 84' lang='lat' dir='ltr'>praeclarissimo</span> <span class='ocrx_word' id='word_1_37' title='bbox 719 652 771 697; x_wconf 89' lang='lat' dir='ltr'>[et</span> <span class='ocrx_word' id='word_1_38' title='bbox 799 649 959 696; x_wconf 89' lang='lat' dir='ltr'>or]atori</span> <span class='ocrx_word' id='word_1_39' title='bbox 985 647 1296 688; x_wconf 89' lang='lat' dir='ltr'>Florentinorum</span> <span class='ocrx_word' id='word_1_40' title='bbox 1324 650 1349 695; x_wconf 95' lang='grc'>[.</span> <span class='ocrx_word' id='word_1_41' title='bbox 1364 680 1371 687; x_wconf 95' lang='grc'><em>.</em></span> <span class='ocrx_word' id='word_1_42' title='bbox 1388 680 1395 687; x_wconf 96' lang='grc'><em>.</em></span> <span class='ocrx_word' id='word_1_43' title='bbox 1412 650 1436 695; x_wconf 94' lang='grc'>.]</span> <span class='ocrx_word' id='word_1_44' title='bbox 1463 647 1599 687; x_wconf 89' lang='lat' dir='ltr'>maiori</span> <span class='ocrx_word' id='word_1_45' title='bbox 1627 646 1905 687; x_wconf 83' lang='lat' dir='ltr'><strong>colendissimo.</strong></span> 
     </span>
     <span class='ocr_line' id='line_1_9' title="bbox 263 703 1639 755; baseline -0.002 -9"><span class='ocrx_word' id='word_1_46' title='bbox 263 710 421 747; x_wconf 87' lang='lat' dir='ltr'>Romae.</span> <span class='ocrx_word' id='word_1_47' title='bbox 444 707 518 746; x_wconf 79' lang='lat' dir='ltr'>‘Da</span> <span class='ocrx_word' id='word_1_48' title='bbox 535 708 680 745; x_wconf 89' lang='lat' dir='ltr'>Messer</span> <span class='ocrx_word' id='word_1_49' title='bbox 698 704 968 745; x_wconf 89' lang='lat' dir='ltr'>B‹artolome›o</span> <span class='ocrx_word' id='word_1_50' title='bbox 991 703 1093 744; x_wconf 84' lang='lat' dir='ltr'>Scala</span> <span class='ocrx_word' id='word_1_51' title='bbox 1114 703 1159 744; x_wconf 89' lang='lat' dir='ltr'>ad</span> <span class='ocrx_word' id='word_1_52' title='bbox 1178 703 1216 743; x_wconf 74' lang='lat' dir='ltr'>di</span> <span class='ocrx_word' id='word_1_53' title='bbox 1240 707 1283 744; x_wconf 88' lang='lat'>16</span> <span class='ocrx_word' id='word_1_54' title='bbox 1302 703 1340 743; x_wconf 89' lang='lat' dir='ltr'>di</span> <span class='ocrx_word' id='word_1_55' title='bbox 1359 704 1497 755; x_wconf 83' lang='lat' dir='ltr'>giugno</span> <span class='ocrx_word' id='word_1_56' title='bbox 1523 705 1639 743; x_wconf 58' lang='lat'>1468?</span> 
     </span>
    </p>
   </div>
   <div class='ocr_carea' id='block_1_5' title="bbox 174 806 1995 2173">
    <p class='ocr_par' dir='ltr' id='par_1_5' title="bbox 177 806 1995 1418">
     <span class='ocr_line' id='line_1_10' title="bbox 179 806 1994 868; baseline -0.003 -10"><span class='ocrx_word' id='word_1_57' title='bbox 179 810 518 858; x_wconf 88' lang='lat' dir='ltr'>Bartholomeus</span> <span class='ocrx_word' id='word_1_58' title='bbox 536 809 657 856; x_wconf 91' lang='lat' dir='ltr'>Scala</span> <span class='ocrx_word' id='word_1_59' title='bbox 673 808 851 856; x_wconf 90' lang='lat' dir='ltr'>Othoni</span> <span class='ocrx_word' id='word_1_60' title='bbox 868 808 1069 855; x_wconf 91' lang='lat' dir='ltr'>Nicolini</span> <span class='ocrx_word' id='word_1_61' title='bbox 1088 807 1327 855; x_wconf 88' lang='lat' dir='ltr'>clarissimo</span> <span class='ocrx_word' id='word_1_62' title='bbox 1347 808 1483 868; x_wconf 91' lang='lat' dir='ltr'>equiti</span> <span class='ocrx_word' id='word_1_63' title='bbox 1500 822 1542 854; x_wconf 91' lang='lat' dir='ltr'>et</span> <span class='ocrx_word' id='word_1_64' title='bbox 1559 806 1857 854; x_wconf 91' lang='lat' dir='ltr'>iureconsulto</span> <span class='ocrx_word' id='word_1_65' title='bbox 1874 825 1994 868; x_wconf 92' lang='lat' dir='ltr'>prae-</span> 
     </span>
     <span class='ocr_line' id='line_1_11' title="bbox 179 875 1995 937; baseline -0.002 -11"><span class='ocrx_word' id='word_1_66' title='bbox 179 879 419 926; x_wconf 89' lang='lat' dir='ltr'>clarissimo</span> <span class='ocrx_word' id='word_1_67' title='bbox 444 878 629 925; x_wconf 88' lang='lat' dir='ltr'>salutem</span> <span class='ocrx_word' id='word_1_68' title='bbox 655 877 760 924; x_wconf 92' lang='lat' dir='ltr'>dicit</span> <span class='ocrx_word' id='word_1_69' title='bbox 781 876 1031 937; x_wconf 85' lang='lat' dir='ltr'><strong>plurimam.</strong></span> <span class='ocrx_word' id='word_1_70' title='bbox 1058 877 1158 923; x_wconf 94' lang='lat' dir='ltr'>Scio</span> <span class='ocrx_word' id='word_1_71' title='bbox 1181 876 1301 923; x_wconf 90' lang='lat' dir='ltr'>dabis</span> <span class='ocrx_word' id='word_1_72' title='bbox 1325 876 1499 923; x_wconf 91' lang='lat' dir='ltr'>veniam</span> <span class='ocrx_word' id='word_1_73' title='bbox 1521 876 1556 923; x_wconf 90' lang='lat' dir='ltr'>si</span> <span class='ocrx_word' id='word_1_74' title='bbox 1581 875 1643 922; x_wconf 91' lang='lat' dir='ltr'>fui</span> <span class='ocrx_word' id='word_1_75' title='bbox 1667 875 1836 923; x_wconf 85' lang='lat' dir='ltr'>tardior</span> <span class='ocrx_word' id='word_1_76' title='bbox 1857 875 1912 922; x_wconf 90' lang='lat' dir='ltr'>ad</span> <span class='ocrx_word' id='word_1_77' title='bbox 1934 893 1995 923; x_wconf 92' lang='lat' dir='ltr'>re-</span> 
     </span>
     <span class='ocr_line' id='line_1_12' title="bbox 177 943 1991 1009; baseline -0.002 -15"><span class='ocrx_word' id='word_1_78' title='bbox 177 946 490 1009; x_wconf 91' lang='lat' dir='ltr'>spondendum</span> <span class='ocrx_word' id='word_1_79' title='bbox 514 946 670 993; x_wconf 88' lang='lat' dir='ltr'>litteris</span> <span class='ocrx_word' id='word_1_80' title='bbox 692 946 790 1002; x_wconf 91' lang='lat' dir='ltr'>tuis,</span> <span class='ocrx_word' id='word_1_81' title='bbox 814 945 971 1006; x_wconf 89' lang='lat' dir='ltr'>quibus</span> <span class='ocrx_word' id='word_1_82' title='bbox 996 944 1225 992; x_wconf 82' lang='lat' dir='ltr'>illustrasse</span> <span class='ocrx_word' id='word_1_83' title='bbox 1249 959 1291 992; x_wconf 92' lang='lat' dir='ltr'>te</span> <span class='ocrx_word' id='word_1_84' title='bbox 1312 944 1618 991; x_wconf 88' lang='lat' dir='ltr'>Florentinum</span> <span class='ocrx_word' id='word_1_85' title='bbox 1643 962 1809 991; x_wconf 90' lang='lat' dir='ltr'>nomen</span> <span class='ocrx_word' id='word_1_86' title='bbox 1830 943 1991 1005; x_wconf 89' lang='lat' dir='ltr'>signifi-</span> 
     </span>
     <span class='ocr_line' id='line_1_13' title="bbox 178 1007 1989 1075; baseline -0.002 -12"><span class='ocrx_word' id='word_1_87' title='bbox 178 1034 259 1063; x_wconf 91' lang='lat' dir='ltr'>cas:</span> <span class='ocrx_word' id='word_1_88' title='bbox 280 1016 458 1063; x_wconf 83' lang='lat' dir='ltr'>uxoriae</span> <span class='ocrx_word' id='word_1_89' title='bbox 478 1033 547 1062; x_wconf 91' lang='lat' dir='ltr'>me</span> <span class='ocrx_word' id='word_1_90' title='bbox 567 1015 879 1075; x_wconf 88' lang='lat' dir='ltr'>occupationes</span> <span class='ocrx_word' id='word_1_91' title='bbox 899 1007 1218 1061; x_wconf 86' lang='lat' dir='ltr'>detinuerunt.b</span> <span class='ocrx_word' id='word_1_92' title='bbox 1236 1017 1347 1060; x_wconf 94' lang='lat' dir='ltr'>Non</span> <span class='ocrx_word' id='word_1_93' title='bbox 1365 1027 1567 1074; x_wconf 89' lang='lat' dir='ltr'>putaram</span> <span class='ocrx_word' id='word_1_94' title='bbox 1585 1027 1754 1060; x_wconf 84' lang='lat' dir='ltr'>tantam</span> <span class='ocrx_word' id='word_1_95' title='bbox 1773 1030 1842 1060; x_wconf 91' lang='lat' dir='ltr'>me</span> <span class='ocrx_word' id='word_1_96' title='bbox 1861 1012 1989 1060; x_wconf 87' lang='lat' dir='ltr'>fuisse</span> 
     </span>
     <span class='ocr_line' id='line_1_14' title="bbox 178 1081 1990 1144; baseline -0.002 -13"><span class='ocrx_word' id='word_1_97' title='bbox 178 1102 271 1131; x_wconf 90' lang='lat' dir='ltr'>rem</span> <span class='ocrx_word' id='word_1_98' title='bbox 297 1101 611 1144; x_wconf 86' lang='lat' dir='ltr'>aggressurum,</span> <span class='ocrx_word' id='word_1_99' title='bbox 641 1100 742 1129; x_wconf 90' lang='lat' dir='ltr'>cum</span> <span class='ocrx_word' id='word_1_100' title='bbox 767 1081 900 1143; x_wconf 91' lang='lat' dir='ltr'>paulo</span> <span class='ocrx_word' id='word_1_101' title='bbox 927 1096 1025 1129; x_wconf 91' lang='lat' dir='ltr'>ante</span> <span class='ocrx_word' id='word_1_102' title='bbox 1049 1100 1189 1129; x_wconf 91' lang='lat' dir='ltr'>vacuo</span> <span class='ocrx_word' id='word_1_103' title='bbox 1214 1096 1255 1129; x_wconf 94' lang='lat' dir='ltr'>et</span> <span class='ocrx_word' id='word_1_104' title='bbox 1279 1081 1419 1128; x_wconf 90' lang='lat' dir='ltr'>libero</span> <span class='ocrx_word' id='word_1_105' title='bbox 1445 1081 1554 1127; x_wconf 90' lang='lat' dir='ltr'>mihi</span> <span class='ocrx_word' id='word_1_106' title='bbox 1580 1081 1816 1142; x_wconf 90' lang='lat' dir='ltr'>aliquando</span> <span class='ocrx_word' id='word_1_107' title='bbox 1842 1081 1990 1128; x_wconf 89' lang='lat' dir='ltr'>uxoris</span> 
     </span>
     <span class='ocr_line' id='line_1_15' title="bbox 177 1149 1992 1212; baseline -0.002 -12"><span class='ocrx_word' id='word_1_108' title='bbox 177 1152 380 1200; x_wconf 90' lang='lat' dir='ltr'>veniebat</span> <span class='ocrx_word' id='word_1_109' title='bbox 400 1151 565 1212; x_wconf 88' lang='lat' dir='ltr'>aliquid</span> <span class='ocrx_word' id='word_1_110' title='bbox 583 1150 644 1197; x_wconf 80' lang='lat' dir='ltr'>in¹</span> <span class='ocrx_word' id='word_1_111' title='bbox 667 1166 876 1198; x_wconf 89' lang='lat' dir='ltr'>mentem.</span> <span class='ocrx_word' id='word_1_112' title='bbox 896 1155 1033 1198; x_wconf 92' lang='lat' dir='ltr'>Nunc</span> <span class='ocrx_word' id='word_1_113' title='bbox 1053 1150 1211 1198; x_wconf 89' lang='lat' dir='ltr'>frustra</span> <span class='ocrx_word' id='word_1_114' title='bbox 1229 1150 1425 1211; x_wconf 89' lang='lat' dir='ltr'>intelligo</span> <span class='ocrx_word' id='word_1_115' title='bbox 1445 1165 1486 1197; x_wconf 89' lang='lat' dir='ltr'>et</span> <span class='ocrx_word' id='word_1_116' title='bbox 1504 1168 1573 1197; x_wconf 93' lang='lat' dir='ltr'>me</span> <span class='ocrx_word' id='word_1_117' title='bbox 1593 1149 1869 1211; x_wconf 90' lang='lat' dir='ltr'>reprehendo</span> <span class='ocrx_word' id='word_1_118' title='bbox 1886 1149 1992 1197; x_wconf 91' lang='lat' dir='ltr'>frus-</span> 
     </span>
     <span class='ocr_line' id='line_1_16' title="bbox 177 1218 1993 1282; baseline -0.002 -14"><span class='ocrx_word' id='word_1_119' title='bbox 177 1236 257 1278; x_wconf 90' lang='lat' dir='ltr'>tra,</span> <span class='ocrx_word' id='word_1_120' title='bbox 279 1221 354 1282; x_wconf 88' lang='lat' dir='ltr'>qui</span> <span class='ocrx_word' id='word_1_121' title='bbox 376 1221 568 1268; x_wconf 90' lang='lat' dir='ltr'>irretitus</span> <span class='ocrx_word' id='word_1_122' title='bbox 589 1238 805 1281; x_wconf 89' lang='lat' dir='ltr'>nequeam</span> <span class='ocrx_word' id='word_1_123' title='bbox 826 1219 1037 1280; x_wconf 85' lang='lat' dir='ltr'>diffugere</span> <span class='ocrx_word' id='word_1_124' title='bbox 1059 1234 1131 1267; x_wconf 92' lang='lat' dir='ltr'>aut</span> <span class='ocrx_word' id='word_1_125' title='bbox 1154 1234 1322 1266; x_wconf 89' lang='lat' dir='ltr'>mutare</span> <span class='ocrx_word' id='word_1_126' title='bbox 1344 1218 1589 1266; x_wconf 91' lang='lat' dir='ltr'>consilium.</span> <span class='ocrx_word' id='word_1_127' title='bbox 1615 1220 1657 1266; x_wconf 93' lang='lat' dir='ltr'>Si</span> <span class='ocrx_word' id='word_1_128' title='bbox 1678 1234 1725 1266; x_wconf 92' lang='lat' dir='ltr'>tu</span> <span class='ocrx_word' id='word_1_129' title='bbox 1746 1218 1993 1266; x_wconf 87' lang='lat' dir='ltr'>Florentiae</span> 
     </span>
     <span class='ocr_line' id='line_1_17' title="bbox 177 1288 1993 1349; baseline -0.001 -12"><span class='ocrx_word' id='word_1_130' title='bbox 177 1290 341 1346; x_wconf 90' lang='lat' dir='ltr'>fuisses,</span> <span class='ocrx_word' id='word_1_131' title='bbox 366 1304 438 1336; x_wconf 90' lang='lat' dir='ltr'>aut</span> <span class='ocrx_word' id='word_1_132' title='bbox 462 1288 663 1336; x_wconf 90' lang='lat' dir='ltr'>nondum</span> <span class='ocrx_word' id='word_1_133' title='bbox 686 1288 979 1336; x_wconf 89' lang='lat' dir='ltr'>vendidissem</span> <span class='ocrx_word' id='word_1_134' title='bbox 1003 1289 1252 1349; x_wconf 88' lang='lat' dir='ltr'>imperium,</span> <span class='ocrx_word' id='word_1_135' title='bbox 1275 1303 1323 1335; x_wconf 91' lang='lat' dir='ltr'>ut</span> <span class='ocrx_word' id='word_1_136' title='bbox 1344 1288 1413 1335; x_wconf 91' lang='lat' dir='ltr'>ille</span> <span class='ocrx_word' id='word_1_137' title='bbox 1435 1289 1524 1345; x_wconf 87' lang='lat' dir='ltr'>ait,c</span> <span class='ocrx_word' id='word_1_138' title='bbox 1545 1303 1617 1335; x_wconf 91' lang='lat' dir='ltr'>aut</span> <span class='ocrx_word' id='word_1_139' title='bbox 1638 1302 1686 1335; x_wconf 94' lang='lat' dir='ltr'>tu</span> <span class='ocrx_word' id='word_1_140' title='bbox 1708 1306 1884 1349; x_wconf 92' lang='lat' dir='ltr'>quoque</span> <span class='ocrx_word' id='word_1_141' title='bbox 1906 1305 1993 1335; x_wconf 92' lang='lat' dir='ltr'>me-</span> 
     </span>
     <span class='ocr_line' id='line_1_18' title="bbox 177 1356 1989 1418; baseline -0.001 -13"><span class='ocrx_word' id='word_1_142' title='bbox 177 1377 279 1405; x_wconf 91' lang='lat' dir='ltr'>cum</span> <span class='ocrx_word' id='word_1_143' title='bbox 299 1357 444 1414; x_wconf 92' lang='lat' dir='ltr'>simul,</span> <span class='ocrx_word' id='word_1_144' title='bbox 466 1358 541 1418; x_wconf 90' lang='lat' dir='ltr'>qui</span> <span class='ocrx_word' id='word_1_145' title='bbox 559 1357 793 1404; x_wconf 90' lang='lat' dir='ltr'>consilium</span> <span class='ocrx_word' id='word_1_146' title='bbox 814 1356 1014 1413; x_wconf 86' lang='lat' dir='ltr'>dedisses,</span> <span class='ocrx_word' id='word_1_147' title='bbox 1035 1358 1079 1402; x_wconf 95' lang='lat' dir='ltr'>in</span> <span class='ocrx_word' id='word_1_148' title='bbox 1099 1371 1269 1417; x_wconf 90' lang='lat' dir='ltr'>partem</span> <span class='ocrx_word' id='word_1_149' title='bbox 1288 1357 1474 1403; x_wconf 90' lang='lat' dir='ltr'>venisses</span> <span class='ocrx_word' id='word_1_150' title='bbox 1493 1357 1671 1403; x_wconf 89' lang='lat' dir='ltr'>uxoriae</span> <span class='ocrx_word' id='word_1_151' title='bbox 1690 1357 1989 1403; x_wconf 87' lang='lat' dir='ltr'>accusationis.</span> 
     </span>
    </p>

    <p class='ocr_par' dir='ltr' id='par_1_6' title="bbox 174 1424 1994 2173">
     <span class='ocr_line' id='line_1_19' title="bbox 261 1424 1994 1485; baseline -0.002 -12"><span class='ocrx_word' id='word_1_152' title='bbox 261 1426 345 1473; x_wconf 90' lang='lat' dir='ltr'>Sed</span> <span class='ocrx_word' id='word_1_153' title='bbox 367 1426 472 1473; x_wconf 94' lang='lat' dir='ltr'>haec</span> <span class='ocrx_word' id='word_1_154' title='bbox 490 1443 587 1472; x_wconf 91' lang='lat' dir='ltr'>sum</span> <span class='ocrx_word' id='word_1_155' title='bbox 610 1426 776 1472; x_wconf 88' lang='lat' dir='ltr'>iocatus</span> <span class='ocrx_word' id='word_1_156' title='bbox 798 1439 958 1472; x_wconf 89' lang='lat' dir='ltr'>tecum.</span> <span class='ocrx_word' id='word_1_157' title='bbox 980 1425 1101 1472; x_wconf 91' lang='lat' dir='ltr'>Serio</span> <span class='ocrx_word' id='word_1_158' title='bbox 1120 1424 1252 1471; x_wconf 92' lang='lat' dir='ltr'>laudo</span> <span class='ocrx_word' id='word_1_159' title='bbox 1273 1439 1330 1481; x_wconf 92' lang='lat' dir='ltr'>te,</span> <span class='ocrx_word' id='word_1_160' title='bbox 1352 1425 1426 1485; x_wconf 91' lang='lat' dir='ltr'>qui</span> <span class='ocrx_word' id='word_1_161' title='bbox 1446 1439 1537 1471; x_wconf 90' lang='lat' dir='ltr'>tam</span> <span class='ocrx_word' id='word_1_162' title='bbox 1557 1424 1788 1484; x_wconf 90' lang='lat' dir='ltr'>diligenter</span> <span class='ocrx_word' id='word_1_163' title='bbox 1804 1425 1994 1484; x_wconf 90' lang='lat' dir='ltr'>patriam</span> 
     </span>
     <span class='ocr_line' id='line_1_20' title="bbox 177 1491 1989 1555; baseline -0.002 -13"><span class='ocrx_word' id='word_1_164' title='bbox 177 1512 320 1551; x_wconf 92' lang='lat' dir='ltr'>ornes,</span> <span class='ocrx_word' id='word_1_165' title='bbox 340 1494 575 1555; x_wconf 89' lang='lat' dir='ltr'>q[uamvi]s</span> <span class='ocrx_word' id='word_1_166' title='bbox 593 1494 738 1541; x_wconf 89' lang='lat' dir='ltr'>omnis</span> <span class='ocrx_word' id='word_1_167' title='bbox 759 1493 831 1540; x_wconf 87' lang='lat' dir='ltr'>illa</span> <span class='ocrx_word' id='word_1_168' title='bbox 846 1493 898 1540; x_wconf 91' lang='lat' dir='ltr'>de</span> <span class='ocrx_word' id='word_1_169' title='bbox 915 1493 1131 1549; x_wconf 89' lang='lat' dir='ltr'>dominio,</span> <span class='ocrx_word' id='word_1_170' title='bbox 1152 1492 1203 1540; x_wconf 93' lang='lat' dir='ltr'>de</span> <span class='ocrx_word' id='word_1_171' title='bbox 1220 1492 1423 1554; x_wconf 91' lang='lat' dir='ltr'>epithetis</span> <span class='ocrx_word' id='word_1_172' title='bbox 1440 1492 1679 1549; x_wconf 86' lang='lat' dir='ltr'>altercatio,</span> <span class='ocrx_word' id='word_1_173' title='bbox 1697 1510 1794 1540; x_wconf 87' lang='lat' dir='ltr'>mea</span> <span class='ocrx_word' id='word_1_174' title='bbox 1809 1491 1989 1553; x_wconf 91' lang='lat' dir='ltr'>quidem</span> 
     </span>
     <span class='ocr_line' id='line_1_21' title="bbox 175 1561 1992 1623; baseline -0.002 -12"><span class='ocrx_word' id='word_1_175' title='bbox 175 1564 407 1619; x_wconf 91' lang='lat' dir='ltr'>sententia,</span> <span class='ocrx_word' id='word_1_176' title='bbox 428 1563 662 1610; x_wconf 89' lang='lat' dir='ltr'>vanissima</span> <span class='ocrx_word' id='word_1_177' title='bbox 683 1577 760 1619; x_wconf 88' lang='lat' dir='ltr'>est,</span> <span class='ocrx_word' id='word_1_178' title='bbox 781 1580 921 1623; x_wconf 91' lang='lat' dir='ltr'>neque</span> <span class='ocrx_word' id='word_1_179' title='bbox 943 1576 1015 1609; x_wconf 90' lang='lat' dir='ltr'>aut</span> <span class='ocrx_word' id='word_1_180' title='bbox 1036 1561 1162 1609; x_wconf 86' lang='lat' dir='ltr'>vobis</span> <span class='ocrx_word' id='word_1_181' title='bbox 1184 1561 1332 1622; x_wconf 91' lang='lat' dir='ltr'>legatis</span> <span class='ocrx_word' id='word_1_182' title='bbox 1351 1576 1423 1609; x_wconf 89' lang='lat' dir='ltr'>aut</span> <span class='ocrx_word' id='word_1_183' title='bbox 1446 1561 1637 1609; x_wconf 90' lang='lat' dir='ltr'>dominis</span> <span class='ocrx_word' id='word_1_184' title='bbox 1660 1576 1702 1608; x_wconf 90' lang='lat' dir='ltr'>et</span> <span class='ocrx_word' id='word_1_185' title='bbox 1721 1561 1992 1622; x_wconf 88' lang='lat' dir='ltr'>legationum</span> 
     </span>
     <span class='ocr_line' id='line_1_22' title="bbox 177 1629 1994 1692; baseline -0.001 -13"><span class='ocrx_word' id='word_1_186' title='bbox 177 1631 430 1679; x_wconf 89' lang='lat' dir='ltr'>auctoribus</span> <span class='ocrx_word' id='word_1_187' title='bbox 453 1631 595 1692; x_wconf 87' lang='lat' dir='ltr'>digna.</span> <span class='ocrx_word' id='word_1_188' title='bbox 621 1634 801 1690; x_wconf 88' lang='lat' dir='ltr'>Quaeso</span> <span class='ocrx_word' id='word_1_189' title='bbox 824 1645 879 1678; x_wconf 93' lang='lat' dir='ltr'>te:</span> <span class='ocrx_word' id='word_1_190' title='bbox 903 1630 1009 1691; x_wconf 92' lang='lat' dir='ltr'>quid</span> <span class='ocrx_word' id='word_1_191' title='bbox 1031 1630 1160 1677; x_wconf 90' lang='lat' dir='ltr'>habet</span> <span class='ocrx_word' id='word_1_192' title='bbox 1182 1630 1432 1677; x_wconf 91' lang='lat' dir='ltr'>dominium</span> <span class='ocrx_word' id='word_1_193' title='bbox 1458 1631 1595 1677; x_wconf 89' lang='lat' dir='ltr'>maius</span> <span class='ocrx_word' id='word_1_194' title='bbox 1617 1644 1689 1677; x_wconf 92' lang='lat' dir='ltr'>aut</span> <span class='ocrx_word' id='word_1_195' title='bbox 1712 1629 1994 1677; x_wconf 87' lang='lat' dir='ltr'>excellentius</span> 
     </span>
     <span class='ocr_line' id='line_1_23' title="bbox 176 1698 1991 1762; baseline -0.001 -15"><span class='ocrx_word' id='word_1_196' title='bbox 176 1718 309 1762; x_wconf 91' lang='lat' dir='ltr'>quam</span> <span class='ocrx_word' id='word_1_197' title='bbox 330 1699 586 1761; x_wconf 91' lang='lat' dir='ltr'>respublica,</span> <span class='ocrx_word' id='word_1_198' title='bbox 610 1718 742 1761; x_wconf 93' lang='lat' dir='ltr'>quam</span> <span class='ocrx_word' id='word_1_199' title='bbox 763 1700 1058 1746; x_wconf 91' lang='lat' dir='ltr'>communitas</span> <span class='ocrx_word' id='word_1_200' title='bbox 1081 1701 1097 1746; x_wconf 71' lang='grc' dir='ltr'><strong>ἓ</strong></span> <span class='ocrx_word' id='word_1_201' title='bbox 1116 1703 1237 1746; x_wconf 90' lang='lat' dir='ltr'>Nam</span> <span class='ocrx_word' id='word_1_202' title='bbox 1259 1698 1344 1746; x_wconf 93' lang='lat' dir='ltr'>hoc</span> <span class='ocrx_word' id='word_1_203' title='bbox 1365 1717 1540 1760; x_wconf 91' lang='lat' dir='ltr'>quoque</span> <span class='ocrx_word' id='word_1_204' title='bbox 1562 1717 1728 1746; x_wconf 92' lang='lat' dir='ltr'>nomen</span> <span class='ocrx_word' id='word_1_205' title='bbox 1748 1698 1864 1760; x_wconf 90' lang='lat' dir='ltr'>apud</span> <span class='ocrx_word' id='word_1_206' title='bbox 1880 1699 1991 1760; x_wconf 88' lang='lat' dir='ltr'>peri-</span> 
     </span>
     <span class='ocr_line' id='line_1_24' title="bbox 175 1768 1990 1829; baseline -0.001 -13"><span class='ocrx_word' id='word_1_207' title='bbox 175 1784 245 1817; x_wconf 89' lang='lat' dir='ltr'>tos</span> <span class='ocrx_word' id='word_1_208' title='bbox 277 1783 476 1816; x_wconf 90' lang='lat' dir='ltr'>auctores</span> <span class='ocrx_word' id='word_1_209' title='bbox 507 1768 675 1816; x_wconf 89' lang='lat' dir='ltr'>celebre</span> <span class='ocrx_word' id='word_1_210' title='bbox 707 1783 782 1815; x_wconf 90' lang='lat' dir='ltr'>est.</span> <span class='ocrx_word' id='word_1_211' title='bbox 815 1769 1005 1815; x_wconf 91' lang='lat' dir='ltr'>Romani</span> <span class='ocrx_word' id='word_1_212' title='bbox 1038 1786 1141 1828; x_wconf 93' lang='lat' dir='ltr'>ergo</span> <span class='ocrx_word' id='word_1_213' title='bbox 1173 1769 1385 1829; x_wconf 92' lang='lat' dir='ltr'>imperare</span> <span class='ocrx_word' id='word_1_214' title='bbox 1417 1768 1693 1815; x_wconf 88' lang='lat' dir='ltr'>nesciverunt</span> <span class='ocrx_word' id='word_1_215' title='bbox 1724 1768 1799 1828; x_wconf 89' lang='lat' dir='ltr'>qui</span> <span class='ocrx_word' id='word_1_216' title='bbox 1829 1771 1990 1815; x_wconf 88' lang='lat' dir='ltr'>Senatu</span> 
     </span>
     <span class='ocr_line' id='line_1_25' title="bbox 176 1835 1992 1899; baseline -0.001 -14"><span class='ocrx_word' id='word_1_217' title='bbox 176 1837 436 1899; x_wconf 90' lang='lat' dir='ltr'>Populoque</span> <span class='ocrx_word' id='word_1_218' title='bbox 459 1842 667 1884; x_wconf 91' lang='lat' dir='ltr'>Romano</span> <span class='ocrx_word' id='word_1_219' title='bbox 688 1837 887 1884; x_wconf 90' lang='lat' dir='ltr'>contenti</span> <span class='ocrx_word' id='word_1_220' title='bbox 907 1836 1084 1884; x_wconf 89' lang='lat' dir='ltr'>fuerunt</span> <span class='ocrx_word' id='word_1_221' title='bbox 1108 1839 1123 1884; x_wconf 89' lang='lat'>?</span> <span class='ocrx_word' id='word_1_222' title='bbox 1142 1836 1226 1884; x_wconf 91' lang='lat' dir='ltr'>Sed</span> <span class='ocrx_word' id='word_1_223' title='bbox 1246 1851 1307 1884; x_wconf 90' lang='lat' dir='ltr'>est</span> <span class='ocrx_word' id='word_1_224' title='bbox 1329 1836 1581 1884; x_wconf 89' lang='lat' dir='ltr'>huiusmodi</span> <span class='ocrx_word' id='word_1_225' title='bbox 1604 1836 1843 1897; x_wconf 89' lang='lat' dir='ltr'>disputatio</span> <span class='ocrx_word' id='word_1_226' title='bbox 1867 1835 1992 1897; x_wconf 89' lang='lat' dir='ltr'>(adeo</span> 
     </span>
     <span class='ocr_line' id='line_1_26' title="bbox 174 1905 1990 1966; baseline -0.002 -12"><span class='ocrx_word' id='word_1_227' title='bbox 174 1921 276 1954; x_wconf 90' lang='lat' dir='ltr'>sunt</span> <span class='ocrx_word' id='word_1_228' title='bbox 297 1907 448 1953; x_wconf 91' lang='lat' dir='ltr'>omnia</span> <span class='ocrx_word' id='word_1_229' title='bbox 467 1907 688 1966; x_wconf 88' lang='lat' dir='ltr'>corrupta)</span> <span class='ocrx_word' id='word_1_230' title='bbox 712 1905 951 1962; x_wconf 71' lang='lat' dir='ltr'>difficilior,</span> <span class='ocrx_word' id='word_1_231' title='bbox 971 1920 1120 1953; x_wconf 89' lang='lat' dir='ltr'>tamen</span> <span class='ocrx_word' id='word_1_232' title='bbox 1138 1906 1183 1952; x_wconf 91' lang='lat' dir='ltr'>in</span> <span class='ocrx_word' id='word_1_233' title='bbox 1204 1907 1353 1952; x_wconf 91' lang='lat' dir='ltr'>animo</span> <span class='ocrx_word' id='word_1_234' title='bbox 1373 1920 1449 1962; x_wconf 93' lang='lat' dir='ltr'>est,</span> <span class='ocrx_word' id='word_1_235' title='bbox 1468 1920 1516 1953; x_wconf 93' lang='lat' dir='ltr'>ut</span> <span class='ocrx_word' id='word_1_236' title='bbox 1535 1905 1718 1952; x_wconf 85' lang='lat' dir='ltr'>fecimus</span> <span class='ocrx_word' id='word_1_237' title='bbox 1737 1906 1782 1951; x_wconf 94' lang='lat' dir='ltr'>in</span> <span class='ocrx_word' id='word_1_238' title='bbox 1803 1905 1990 1952; x_wconf 91' lang='lat' dir='ltr'>nonnul—</span> 
     </span>
     <span class='ocr_line' id='line_1_27' title="bbox 174 1968 1991 2036; baseline 0 -15"><span class='ocrx_word' id='word_1_239' title='bbox 174 1975 238 2032; x_wconf 87' lang='lat' dir='ltr'>lis,</span> <span class='ocrx_word' id='word_1_240' title='bbox 268 1993 352 2036; x_wconf 96' lang='lat' dir='ltr'>pro</span> <span class='ocrx_word' id='word_1_241' title='bbox 382 1974 547 2022; x_wconf 87' lang='lat' dir='ltr'>viribus</span> <span class='ocrx_word' id='word_1_242' title='bbox 579 1974 680 2022; x_wconf 92' lang='lat' dir='ltr'>dare</span> <span class='ocrx_word' id='word_1_243' title='bbox 709 1993 889 2035; x_wconf 92' lang='lat' dir='ltr'>operam</span> <span class='ocrx_word' id='word_1_244' title='bbox 919 1989 966 2022; x_wconf 91' lang='lat' dir='ltr'>ut</span> <span class='ocrx_word' id='word_1_245' title='bbox 997 1974 1268 2022; x_wconf 88' lang='lat' dir='ltr'>emendatius</span> <span class='ocrx_word' id='word_1_246' title='bbox 1296 1968 1543 2022; x_wconf 82' lang='lat' dir='ltr'>scribatur.d</span> <span class='ocrx_word' id='word_1_247' title='bbox 1573 1973 1656 2021; x_wconf 90' lang='lat' dir='ltr'>Sed</span> <span class='ocrx_word' id='word_1_248' title='bbox 1682 1974 1774 2021; x_wconf 92' lang='lat' dir='ltr'>sine</span> <span class='ocrx_word' id='word_1_249' title='bbox 1805 1989 1879 2021; x_wconf 91' lang='lat' dir='ltr'>tua</span> <span class='ocrx_word' id='word_1_250' title='bbox 1907 1992 1991 2035; x_wconf 92' lang='lat' dir='ltr'>ope</span> 
     </span>
     <span class='ocr_line' id='line_1_28' title="bbox 176 2042 1989 2104; baseline 0 -14"><span class='ocrx_word' id='word_1_251' title='bbox 176 2043 285 2090; x_wconf 89' lang='lat' dir='ltr'>nihil</span> <span class='ocrx_word' id='word_1_252' title='bbox 310 2043 406 2091; x_wconf 90' lang='lat' dir='ltr'>fieri</span> <span class='ocrx_word' id='word_1_253' title='bbox 426 2058 586 2104; x_wconf 89' lang='lat' dir='ltr'>potest.</span> <span class='ocrx_word' id='word_1_254' title='bbox 613 2047 731 2090; x_wconf 92' lang='lat' dir='ltr'>Cum</span> <span class='ocrx_word' id='word_1_255' title='bbox 756 2043 933 2090; x_wconf 88' lang='lat' dir='ltr'>redieris</span> <span class='ocrx_word' id='word_1_256' title='bbox 956 2043 1010 2090; x_wconf 93' lang='lat' dir='ltr'>ad</span> <span class='ocrx_word' id='word_1_257' title='bbox 1030 2061 1123 2099; x_wconf 87' lang='lat' dir='ltr'>nos,</span> <span class='ocrx_word' id='word_1_258' title='bbox 1150 2043 1270 2104; x_wconf 92' lang='lat' dir='ltr'>quod</span> <span class='ocrx_word' id='word_1_259' title='bbox 1291 2043 1550 2104; x_wconf 88' lang='lat' dir='ltr'>propediem</span> <span class='ocrx_word' id='word_1_260' title='bbox 1573 2061 1702 2104; x_wconf 92' lang='lat' dir='ltr'>spero</span> <span class='ocrx_word' id='word_1_261' title='bbox 1725 2042 1834 2099; x_wconf 91' lang='lat' dir='ltr'>fore,</span> <span class='ocrx_word' id='word_1_262' title='bbox 1857 2042 1989 2090; x_wconf 91' lang='lat' dir='ltr'>collo-</span> 
     </span>
     <span class='ocr_line' id='line_1_29' title="bbox 175 2110 1986 2173; baseline 0 -15"><span class='ocrx_word' id='word_1_263' title='bbox 175 2130 285 2173; x_wconf 91' lang='lat' dir='ltr'>quar</span> <span class='ocrx_word' id='word_1_264' title='bbox 301 2112 508 2158; x_wconf 89' lang='lat' dir='ltr'>omnibus</span> <span class='ocrx_word' id='word_1_265' title='bbox 529 2111 581 2158; x_wconf 93' lang='lat' dir='ltr'>de</span> <span class='ocrx_word' id='word_1_266' title='bbox 598 2111 725 2158; x_wconf 92' lang='lat' dir='ltr'>rebus</span> <span class='ocrx_word' id='word_1_267' title='bbox 743 2126 890 2158; x_wconf 92' lang='lat' dir='ltr'>tecum</span> <span class='ocrx_word' id='word_1_268' title='bbox 908 2112 1096 2172; x_wconf 87' lang='lat' dir='ltr'>apertius</span> <span class='ocrx_word' id='word_1_269' title='bbox 1115 2126 1156 2158; x_wconf 92' lang='lat' dir='ltr'>et</span> <span class='ocrx_word' id='word_1_270' title='bbox 1171 2130 1338 2172; x_wconf 89' lang='lat' dir='ltr'>sequar,</span> <span class='ocrx_word' id='word_1_271' title='bbox 1355 2126 1402 2158; x_wconf 93' lang='lat' dir='ltr'>ut</span> <span class='ocrx_word' id='word_1_272' title='bbox 1419 2111 1540 2158; x_wconf 92' lang='lat' dir='ltr'>soleo</span> <span class='ocrx_word' id='word_1_273' title='bbox 1557 2111 1799 2172; x_wconf 91' lang='lat' dir='ltr'>debeoque,</span> <span class='ocrx_word' id='word_1_274' title='bbox 1817 2110 1986 2158; x_wconf 88' lang='lat' dir='ltr'>consili-</span> 
     </span>
    </p>
   </div>
   <div class='ocr_carea' id='block_1_6' title="bbox 172 2323 1994 2737">
    <p class='ocr_par' dir='ltr' id='par_1_7' title="bbox 172 2323 1994 2737">
     <span class='ocr_line' id='line_1_30' title="bbox 255 2323 1990 2372; baseline 0 -11"><span class='ocrx_word' id='word_1_275' title='bbox 255 2329 267 2343; x_wconf 83' lang='lat'>²</span> <span class='ocrx_word' id='word_1_276' title='bbox 285 2326 379 2362; x_wconf 88' lang='lat' dir='ltr'>Otto</span> <span class='ocrx_word' id='word_1_277' title='bbox 398 2323 586 2362; x_wconf 86' lang='lat' dir='ltr'>Niccolini</span> <span class='ocrx_word' id='word_1_278' title='bbox 600 2323 671 2362; x_wconf 82' lang='lat' dir='ltr'>had</span> <span class='ocrx_word' id='word_1_279' title='bbox 687 2324 779 2362; x_wconf 91' lang='lat' dir='ltr'>been</span> <span class='ocrx_word' id='word_1_280' title='bbox 793 2336 872 2362; x_wconf 90' lang='lat' dir='ltr'>sent</span> <span class='ocrx_word' id='word_1_281' title='bbox 889 2338 922 2362; x_wconf 85' lang='lat' dir='ltr'>as</span> <span class='ocrx_word' id='word_1_282' title='bbox 942 2323 1149 2362; x_wconf 87' lang='lat' dir='ltr'>Florentine</span> <span class='ocrx_word' id='word_1_283' title='bbox 1165 2323 1390 2362; x_wconf 83' lang='lat' dir='ltr'>ambassador</span> <span class='ocrx_word' id='word_1_284' title='bbox 1407 2336 1446 2362; x_wconf 91' lang='lat' dir='ltr'>to</span> <span class='ocrx_word' id='word_1_285' title='bbox 1465 2327 1581 2362; x_wconf 92' lang='lat' dir='ltr'>Rome</span> <span class='ocrx_word' id='word_1_286' title='bbox 1598 2336 1637 2362; x_wconf 90' lang='lat' dir='ltr'>to</span> <span class='ocrx_word' id='word_1_287' title='bbox 1655 2324 1833 2372; x_wconf 85' lang='lat' dir='ltr'>negotiate</span> <span class='ocrx_word' id='word_1_288' title='bbox 1849 2337 1869 2361; x_wconf 85' lang='lat' dir='ltr'>a</span> <span class='ocrx_word' id='word_1_289' title='bbox 1883 2337 1990 2372; x_wconf 89' lang='lat' dir='ltr'>peace</span> 
     </span>
     <span class='ocr_line' id='line_1_31' title="bbox 172 2375 1991 2425; baseline 0 -11"><span class='ocrx_word' id='word_1_290' title='bbox 172 2375 377 2414; x_wconf 90' lang='lat' dir='ltr'>settlement</span> <span class='ocrx_word' id='word_1_291' title='bbox 396 2377 435 2413; x_wconf 92' lang='lat' dir='ltr'>in</span> <span class='ocrx_word' id='word_1_292' title='bbox 452 2376 515 2414; x_wconf 91' lang='lat' dir='ltr'>the</span> <span class='ocrx_word' id='word_1_293' title='bbox 532 2391 608 2414; x_wconf 90' lang='lat' dir='ltr'>war</span> <span class='ocrx_word' id='word_1_294' title='bbox 624 2376 702 2414; x_wconf 90' lang='lat' dir='ltr'>that</span> <span class='ocrx_word' id='word_1_295' title='bbox 718 2376 891 2414; x_wconf 86' lang='lat' dir='ltr'>followed</span> <span class='ocrx_word' id='word_1_296' title='bbox 911 2376 1140 2414; x_wconf 90' lang='lat' dir='ltr'>Bartolomeo</span> <span class='ocrx_word' id='word_1_297' title='bbox 1161 2376 1360 2414; x_wconf 88' lang='lat' dir='ltr'>Colleoni&#39;s</span> <span class='ocrx_word' id='word_1_298' title='bbox 1378 2376 1497 2414; x_wconf 89' lang='lat' dir='ltr'>attack</span> <span class='ocrx_word' id='word_1_299' title='bbox 1514 2390 1566 2414; x_wconf 92' lang='lat' dir='ltr'>on</span> <span class='ocrx_word' id='word_1_300' title='bbox 1584 2375 1791 2414; x_wconf 80' lang='lat' dir='ltr'>Florentiae</span> <span class='ocrx_word' id='word_1_301' title='bbox 1806 2376 1991 2425; x_wconf 89' lang='lat' dir='ltr'>territory.</span> 
     </span>
     <span class='ocr_line' id='line_1_32' title="bbox 173 2428 1990 2478; baseline 0 -12"><span class='ocrx_word' id='word_1_302' title='bbox 173 2428 366 2477; x_wconf 85' lang='lat' dir='ltr'>Although</span> <span class='ocrx_word' id='word_1_303' title='bbox 381 2443 487 2477; x_wconf 90' lang='lat' dir='ltr'>peace</span> <span class='ocrx_word' id='word_1_304' title='bbox 505 2443 576 2466; x_wconf 88' lang='lat' dir='ltr'>was</span> <span class='ocrx_word' id='word_1_305' title='bbox 593 2428 815 2478; x_wconf 87' lang='lat' dir='ltr'>proclaimed</span> <span class='ocrx_word' id='word_1_306' title='bbox 832 2430 871 2466; x_wconf 91' lang='lat' dir='ltr'>in</span> <span class='ocrx_word' id='word_1_307' title='bbox 889 2432 1005 2467; x_wconf 91' lang='lat' dir='ltr'>Rome</span> <span class='ocrx_word' id='word_1_308' title='bbox 1022 2443 1074 2467; x_wconf 90' lang='lat' dir='ltr'>on</span> <span class='ocrx_word' id='word_1_309' title='bbox 1090 2432 1132 2467; x_wconf 88' lang='lat'>25</span> <span class='ocrx_word' id='word_1_310' title='bbox 1151 2428 1257 2478; x_wconf 82' lang='lat' dir='ltr'>April</span> <span class='ocrx_word' id='word_1_311' title='bbox 1275 2432 1360 2467; x_wconf 92' lang='lat'>1468</span> <span class='ocrx_word' id='word_1_312' title='bbox 1378 2428 1449 2467; x_wconf 86' lang='lat' dir='ltr'>and</span> <span class='ocrx_word' id='word_1_313' title='bbox 1464 2428 1655 2478; x_wconf 87' lang='lat' dir='ltr'>published</span> <span class='ocrx_word' id='word_1_314' title='bbox 1672 2442 1723 2467; x_wconf 93' lang='lat' dir='ltr'>on</span> <span class='ocrx_word' id='word_1_315' title='bbox 1740 2432 1759 2467; x_wconf 92' lang='lat'>8</span> <span class='ocrx_word' id='word_1_316' title='bbox 1777 2431 1876 2477; x_wconf 87' lang='lat' dir='ltr'>May,</span> <span class='ocrx_word' id='word_1_317' title='bbox 1896 2430 1990 2466; x_wconf 89' lang='lat' dir='ltr'>Otto</span> 
     </span>
     <span class='ocr_line' id='line_1_33' title="bbox 174 2481 1994 2532; baseline -0.001 -12"><span class='ocrx_word' id='word_1_318' title='bbox 174 2482 357 2520; x_wconf 89' lang='lat' dir='ltr'>remained</span> <span class='ocrx_word' id='word_1_319' title='bbox 374 2483 414 2519; x_wconf 88' lang='lat' dir='ltr'>in</span> <span class='ocrx_word' id='word_1_320' title='bbox 430 2485 547 2520; x_wconf 89' lang='lat' dir='ltr'>Rome</span> <span class='ocrx_word' id='word_1_321' title='bbox 562 2482 657 2521; x_wconf 91' lang='lat' dir='ltr'>until</span> <span class='ocrx_word' id='word_1_322' title='bbox 669 2482 753 2531; x_wconf 93' lang='lat' dir='ltr'>July</span> <span class='ocrx_word' id='word_1_323' title='bbox 769 2495 808 2521; x_wconf 87' lang='lat' dir='ltr'>to</span> <span class='ocrx_word' id='word_1_324' title='bbox 826 2482 933 2531; x_wconf 85' lang='lat' dir='ltr'>ratify</span> <span class='ocrx_word' id='word_1_325' title='bbox 950 2484 988 2527; x_wconf 80' lang='lat' dir='ltr'>it3</span> <span class='ocrx_word' id='word_1_326' title='bbox 1006 2482 1051 2521; x_wconf 93' lang='lat' dir='ltr'>he</span> <span class='ocrx_word' id='word_1_327' title='bbox 1067 2482 1236 2521; x_wconf 85' lang='lat' dir='ltr'>returned</span> <span class='ocrx_word' id='word_1_328' title='bbox 1251 2495 1290 2521; x_wconf 90' lang='lat' dir='ltr'>to</span> <span class='ocrx_word' id='word_1_329' title='bbox 1309 2486 1424 2521; x_wconf 90' lang='lat' dir='ltr'>Rome</span> <span class='ocrx_word' id='word_1_330' title='bbox 1442 2484 1482 2520; x_wconf 90' lang='lat' dir='ltr'>in</span> <span class='ocrx_word' id='word_1_331' title='bbox 1494 2482 1577 2531; x_wconf 83' lang='lat' dir='ltr'>July</span> <span class='ocrx_word' id='word_1_332' title='bbox 1596 2485 1693 2527; x_wconf 90' lang='grc'>1469,</span> <span class='ocrx_word' id='word_1_333' title='bbox 1711 2482 1822 2532; x_wconf 85' lang='lat' dir='ltr'>dying</span> <span class='ocrx_word' id='word_1_334' title='bbox 1837 2481 1939 2520; x_wconf 88' lang='lat' dir='ltr'>there</span> <span class='ocrx_word' id='word_1_335' title='bbox 1954 2483 1994 2519; x_wconf 90' lang='lat' dir='ltr'>in</span> 
     </span>
     <span class='ocr_line' id='line_1_34' title="bbox 173 2534 1992 2583; baseline 0.001 -11"><span class='ocrx_word' id='word_1_336' title='bbox 173 2534 383 2583; x_wconf 90' lang='lat' dir='ltr'>September</span> <span class='ocrx_word' id='word_1_337' title='bbox 408 2538 506 2579; x_wconf 90' lang='lat'>1470,</span> <span class='ocrx_word' id='word_1_338' title='bbox 529 2549 585 2573; x_wconf 88' lang='lat' dir='ltr'>see</span> <span class='ocrx_word' id='word_1_339' title='bbox 608 2537 718 2573; x_wconf 80' lang='lat' dir='ltr'>Storia</span> <span class='ocrx_word' id='word_1_340' title='bbox 740 2535 778 2573; x_wconf 88' lang='lat' dir='ltr'>di</span> <span class='ocrx_word' id='word_1_341' title='bbox 796 2535 930 2573; x_wconf 85' lang='lat' dir='ltr'>Milano</span> <span class='ocrx_word' id='word_1_342' title='bbox 954 2538 1028 2580; x_wconf 90' lang='lat' dir='ltr'>VH,</span> <span class='ocrx_word' id='word_1_343' title='bbox 1050 2535 1176 2580; x_wconf 88' lang='lat' dir='ltr'>Milan,</span> <span class='ocrx_word' id='word_1_344' title='bbox 1203 2538 1299 2580; x_wconf 88' lang='grc'>1956,</span> <span class='ocrx_word' id='word_1_345' title='bbox 1324 2539 1470 2580; x_wconf 84' lang='lat'>247—48,</span> <span class='ocrx_word' id='word_1_346' title='bbox 1496 2537 1540 2573; x_wconf 92' lang='lat' dir='ltr'>G.</span> <span class='ocrx_word' id='word_1_347' title='bbox 1562 2534 1758 2580; x_wconf 90' lang='lat' dir='ltr'>Niccolini,</span> <span class='ocrx_word' id='word_1_348' title='bbox 1782 2537 1935 2573; x_wconf 85' lang='lat' dir='ltr'>‘Lettere</span> <span class='ocrx_word' id='word_1_349' title='bbox 1954 2534 1992 2573; x_wconf 89' lang='lat' dir='ltr'>di</span> 
     </span>
     <span class='ocr_line' id='line_1_35' title="bbox 174 2586 1984 2636; baseline 0.001 -13"><span class='ocrx_word' id='word_1_350' title='bbox 174 2588 277 2624; x_wconf 89' lang='lat' dir='ltr'>Piero</span> <span class='ocrx_word' id='word_1_351' title='bbox 295 2586 334 2624; x_wconf 89' lang='lat' dir='ltr'>di</span> <span class='ocrx_word' id='word_1_352' title='bbox 352 2588 503 2624; x_wconf 87' lang='lat' dir='ltr'>Cosimo</span> <span class='ocrx_word' id='word_1_353' title='bbox 524 2586 580 2625; x_wconf 89' lang='lat' dir='ltr'>de&#39;</span> <span class='ocrx_word' id='word_1_354' title='bbox 599 2586 733 2625; x_wconf 87' lang='lat' dir='ltr'>Medici</span> <span class='ocrx_word' id='word_1_355' title='bbox 752 2601 771 2625; x_wconf 90' lang='lat' dir='ltr'>a</span> <span class='ocrx_word' id='word_1_356' title='bbox 790 2589 883 2625; x_wconf 91' lang='lat' dir='ltr'>Otto</span> <span class='ocrx_word' id='word_1_357' title='bbox 902 2587 1088 2625; x_wconf 86' lang='lat' dir='ltr'>Niccolini</span> <span class='ocrx_word' id='word_1_358' title='bbox 1106 2587 1360 2636; x_wconf 87' lang='lat'>(1467-1469),&#39;</span> <span class='ocrx_word' id='word_1_359' title='bbox 1379 2587 1545 2625; x_wconf 81' lang='lat' dir='ltr'>Archivz&#39;o</span> <span class='ocrx_word' id='word_1_360' title='bbox 1562 2591 1684 2625; x_wconf 75' lang='lat' dir='ltr'>storico</span> <span class='ocrx_word' id='word_1_361' title='bbox 1705 2587 1859 2625; x_wconf 79' lang='lat' dir='ltr'>italiana.</span> <span class='ocrx_word' id='word_1_362' title='bbox 1879 2601 1936 2625; x_wconf 83' lang='lat' dir='ltr'>ser</span> <span class='ocrx_word' id='word_1_363' title='bbox 1953 2591 1984 2631; x_wconf 90' lang='lat'>5,</span> 
     </span>
     <span class='ocr_line' id='line_1_36' title="bbox 173 2638 1988 2688; baseline 0 -12"><span class='ocrx_word' id='word_1_364' title='bbox 173 2643 217 2676; x_wconf 86' lang='lat'>20</span> <span class='ocrx_word' id='word_1_365' title='bbox 245 2638 371 2687; x_wconf 87' lang='lat'>(1897),</span> <span class='ocrx_word' id='word_1_366' title='bbox 403 2642 527 2683; x_wconf 83' lang='lat'>38-39‚</span> <span class='ocrx_word' id='word_1_367' title='bbox 557 2640 717 2677; x_wconf 87' lang='lat' dir='ltr'>Ginevra</span> <span class='ocrx_word' id='word_1_368' title='bbox 742 2639 938 2684; x_wconf 91' lang='lat' dir='ltr'>Niccolini,</span> <span class='ocrx_word' id='word_1_369' title='bbox 970 2639 1035 2677; x_wconf 67' lang='lat' dir='ltr'>The</span> <span class='ocrx_word' id='word_1_370' title='bbox 1062 2639 1257 2678; x_wconf 81' lang='lat' dir='ltr'>Chronicles</span> <span class='ocrx_word' id='word_1_371' title='bbox 1282 2639 1326 2688; x_wconf 90' lang='lat' dir='ltr'>os</span> <span class='ocrx_word' id='word_1_372' title='bbox 1341 2654 1362 2677; x_wconf 83' lang='lat' dir='ltr'>a</span> <span class='ocrx_word' id='word_1_373' title='bbox 1388 2639 1582 2677; x_wconf 81' lang='lat' dir='ltr'>Florentine</span> <span class='ocrx_word' id='word_1_374' title='bbox 1607 2639 1747 2688; x_wconf 76' lang='lat' dir='ltr'>Family,</span> <span class='ocrx_word' id='word_1_375' title='bbox 1776 2642 1988 2682; x_wconf 86' lang='lat'>1200-1470,</span> 
     </span>
     <span class='ocr_line' id='line_1_37' title="bbox 174 2692 1500 2737; baseline 0 -7"><span class='ocrx_word' id='word_1_376' title='bbox 174 2692 342 2736; x_wconf 88' lang='lat' dir='ltr'>London,</span> <span class='ocrx_word' id='word_1_377' title='bbox 364 2696 462 2737; x_wconf 87' lang='lat'>1933,</span> <span class='ocrx_word' id='word_1_378' title='bbox 483 2696 652 2736; x_wconf 83' lang='lat'>290-305,</span> <span class='ocrx_word' id='word_1_379' title='bbox 673 2692 744 2730; x_wconf 88' lang='lat' dir='ltr'>and</span> <span class='ocrx_word' id='word_1_380' title='bbox 762 2696 938 2737; x_wconf 91' lang='lat' dir='ltr'>Lorenzo‚</span> <span class='ocrx_word' id='word_1_381' title='bbox 956 2696 1086 2731; x_wconf 76' lang='lat' dir='ltr'>Lettere</span> <span class='ocrx_word' id='word_1_382' title='bbox 1103 2697 1128 2737; x_wconf 93' lang='grc' dir='ltr'>Ι,</span> <span class='ocrx_word' id='word_1_383' title='bbox 1146 2698 1270 2737; x_wconf 77' lang='lat'>44-45,</span> <span class='ocrx_word' id='word_1_384' title='bbox 1291 2697 1344 2737; x_wconf 90' lang='lat'>58,</span> <span class='ocrx_word' id='word_1_385' title='bbox 1364 2705 1450 2731; x_wconf 91' lang='lat' dir='ltr'>note</span> <span class='ocrx_word' id='word_1_386' title='bbox 1471 2697 1500 2730; x_wconf 91' lang='lat'>1.</span> 
     </span>
    </p>
   </div>
   <div class='ocr_carea' id='block_1_7' title="bbox 254 2745 1787 2799">
    <p class='ocr_par' dir='ltr' id='par_1_8' title="bbox 254 2745 1787 2799">
     <span class='ocr_line' id='line_1_38' title="bbox 254 2745 1787 2799; baseline 0 -11"><span class='ocrx_word' id='word_1_387' title='bbox 254 2745 269 2769; x_wconf 74' lang='lat'>*³</span> <span class='ocrx_word' id='word_1_388' title='bbox 287 2750 383 2788; x_wconf 81' lang='lat' dir='ltr'>Scala</span> <span class='ocrx_word' id='word_1_389' title='bbox 399 2750 555 2788; x_wconf 87' lang='lat' dir='ltr'>married</span> <span class='ocrx_word' id='word_1_390' title='bbox 573 2750 786 2788; x_wconf 88' lang='lat' dir='ltr'>Maddalena</span> <span class='ocrx_word' id='word_1_391' title='bbox 803 2750 841 2788; x_wconf 94' lang='lat' dir='ltr'>di</span> <span class='ocrx_word' id='word_1_392' title='bbox 859 2752 1045 2788; x_wconf 89' lang='lat' dir='ltr'>Giovanni</span> <span class='ocrx_word' id='word_1_393' title='bbox 1062 2752 1170 2789; x_wconf 89' lang='lat' dir='ltr'>Benci</span> <span class='ocrx_word' id='word_1_394' title='bbox 1186 2751 1309 2789; x_wconf 88' lang='lat' dir='ltr'>earlier</span> <span class='ocrx_word' id='word_1_395' title='bbox 1324 2750 1402 2788; x_wconf 89' lang='lat' dir='ltr'>that</span> <span class='ocrx_word' id='word_1_396' title='bbox 1418 2765 1512 2799; x_wconf 88' lang='lat' dir='ltr'>year,</span> <span class='ocrx_word' id='word_1_397' title='bbox 1531 2750 1625 2788; x_wconf 84' lang='lat' dir='ltr'>Scala</span> <span class='ocrx_word' id='word_1_398' title='bbox 1645 2754 1686 2788; x_wconf 88' lang='lat'>58</span> <span class='ocrx_word' id='word_1_399' title='bbox 1705 2754 1787 2796; x_wconf 87' lang='lat'><strong>[38].</strong></span> 
     </span>
    </p>
   </div>
   <div class='ocr_carea' id='block_1_8' title="bbox 171 2808 1993 3230">
    <p class='ocr_par' dir='ltr' id='par_1_9' title="bbox 255 2808 695 2853">
     <span class='ocr_line' id='line_1_39' title="bbox 255 2808 695 2853; baseline 0.002 -7"><span class='ocrx_word' id='word_1_400' title='bbox 255 2814 267 2828; x_wconf 77' lang='lat'><em>⁰</em></span> <span class='ocrx_word' id='word_1_401' title='bbox 285 2808 439 2853; x_wconf 82' lang='lat' dir='ltr'>Plautus,</span> <span class='ocrx_word' id='word_1_402' title='bbox 457 2811 622 2847; x_wconf 82' lang='lat' dir='ltr'>Asinaria</span> <span class='ocrx_word' id='word_1_403' title='bbox 642 2813 695 2847; x_wconf 91' lang='lat'>87.</span> 
     </span>
    </p>

    <p class='ocr_par' dir='ltr' id='par_1_10' title="bbox 171 2862 1993 3230">
     <span class='ocr_line' id='line_1_40' title="bbox 253 2862 1992 2916; baseline 0 -11"><span class='ocrx_word' id='word_1_404' title='bbox 253 2862 270 2886; x_wconf 77' lang='lat'>‘¹</span> <span class='ocrx_word' id='word_1_405' title='bbox 286 2865 382 2905; x_wconf 78' lang='lat' dir='ltr'>Scala</span> <span class='ocrx_word' id='word_1_406' title='bbox 397 2880 494 2905; x_wconf 88' lang='lat' dir='ltr'>must</span> <span class='ocrx_word' id='word_1_407' title='bbox 512 2867 604 2905; x_wconf 88' lang='lat' dir='ltr'>refer</span> <span class='ocrx_word' id='word_1_408' title='bbox 618 2879 658 2905; x_wconf 93' lang='lat' dir='ltr'>to</span> <span class='ocrx_word' id='word_1_409' title='bbox 674 2867 738 2905; x_wconf 89' lang='lat' dir='ltr'>the</span> <span class='ocrx_word' id='word_1_410' title='bbox 753 2867 1009 2916; x_wconf 87' lang='lat' dir='ltr'>disagreement</span> <span class='ocrx_word' id='word_1_411' title='bbox 1029 2869 1247 2916; x_wconf 89' lang='lat' dir='ltr'>concerning</span> <span class='ocrx_word' id='word_1_412' title='bbox 1261 2867 1323 2905; x_wconf 90' lang='lat' dir='ltr'>the</span> <span class='ocrx_word' id='word_1_413' title='bbox 1338 2868 1548 2916; x_wconf 87' lang='lat' dir='ltr'>diplomatic</span> <span class='ocrx_word' id='word_1_414' title='bbox 1565 2867 1722 2905; x_wconf 87' lang='lat' dir='ltr'>formula</span> <span class='ocrx_word' id='word_1_415' title='bbox 1739 2867 1780 2905; x_wconf 87' lang='lat' dir='ltr'>of</span> <span class='ocrx_word' id='word_1_416' title='bbox 1794 2867 1932 2905; x_wconf 72' lang='lat' dir='ltr'>address</span> <span class='ocrx_word' id='word_1_417' title='bbox 1952 2868 1992 2904; x_wconf 89' lang='lat' dir='ltr'>in</span> 
     </span>
     <span class='ocr_line' id='line_1_41' title="bbox 173 2918 1987 2968; baseline 0 -12"><span class='ocrx_word' id='word_1_418' title='bbox 173 2919 235 2957; x_wconf 90' lang='lat' dir='ltr'>the</span> <span class='ocrx_word' id='word_1_419' title='bbox 263 2918 483 2957; x_wconf 85' lang='lat' dir='ltr'>ratification</span> <span class='ocrx_word' id='word_1_420' title='bbox 508 2919 549 2956; x_wconf 88' lang='lat' dir='ltr'>of</span> <span class='ocrx_word' id='word_1_421' title='bbox 573 2919 635 2957; x_wconf 92' lang='lat' dir='ltr'>the</span> <span class='ocrx_word' id='word_1_422' title='bbox 662 2933 767 2968; x_wconf 89' lang='lat' dir='ltr'>peace</span> <span class='ocrx_word' id='word_1_423' title='bbox 794 2931 921 2968; x_wconf 88' lang='lat' dir='ltr'>treaty,</span> <span class='ocrx_word' id='word_1_424' title='bbox 950 2919 1071 2957; x_wconf 90' lang='lat' dir='ltr'>which</span> <span class='ocrx_word' id='word_1_425' title='bbox 1096 2932 1172 2957; x_wconf 91' lang='lat' dir='ltr'>two</span> <span class='ocrx_word' id='word_1_426' title='bbox 1199 2934 1299 2968; x_wconf 84' lang='lat' dir='ltr'>years</span> <span class='ocrx_word' id='word_1_427' title='bbox 1327 2919 1416 2957; x_wconf 86' lang='lat' dir='ltr'>later</span> <span class='ocrx_word' id='word_1_428' title='bbox 1442 2919 1612 2957; x_wconf 90' lang='lat' dir='ltr'>involved</span> <span class='ocrx_word' id='word_1_429' title='bbox 1638 2919 1714 2956; x_wconf 89' lang='lat' dir='ltr'>him</span> <span class='ocrx_word' id='word_1_430' title='bbox 1742 2920 1781 2955; x_wconf 90' lang='lat' dir='ltr'>in</span> <span class='ocrx_word' id='word_1_431' title='bbox 1807 2933 1827 2956; x_wconf 90' lang='lat' dir='ltr'>a</span> <span class='ocrx_word' id='word_1_432' title='bbox 1851 2919 1987 2956; x_wconf 84' lang='lat' dir='ltr'>serious</span> 
     </span>
     <span class='ocr_line' id='line_1_42' title="bbox 174 2970 1990 3019; baseline -0.001 -11"><span class='ocrx_word' id='word_1_433' title='bbox 174 2983 411 3019; x_wconf 88' lang='lat' dir='ltr'>controversy</span> <span class='ocrx_word' id='word_1_434' title='bbox 430 2972 469 3008; x_wconf 89' lang='lat' dir='ltr'>in</span> <span class='ocrx_word' id='word_1_435' title='bbox 487 2974 603 3009; x_wconf 90' lang='lat' dir='ltr'>Rome</span> <span class='ocrx_word' id='word_1_436' title='bbox 622 2971 739 3019; x_wconf 79' lang='lat' dir='ltr'>(Scala,</span> <span class='ocrx_word' id='word_1_437' title='bbox 763 2975 894 3009; x_wconf 88' lang='lat'>168-78</span> <span class='ocrx_word' id='word_1_438' title='bbox 914 2975 1087 3017; x_wconf 82' lang='lat'>[116-20];</span> <span class='ocrx_word' id='word_1_439' title='bbox 1109 2971 1153 3009; x_wconf 88' lang='lat' dir='ltr'>cf.</span> <span class='ocrx_word' id='word_1_440' title='bbox 1170 2971 1289 3009; x_wconf 73' lang='lat' dir='ltr'>lettem</span> <span class='ocrx_word' id='word_1_441' title='bbox 1308 2975 1418 3009; x_wconf 85' lang='lat'>31-35</span> <span class='ocrx_word' id='word_1_442' title='bbox 1438 2971 1567 3015; x_wconf 90' lang='lat' dir='ltr'>below,</span> <span class='ocrx_word' id='word_1_443' title='bbox 1585 2970 1655 3008; x_wconf 89' lang='lat' dir='ltr'>and</span> <span class='ocrx_word' id='word_1_444' title='bbox 1671 2970 1733 3008; x_wconf 91' lang='lat' dir='ltr'>the</span> <span class='ocrx_word' id='word_1_445' title='bbox 1748 2970 1931 3008; x_wconf 86' lang='lat' dir='ltr'>mandates</span> <span class='ocrx_word' id='word_1_446' title='bbox 1950 2971 1990 3007; x_wconf 80' lang='lat' dir='ltr'>in</span> 
     </span>
     <span class='ocr_line' id='line_1_43' title="bbox 175 3022 1993 3073; baseline -0.001 -11"><span class='ocrx_word' id='word_1_447' title='bbox 175 3028 205 3061; x_wconf 94' lang='lat' dir='ltr'>II</span> <span class='ocrx_word' id='word_1_448' title='bbox 222 3024 352 3069; x_wconf 89' lang='lat' dir='ltr'>below,</span> <span class='ocrx_word' id='word_1_449' title='bbox 370 3030 471 3062; x_wconf 88' lang='lat' dir='ltr'>nos.4</span> <span class='ocrx_word' id='word_1_450' title='bbox 489 3024 559 3062; x_wconf 87' lang='lat' dir='ltr'>and</span> <span class='ocrx_word' id='word_1_451' title='bbox 575 3024 620 3073; x_wconf 89' lang='lat'>7).</span> <span class='ocrx_word' id='word_1_452' title='bbox 638 3027 787 3073; x_wconf 87' lang='lat' dir='ltr'>Among</span> <span class='ocrx_word' id='word_1_453' title='bbox 803 3025 866 3062; x_wconf 91' lang='lat' dir='ltr'>the</span> <span class='ocrx_word' id='word_1_454' title='bbox 881 3025 988 3062; x_wconf 90' lang='lat' dir='ltr'>other</span> <span class='ocrx_word' id='word_1_455' title='bbox 1000 3026 1219 3073; x_wconf 88' lang='lat' dir='ltr'>signatories,</span> <span class='ocrx_word' id='word_1_456' title='bbox 1237 3024 1407 3062; x_wconf 91' lang='lat' dir='ltr'>Florence</span> <span class='ocrx_word' id='word_1_457' title='bbox 1422 3024 1530 3062; x_wconf 87' lang='lat' dir='ltr'>stood</span> <span class='ocrx_word' id='word_1_458' title='bbox 1546 3036 1611 3062; x_wconf 89' lang='lat' dir='ltr'>out</span> <span class='ocrx_word' id='word_1_459' title='bbox 1628 3025 1667 3061; x_wconf 89' lang='lat' dir='ltr'>in</span> <span class='ocrx_word' id='word_1_460' title='bbox 1681 3023 1882 3072; x_wconf 63' lang='lat' dir='ltr'>describing</span> <span class='ocrx_word' id='word_1_461' title='bbox 1897 3022 1993 3061; x_wconf 75' lang='lat' dir='ltr'>itself</span> 
     </span>
     <span class='ocr_line' id='line_1_44' title="bbox 174 3075 1986 3125; baseline -0.001 -11"><span class='ocrx_word' id='word_1_462' title='bbox 174 3091 208 3115; x_wconf 87' lang='lat' dir='ltr'>as</span> <span class='ocrx_word' id='word_1_463' title='bbox 235 3091 254 3114; x_wconf 93' lang='lat' dir='ltr'>a</span> <span class='ocrx_word' id='word_1_464' title='bbox 281 3076 504 3125; x_wconf 87' lang='lat' dir='ltr'>‘respublica&#39;</span> <span class='ocrx_word' id='word_1_465' title='bbox 530 3078 569 3113; x_wconf 91' lang='lat' dir='ltr'>in</span> <span class='ocrx_word' id='word_1_466' title='bbox 592 3076 654 3115; x_wconf 91' lang='lat' dir='ltr'>the</span> <span class='ocrx_word' id='word_1_467' title='bbox 680 3077 846 3115; x_wconf 86' lang='lat' dir='ltr'>mandate</span> <span class='ocrx_word' id='word_1_468' title='bbox 872 3076 912 3114; x_wconf 88' lang='lat' dir='ltr'>of</span> <span class='ocrx_word' id='word_1_469' title='bbox 935 3078 978 3115; x_wconf 85' lang='lat' dir='ltr'>its</span> <span class='ocrx_word' id='word_1_470' title='bbox 1004 3076 1239 3121; x_wconf 85' lang='lat' dir='ltr'>ambassador,</span> <span class='ocrx_word' id='word_1_471' title='bbox 1269 3078 1362 3114; x_wconf 90' lang='lat' dir='ltr'>Otto</span> <span class='ocrx_word' id='word_1_472' title='bbox 1388 3075 1583 3120; x_wconf 90' lang='lat' dir='ltr'>Niccolini,</span> <span class='ocrx_word' id='word_1_473' title='bbox 1609 3075 1783 3125; x_wconf 85' lang='lat' dir='ltr'>prepared</span> <span class='ocrx_word' id='word_1_474' title='bbox 1806 3075 1856 3124; x_wconf 90' lang='lat' dir='ltr'>by</span> <span class='ocrx_word' id='word_1_475' title='bbox 1879 3075 1986 3119; x_wconf 85' lang='lat' dir='ltr'>Scala,</span> 
     </span>
     <span class='ocr_line' id='line_1_45' title="bbox 171 3127 1985 3178; baseline -0.001 -11"><span class='ocrx_word' id='word_1_476' title='bbox 171 3131 385 3176; x_wconf 88' lang='lat' dir='ltr'>JDumont,</span> <span class='ocrx_word' id='word_1_477' title='bbox 404 3131 510 3178; x_wconf 64' lang='lat' dir='ltr'>Covps</span> <span class='ocrx_word' id='word_1_478' title='bbox 522 3129 780 3178; x_wconf 78' lang='lat' dir='ltr'>diplomatique,</span> <span class='ocrx_word' id='word_1_479' title='bbox 796 3129 1095 3173; x_wconf 86' lang='lat' dir='ltr'>3‚i,Amsterdam,</span> <span class='ocrx_word' id='word_1_480' title='bbox 1116 3132 1213 3173; x_wconf 88' lang='grc'>1726,</span> <span class='ocrx_word' id='word_1_481' title='bbox 1230 3132 1376 3173; x_wconf 86' lang='lat'><strong>384-85;</strong></span> <span class='ocrx_word' id='word_1_482' title='bbox 1390 3128 1434 3166; x_wconf 84' lang='lat' dir='ltr'>cf.</span> <span class='ocrx_word' id='word_1_483' title='bbox 1449 3131 1562 3166; x_wconf 68' lang='lat' dir='ltr'>zoe-7</span> <span class='ocrx_word' id='word_1_484' title='bbox 1577 3127 1702 3177; x_wconf 89' lang='grc'>(1454),</span> <span class='ocrx_word' id='word_1_485' title='bbox 1719 3131 1855 3166; x_wconf 84' lang='grc'>411-12</span> <span class='ocrx_word' id='word_1_486' title='bbox 1870 3127 1985 3176; x_wconf 91' lang='grc'>(1470)</span> 
     </span>
     <span class='ocr_line' id='line_1_46' title="bbox 174 3181 475 3230; baseline 0 -11"><span class='ocrx_word' id='word_1_487' title='bbox 174 3181 245 3219; x_wconf 81' lang='lat' dir='ltr'>and</span> <span class='ocrx_word' id='word_1_488' title='bbox 266 3185 329 3219; x_wconf 87' lang='lat'>134</span> <span class='ocrx_word' id='word_1_489' title='bbox 349 3181 475 3230; x_wconf 85' lang='lat'>(1484).</span> 
     </span>
    </p>
   </div>
  </div>
 </body>
</html>
