2118 3444
117 182 397 216 ORATIONS
1820 176 1913 217 247

115 321 215 368 simi
233 335 391 381 patres,
412 320 615 367 omnium
637 320 902 380 principum,
923 319 1207 380 populorum,
1231 320 1428 380 gentium
1449 334 1491 367 et
1510 321 1741 368 nationum
1763 320 1917 368 odium

115 403 158 436 et
177 388 544 449 persecutionem.
571 390 617 435 O
640 386 869 434 infandum
891 387 1133 434 subsidium
1158 405 1182 434 a
1202 385 1515 448 perfidissimo⁷
1537 388 1707 448 populo
1730 388 1918 449 postula-

115 471 227 511 tum,
244 473 336 502 non
351 455 478 502 vobis
493 454 652 510 solum,
670 454 827 515 quibus
843 454 1035 510 deberet,
1048 454 1123 502 sed
1137 454 1343 502 omnibus
1361 473 1652 516 quancunque
1668 456 1920 503 tenentibus

115 523 358 571 dictionem
379 537 421 570 et
441 522 720 570 dominatum
743 523 945 570 invisum.
970 525 1121 581 Quam
1141 537 1312 583 gratum
1335 540 1423 570 esse
1443 522 1573 570 debet
1592 524 1717 570 omni
1739 524 1920 580 civitati,

115 608 225 652 quae
240 590 320 638 sub
340 590 530 637 candido
545 589 750 637 claritatis
764 589 927 637 vexillo
943 589 1078 637 libera
1093 605 1169 646 est,
1187 590 1394 638 omnibus
1412 590 1711 638 benivolentia
1727 606 1769 638 et
1785 592 1922 651 gratia

114 659 399 706 coniunctam
422 675 511 705 esse
533 658 797 705 nationibus.

197 726 282 774 Sed
301 741 350 774 ut
373 726 478 773 haec
497 727 717 782 omittam,
740 730 868 783 [non]
890 726 1046 774 tacebo
1067 744 1148 787 ego
1168 744 1220 774 ex
1242 727 1632 775 innumerabilibus
1659 728 1826 775 iniuriis
1850 727 1921 775 ali-

114 812 246 856 quam
282 812 306 841 a
339 794 551 842 vilissimo
588 812 764 855 quoque
799 794 968 855 populo
1007 795 1342 851 intolerabilem,
1378 813 1645 856 quamquam
1683 796 1916 843 nonnullas

114 863 301 909 maiores
328 863 467 909 nostri
492 876 534 909 et
558 880 651 909 non
678 862 836 909 inultas
861 862 1144 923 reliquerunt,
1172 863 1404 910 nonnullas
1430 865 1562 910 etiam
1586 863 1853 911 ulciscendas
1877 879 1919 911 et

112 930 214 977 loco
237 945 279 977 et
299 945 500 990 tempore
524 945 810 977 reservarunt.
832 931 1098 977 Meministis
1119 932 1237 978 enim
1260 931 1313 978 de
1332 931 1677 991 praeclarissimo
1700 932 1818 979 bello
1840 932 1917 979 illo

112 997 235 1058 quod
252 997 476 1045 foederata
488 997 807 1045 solemnissima
828 999 1122 1046 consocietate
1138 998 1191 1046 ab
1208 1013 1397 1059 utroque
1415 999 1586 1060 populo
1604 1014 1833 1060 sumptum
1856 1014 1918 1047 est

109 1066 287 1127 paribus
313 1066 513 1126 auspiciis
539 1080 695 1113 contra
716 1067 1072 1127 potentissimum
1099 1067 1344 1128 principem
1372 1085 1580 1128 magnum
1604 1067 1749 1115 Scalae
1771 1069 1921 1116 Masti-

111 1131 238 1181 num⁸
266 1134 312 1179 in
339 1133 641 1180 defensionem
669 1135 894 1194 utriusque
920 1129 1162 1182 libertatis.f
1182 1136 1448 1182 Meministis
1474 1136 1606 1182 etiam
1634 1153 1735 1183 cum
1762 1136 1838 1183 diu
1863 1136 1916 1183 ab

110 1215 295 1261 utraque
335 1215 459 1261 parte
500 1201 649 1248 multis
690 1201 1061 1248 intercedentibus
1101 1201 1381 1249 conflictibus
1422 1218 1667 1263 pugnatum
1710 1218 1833 1259 esset,
1875 1219 1917 1250 et

110 1268 291 1316 tandem
317 1268 387 1315 ille
412 1268 465 1315 ab
489 1283 673 1329 utraque
696 1269 896 1329 potentia
918 1284 1143 1330 superatus
1168 1284 1210 1317 et
1234 1270 1432 1331 quotidie
1456 1271 1581 1317 omni
1607 1271 1698 1318 eius
1723 1270 1917 1318 dictione

109 1336 384 1397 spoliaretur,
406 1337 544 1396 petita
560 1354 666 1397 pace
687 1334 745 1383 et⁹
764 1354 980 1393 concessa,
1000 1336 1280 1398 perfidissimi
1302 1337 1365 1384 illi
1383 1356 1464 1399 per
1482 1337 1544 1385 fas
1563 1353 1605 1386 et
1625 1338 1745 1386 nefas
1764 1340 1916 1386 omnia

109 1418 305 1451 vestrum
327 1403 411 1451 sibi
435 1405 528 1451 iura
549 1405 826 1465 arripuerunt
852 1406 1063 1466 omnique
1087 1405 1368 1462 contumelia,
1393 1407 1518 1453 omni
1544 1406 1726 1467 flagitio,
1750 1407 1917 1454 damno

109 1486 152 1519 et
166 1471 395 1528 dedecore,
411 1487 453 1519 et
468 1471 631 1533 legatos
646 1487 688 1519 et
703 1474 1025 1520 commissarios
1042 1488 1209 1521 vestros
1225 1475 1559 1536 universamque
1576 1475 1799 1522 civitatem
1814 1475 1916 1523 affe-

109 1554 277 1587 cerunt.
296 1540 422 1599 Quid
439 1541 689 1601 expectatis,
706 1540 931 1588 fortissimi
949 1556 1107 1602 patres,
1125 1560 1257 1603 quam
1275 1544 1565 1599 occasionem,
1585 1543 1707 1604 quod
1724 1558 1911 1605 tempus,

109 1609 155 1654 in
177 1626 268 1668 quo
291 1608 446 1655 melius
469 1608 575 1655 haec
594 1610 842 1656 meminisse
866 1611 1059 1670 possitis?

193 1675 302 1723 Illud
321 1677 448 1723 etiam
470 1676 591 1737 quod
610 1695 748 1737 nuper
765 1692 883 1724 tanta
900 1678 943 1723 vi
962 1693 1003 1725 et
1025 1679 1323 1725 commotione
1344 1680 1476 1726 totius
1496 1679 1611 1727 orbis
1631 1679 1685 1727 ad
1704 1680 1933 1727 delendum

109 1743 234 1791 huius
262 1743 397 1791 almae
424 1743 626 1792 libertatis
655 1763 819 1792 nomen
846 1745 1076 1793 machinati
1101 1761 1199 1794 sunt
1228 1761 1277 1794 ut
1306 1765 1547 1795 memorem
1579 1766 1670 1795 non
1698 1766 1808 1809 opus
1836 1756 1915 1796 est}

108 1811 266 1859 Adhuc
284 1826 437 1872 strages
456 1811 788 1860 fortissimorum
808 1814 1015 1870 virorum,
1036 1815 1110 1875 qui
1126 1833 1208 1875 pro
1229 1833 1323 1863 oera
1339 1816 1475 1876 patria
1494 1814 1752 1872 occuluere}⁰
1775 1835 1917 1864 recens

107 1894 179 1927 est.
198 1879 357 1927 Adhuc
374 1895 529 1927 matres
544 1898 627 1941 pro
645 1881 803 1928 tuenda
818 1881 1008 1930 libertate
1026 1883 1199 1930 amissos
1215 1882 1326 1930 filios
1342 1883 1507 1931 assiduo
1524 1884 1642 1931 luctu
1661 1902 1928 1945 conquerun-

106 1962 189 1995 tur.
206 1947 365 1995 Adhuc
380 1947 547 1995 infinita
562 1948 758 1996 dictionis
770 1964 929 1997 vestrae
945 1951 1129 2006 moenia,
1146 1968 1252 2011 quae
1267 1951 1457 2012 undique
1473 1952 1766 2012 ingentissimis
1780 1954 1921 2000 mstris

106 2016 307 2076 expositis
319 2015 459 2063 diruta
470 2031 582 2073 sunt,
596 2016 701 2064 dum
717 2017 841 2064 vobis
853 2032 1002 2065 contra
1015 2019 1344 2067 immanissimos
1358 2019 1498 2067 hostes
1509 2021 1732 2068 victoriam
1749 2039 1925 2068 reserva-

107 2098 220 2140 runt,
247 2083 436 2131 remoliri
462 2099 502 2131 et
525 2085 794 2145 privatorum
821 2085 978 2133 domus
1003 2087 1329 2135 innumerabiles
1354 2089 1537 2135 resarcin'
1562 2106 1652 2135 non
1678 2104 1924 2150 coeperunt.

106 2151 264 2199 Adhuc
276 2153 601 2213 pauperrimum
619 2154 825 2200 aerarium
842 2154 1046 2202 omnibus
1061 2155 1339 2203 creditoribus
1351 2157 1447 2212 suis,
1464 2157 1669 2204 omnibus
1683 2158 1928 2205 necessitati-

105 2219 186 2267 bus
214 2235 373 2267 vestrae
402 2221 578 2268 civitatis
607 2221 859 2269 iamdudum
889 2221 1044 2279 deficit,
1074 2241 1165 2270 non
1191 2224 1279 2271 sine
1309 2224 1445 2272 multa
1473 2224 1646 2286 quidem
1677 2226 1922 2286 ignominia.

103 2289 493 2336 Verumenimvero
515 2289 616 2337 haec
636 2305 677 2337 et
698 2289 863 2338 infinita
880 2291 1003 2352 plura
1023 2291 1319 2353 relinquamus.

188 2359 259 2403 De
275 2357 520 2404 Mediolani
537 2357 768 2406 dominatu
785 2359 906 2419 quod
923 2361 1071 2407 conati
1085 2375 1185 2408 sunt
1204 2362 1249 2407 in
1267 2361 1462 2408 medium
1479 2361 1724 2410 afferamus.
1741 2367 1910 2410 Nonne

104 2424 242 2471 robur
264 2439 307 2471 et
328 2424 668 2473 fundamentum
691 2442 753 2474 est
775 2428 911 2475 totius
932 2427 1143 2475 libertatis
1163 2444 1344 2486 vestrae,
1376 2448 1524 2477 nonne
1548 2430 1737 2492 clipeum
1761 2446 1823 2478 est
1846 2431 1900 2479 ad

104 2510 259 2539 omnes
275 2492 683 2541 ferocissimorumll
705 2494 897 2542 hostium
923 2496 1032 2543 ictus
1054 2492 1371 2558 recipiendos?h
1384 2502 1445 2546 At
1459 2498 1520 2545 illi
1544 2514 1706 2559 quanta
1728 2499 1906 2556 malitia,

181 2768 194 2794 f
208 2777 274 2813 On
292 2778 334 2813 10
349 2775 478 2814 March
497 2779 583 2814 1337
600 2776 771 2815 Florence
787 2777 857 2816 and
872 2779 1004 2817 Venice
1019 2779 1252 2828 participated
1267 2781 1307 2817 in
1322 2794 1342 2818 a
1355 2780 1476 2829 loegue
1493 2782 1626 2830 against
1642 2783 1802 2820 Mastino
1817 2781 1910 2820 della

101 2827 209 2872 Soela,
226 2828 292 2866 but
306 2842 359 2866 on
374 2832 418 2867 24
430 2832 587 2878 January
605 2833 691 2868 1339
707 2831 840 2869 Venice
853 2831 976 2880 signed
992 2846 1012 2870 a
1023 2844 1180 2881 separate
1196 2847 1302 2882 poece
1318 2833 1409 2871 with
1421 2835 1580 2872 Mastino
1597 2834 1721 2873 before
1736 2834 1907 2873 Florence

103 2878 173 2917 had
188 2880 380 2918 recovered
396 2883 520 2925 Lucca,
537 2880 582 2919 cf.
601 2881 793 2927 G.Villani‚
813 2884 972 2927 Cronica,
989 2883 1116 2928 bkxl,
1133 2884 1247 2928 ch.91,
1264 2884 1431 2934 abridged
1447 2887 1602 2930 version,
1618 2886 1672 2925 ed
1693 2886 1906 2936 GAquflec-

101 2930 192 2975 chia,
219 2932 346 2976 Tutin,
374 2935 472 2977 1979,
503 2936 578 2977 199,
604 2946 692 2972 note
716 2939 749 2978 4;
774 2934 819 2972 cf.
846 2936 1010 2980 L.Bruni,
1032 2938 1265 2974 Historiarum
1292 2936 1482 2975 Florentini
1499 2937 1620 2987 populi
1645 2937 1727 2976 libri
1747 2941 1825 2983 XII,
1850 2938 1904 2977 ed.

103 2985 293 3027 E.Santini,
310 2986 382 3022 RIS
398 2998 462 3022 ns.
482 2987 581 3029 ΧΙΧ,
602 2989 745 3023 156-57.

182 3046 197 3069 ῑ
214 3041 273 3079 Cf.
293 3054 381 3080 note
398 3042 429 3091 c)
448 3043 574 3081 above.
1004 3059 1007 3061 ·

183 3094 200 3120 ¹¹
215 3100 293 3138 The
308 3102 455 3139 oration
467 3101 575 3140 refers
589 3114 630 3140 to
644 3102 707 3141 the
723 3103 856 3141 Medici
871 3105 1032 3152 regime's
1048 3104 1142 3143 close
1158 3105 1392 3155 relationship
1406 3106 1498 3144 with
1510 3106 1573 3145 the
1588 3106 1711 3145 Sfom
1728 3109 1767 3145 in
1781 3108 1908 3152 Milan,

102 3151 188 3190 who
205 3151 276 3190 had
291 3153 397 3201 given
411 3152 513 3191 them
527 3153 687 3203 military
703 3154 787 3204 help
803 3156 843 3193 in
860 3159 948 3194 1466
963 3168 999 3194 at
1013 3156 1076 3195 the
1090 3158 1178 3195 time
1194 3157 1236 3195 of
1247 3157 1311 3196 the
1327 3158 1413 3196 Pitti
1428 3159 1651 3208 Conspiracy
1667 3159 1738 3198 and
1753 3161 1855 3208 again
1870 3161 1910 3197 in

105 3206 203 3247 1467,
221 3217 278 3242 see
298 3204 524 3249 Rubinsteim
546 3205 613 3244 The
629 3208 869 3245 Govemment
883 3207 1100 3255 osFlorence,
1120 3212 1342 3253 154-55‚173.
