2124 3464
173 162 262 204 100
1801 170 1940 204 PART
1964 171 1978 204 1

170 311 302 364 Otto,
331 306 492 368 perche
521 310 598 354 Ser
625 306 818 354 Niccolo
849 306 916 354 del
947 310 1124 363 Grasso,
1154 307 1378 355 Bernardo
1407 307 1654 355 Corbinelli
1684 322 1726 355 et
1754 309 1982 356 Giovanni

170 375 472 424 dell'Antella³
498 393 611 423 sono
643 375 858 436 impediti,
891 376 1087 436 ragunati
1114 390 1308 423 stamane
1338 379 1374 423 e’
1406 376 1563 437 cinque
1592 377 1702 423 tucti
1730 377 1910 424 insieme
1942 391 1984 424 et

169 444 297 491 udito
322 444 350 490 il
374 447 542 504 Pasqua
564 443 618 491 da
638 437 847 499 Arezzo,b
875 443 901 489 il
927 443 1051 504 quale
1074 445 1109 490 si
1132 443 1287 491 doleva
1310 444 1389 491 che
1411 462 1490 504 per
1513 444 1668 492 havere
1689 445 1763 492 voi
1788 446 1984 492 ritenuto

170 512 283 559 nelle
309 513 428 559 mani
454 511 481 558 il
506 530 587 559 suo
610 511 738 559 soldo
764 526 805 559 et
828 530 921 558 non
943 511 1143 572 potendo
1167 530 1322 573 pagare
1344 530 1424 573 per
1447 527 1597 573 questa
1619 513 1798 573 cagione
1823 516 1859 560 e’
1883 514 1980 560 suoi

170 581 406 641 compagni
433 580 513 627 che
541 580 596 627 ha
619 579 743 636 costi,
771 579 828 640 gli
854 580 891 627 el
918 580 1154 640 bisognava
1176 580 1371 641 perdere:
1400 580 1479 628 che
1504 580 1593 628 cosi
1621 580 1786 628 haveva
1808 581 1863 628 da
1885 581 1984 629 loro

168 648 323 696 lettere
349 663 391 695 et
420 648 499 695 che
526 649 561 695 si
590 649 824 695 morivano
854 647 897 694 di
927 647 1040 695 fame
1069 662 1110 695 et
1137 648 1216 695 che
1243 649 1277 695 si
1305 648 1620 709 partirebbero.
1651 650 1984 696 Rammaricassi

170 716 364 764 anchora
384 716 464 764 che
485 716 515 763 li
533 715 679 763 volevi
701 715 789 763 fare
807 734 962 777 pagare
983 717 1089 764 certi
1109 715 1258 764 danari
1276 734 1357 777 per
1375 734 1469 764 casa
1486 716 1599 764 dove
1620 734 1692 764 era
1708 731 1824 764 stato
1843 731 1885 765 et
1902 735 1983 779 per

169 800 286 833 certe
304 803 392 833 asse
412 785 492 833 che
512 785 678 832 haveva
695 785 949 846 adoperato,
969 803 1095 832 come
1114 784 1135 832 ὲ
1154 803 1314 833 usanza
1332 784 1399 833 de'
1419 785 1591 842 soldati;
1611 800 1652 833 et
1671 803 1764 833 non
1781 785 1983 847 potendo

169 854 258 901 fare
281 855 462 915 partim,
486 853 647 914 perche
673 871 727 901 ne
751 853 933 914 bisogna
959 858 984 901 6
1008 871 1031 901 a
1053 853 1215 910 sedere,
1241 872 1367 901 come
1391 861 1567 915 sapete‚c
1592 855 1654 900 mi
1677 855 1979 902 commissono

169 926 205 970 e'
226 923 399 983 Signori
421 921 670 983 sopradecti
689 921 768 969 che
787 922 831 968 vi
850 922 1044 969 scrivessi
1064 921 1105 969 la
1122 921 1221 969 loro
1242 923 1503 979 intentione,
1523 922 1564 969 la
1583 922 1707 983 quale
1728 922 1750 970 ὲ
1770 937 1922 983 questa
1939 923 1985 969 in

169 990 345 1039 effecto:
371 990 740 1052 principalmente
769 990 790 1038 ὲ
817 1005 932 1038 stato
956 990 1055 1038 loro
1084 990 1272 1038 molesto
1301 990 1380 1038 che
1408 1009 1500 1038 non
1528 990 1730 1038 habbiate
1758 1009 1900 1039 messo
1930 991 1984 1039 ad

169 1060 429 1107 executione
450 1058 598 1120 quello
620 1058 700 1106 che
720 1058 788 1106 dal
809 1058 908 1106 loro
927 1058 1063 1106 uficio
1084 1060 1127 1106 vi
1147 1058 1192 1106 fu
1212 1060 1377 1120 scripto
1397 1063 1433 1107 a'
1456 1059 1500 1107 dl
1517 1060 1674 1120 passati
1693 1077 1823 1120 sopra
1842 1060 1984 1121 questi

169 1128 320 1175 denari
344 1127 424 1175 che
451 1127 605 1175 havete
628 1128 673 1174 in
698 1145 832 1175 mano
859 1127 927 1175 del
950 1131 1129 1189 Pasqua,
1154 1127 1232 1175 che
1257 1127 1302 1175 fu
1328 1127 1406 1175 che
1431 1128 1626 1175 ritenessi
1649 1129 1695 1174 in
1720 1146 1854 1175 mano
1877 1127 1984 1176 sola-

169 1211 318 1244 mente
343 1211 511 1257 quanto
534 1196 595 1243 lui
620 1195 732 1243 fusse
758 1196 956 1243 debitore
982 1196 1035 1243 ad
1057 1196 1215 1243 alcuno
1239 1196 1349 1243 costi
1372 1211 1413 1243 et
1436 1196 1480 1243 di
1503 1196 1574 1243 chi
1596 1196 1657 1243 lui
1684 1196 1849 1243 havessi
1873 1196 1980 1244 robe

169 1264 281 1312 nelle
308 1265 441 1321 mani,
467 1282 594 1312 corne
619 1265 662 1311 vi
686 1263 732 1311 fu
756 1265 921 1325 scripto
947 1265 992 1310 in
1017 1264 1172 1325 quella,
1198 1279 1239 1311 et
1263 1264 1289 1310 il
1316 1279 1432 1312 resto
1454 1264 1484 1310 11
1506 1265 1670 1325 pagassi
1694 1264 1980 1312 liberamente

166 1351 247 1394 per
263 1347 451 1394 poterne
472 1332 560 1380 fare
579 1336 615 1380 e’
636 1332 739 1380 facti
756 1333 852 1380 suoi
875 1347 916 1380 et
936 1347 1188 1380 mantenere
1205 1332 1245 1380 la
1263 1333 1534 1394 compagnia.
1558 1336 1728 1392 Questa
1746 1332 1767 1380 ὲ
1785 1332 1825 1380 13
1844 1333 1983 1380 inten-

168 1402 291 1448 tione
311 1401 411 1448 loro
434 1419 596 1448 ancora
616 1416 657 1448 et
679 1402 723 1447 io
744 1401 788 1447 vi
810 1400 1019 1447 conforto
1041 1419 1064 1448 a
1085 1400 1196 1448 farlo
1215 1401 1362 1448 subito
1384 1400 1545 1461 perche
1568 1419 1660 1448 non
1682 1400 1884 1448 habbiate
1907 1401 1983 1462 qui

168 1470 327 1525 carico‚
348 1483 389 1516 et
409 1468 519 1516 costi
539 1487 631 1516 non
650 1469 879 1529 seguitasse
901 1468 1083 1529 qualche
1104 1469 1443 1516 inconveniente
1463 1468 1542 1516 che
1560 1468 1739 1516 sarebbe
1759 1469 1979 1530 imputato
2021 1480 2024 1483 ’

167 1552 294 1585 tucto
315 1556 338 1585 a
358 1538 446 1594 voi,
471 1538 813 1585 maximamente
832 1536 993 1598 perche
1014 1537 1075 1584 lui
1099 1537 1153 1584 ha
1173 1537 1303 1585 decto
1320 1538 1506 1585 stamani
1528 1536 1549 1584 ὲ
1571 1551 1785 1585 contento
1806 1536 1850 1585 di
1870 1551 1982 1585 stare

168 1606 205 1654 al
222 1606 446 1667 giudicato
463 1621 616 1653 vostro
635 1624 721 1653 con
741 1605 811 1653 chi
827 1606 887 1653 lui
908 1605 1073 1653 havessi
1092 1624 1115 1653 a
1131 1605 1219 1653 fare
1237 1620 1278 1653 et
1295 1607 1481 1653 sicurare
1500 1606 1545 1652 in
1562 1605 1711 1653 buona
1730 1605 1887 1662 forma,
1904 1623 1986 1667 per

166 1689 321 1736 potere
350 1674 506 1722 havere
533 1674 560 1721 il
586 1692 667 1722 suo
693 1674 851 1722 danaio
878 1689 918 1722 et
944 1689 1198 1722 mantenere
1221 1674 1262 1722 13
1286 1672 1580 1735 compagnia.l
1606 1673 1692 1721 Del
1715 1688 1982 1735 pagamento

168 1743 281 1791 della
295 1758 446 1790 stanza
465 1758 506 1790 et
525 1743 635 1790 delle
653 1761 740 1790 asse
759 1761 919 1790 ancora
938 1746 974 1790 e'
994 1742 1109 1790 decti
1125 1744 1296 1803 Signori
1316 1744 1350 1790 si
1369 1761 1482 1790 sono
1502 1742 1801 1803 maravigliati,
1818 1742 1980 1804 perche

167 1811 207 1859 13
232 1811 551 1859 consuetudine
578 1811 645 1858 de’
671 1811 829 1858 soldati
854 1811 875 1858 ὲ
902 1812 947 1857 in
972 1812 1210 1867 contrari03
1236 1825 1278 1858 et
1300 1810 1460 1872 perche
1484 1811 1529 1858 lo
1556 1825 1771 1872 reputano
1794 1828 1983 1872 persona

168 1879 307 1927 fedele
325 1894 367 1927 et
382 1879 555 1927 valente
573 1879 640 1926 del
660 1880 881 1935 mestiero‚
901 1879 1250 1926 desiderebbono
1270 1879 1381 1926 nelle
1400 1897 1497 1926 cose
1516 1893 1723 1926 consuete
1738 1897 1818 1940 per
1833 1878 1864 1925 li
1881 1878 1979 1926 altri

168 1963 209 1995 et
234 1947 417 1995 honeste
442 1966 535 1995 non
559 1947 671 1995 fusse
696 1947 813 1995 facto
835 1966 858 1995 a
879 1947 940 1995 lui
964 1947 1204 1995 altrimenti
1226 1947 1304 1995 che
1329 1947 1399 1995 alli
1421 1947 1530 1995 altri.
1554 1951 1768 1995 Praeterea
1791 1948 1825 1994 si
1849 1946 1980 1994 duole

168 2016 247 2063 che
266 2016 295 2062 li
314 2016 476 2063 voliate
496 2017 683 2063 ritenere
700 2021 753 2063 29
771 2016 848 2063 lire
867 2021 893 2062 2
910 2015 1036 2072 soldi‚
1057 2016 1083 2062 11
1105 2015 1229 2077 quale
1248 2016 1342 2063 dice
1359 2015 1438 2063 che
1457 2015 1545 2063 dite
1565 2015 1718 2063 havete
1737 2015 1893 2063 havere
1910 2015 1979 2063 dal

168 2103 407 2132 commune
432 2099 473 2132 et
493 2084 572 2132 che
591 2103 634 2132 se
655 2084 685 2131 li
705 2084 813 2132 sacci
833 2084 920 2132 fare
939 2084 1077 2131 buoni
1099 2085 1174 2145 qui
1194 2084 1248 2132 ad
1265 2085 1468 2132 Antonio
1490 2084 1533 2131 di
1553 2084 1735 2132 Taddeo
1753 2098 1795 2131 et
1813 2083 1978 2131 Ruber-

167 2168 215 2200 to
241 2147 405 2200 Lioni.d
429 2153 590 2200 Dirovi
616 2153 643 2198 il
668 2171 775 2200 vero
799 2152 842 2199 di
866 2167 1016 2213 questa
1038 2150 1192 2213 parte:2
1219 2171 1309 2199 non
1333 2153 1379 2199 lo
1404 2152 1463 2199 ho
1485 2167 1648 2213 potuto
1674 2152 1863 2208 credere,
1885 2170 1979 2199 non

168 2222 229 2267 mi
246 2220 446 2281 parendo
466 2239 565 2268 cosa
584 2220 779 2268 honesta.
799 2225 905 2268 Item
923 2220 1017 2268 dice
1034 2221 1113 2268 che
1132 2220 1240 2268 nolli
1257 2238 1408 2281 parere
1428 2220 1615 2267 honesto
1634 2220 1714 2267 che
1731 2220 1762 2266 li
1779 2220 1980 2267 riteniate

167 2287 237 2336 72³
261 2289 339 2336 lire
360 2307 440 2350 per
460 2293 536 2336 Ser
556 2290 685 2336 Piero
707 2290 917 2345 Braccini,
940 2288 1008 2336 col
1032 2288 1156 2350 quale
1179 2307 1270 2336 non
1295 2288 1349 2336 ha
1371 2307 1395 2336 a
1416 2288 1504 2336 fare
1525 2288 1679 2336 alcuna
1699 2306 1812 2345 cosa,
1836 2302 1878 2336 et
1899 2287 1979 2336 che

165 2376 208 2405 se
232 2357 286 2405 ha
306 2357 361 2405 ad
381 2357 537 2405 havere
558 2357 612 2405 da
630 2357 704 2414 lui,
727 2357 887 2418 venghi
911 2376 938 2405 o
960 2357 1110 2405 mandi
1131 2358 1205 2419 qui
1225 2372 1266 2405 et
1286 2357 1347 2405 lui
1367 2357 1398 2404 li
1418 2357 1506 2405 fare
1526 2357 1670 2404 molto
1690 2356 1923 2404 volentieri
1944 2356 1973 2403 il

167 2426 342 2473 dovere.
367 2430 445 2473 Ho
466 2426 700 2473 volentieri
719 2444 848 2487 preso
870 2441 1021 2487 questa
1040 2444 1142 2473 cura
1164 2426 1207 2473 di
1226 2426 1432 2473 scrivervi
1450 2425 1610 2486 perche
1632 2425 1721 2473 cosi
1743 2424 1764 2472 ὲ
1783 2425 1979 2486 piaciuto

167 2498 203 2542 a'
225 2495 397 2555 Signori
422 2494 669 2555 sopradecti
690 2509 731 2542 et
752 2494 895 2542 ancho
916 2494 1076 2556 perche
1098 2495 1159 2540 mi
1180 2512 1282 2555 pare
1302 2495 1363 2541 sia
1383 2495 1428 2540 in
1449 2493 1514 2541 sul
1536 2493 1744 2541 tavoliere
1764 2492 1881 2541 dello
1903 2492 1978 2540 ho-

167 2581 275 2610 nore
306 2577 472 2619 vostro,
504 2563 532 2609 il
561 2563 686 2624 quale
715 2564 789 2610 voi
818 2577 962 2623 sapete
991 2562 1070 2610 che
1099 2581 1200 2610 amo
1230 2580 1356 2610 corne
1384 2562 1411 2608 il
1442 2563 1533 2609 mio
1561 2562 1757 2623 proprio.
1791 2562 1877 2609 Die
1904 2559 1976 2608 xv⁴

161 2632 281 2690 Junii
309 2636 428 2678 1481.

247 2912 259 2926 ²
275 2907 432 2945 Ν10001ὸ
452 2909 632 2956 Capponi,
651 2907 855 2945 Corbinelli
869 2907 939 2945 and
953 2907 1036 2945 dell'
1054 2907 1199 2945 Antella
1213 2921 1306 2945 were
1322 2906 1367 2945 311
1382 2906 1516 2944 elected
1530 2918 1569 2944 to
1586 2906 1649 2944 the
1666 2908 1760 2944 Otto
1776 2905 1815 2943 di
1830 2905 1976 2950 Pratica,

167 2959 258 2997 with
275 2963 440 2997 Lorenzo
459 2959 514 2997 de‘
533 2959 678 3004 Medici,
699 2961 738 2996 in
755 2959 860 3008 April
880 2963 977 3003 1481,
999 2961 1092 2997 Otto
1111 2958 1264 3003 Delib.1‚
1284 2958 1348 2996 fol.
1366 2962 1439 2996 31r.

246 3011 261 3036 Β
281 3021 481 3056 ‘strenuum
499 3017 767 3056 comestabilem
788 3020 958 3066 Pasquam
977 3017 1021 3055 de
1040 3018 1192 3062 Aretio‚’
1213 3017 1305 3061 thiat,
1324 3016 1387 3054 fol.
1407 3020 1475 3054 53v
1493 3016 1549 3064 (27
1569 3015 1767 3064 Feb.1482).

247 3080 260 3094 ⁰
277 3078 311 3112 A
330 3089 488 3124 quorum
507 3075 548 3113 of
563 3075 768 3113 two-thirds
786 3074 827 3113 of
841 3074 903 3112 the
920 3075 1140 3123 magistracy.

167 3188 203 3223 O
246 3128 262 3153 ‘¹
280 3135 451 3223 grnltonio
469 3134 508 3172 di
528 3133 671 3172 Taddeo
695 3133 827 3172 Taddei
847 3133 918 3171 and
938 3133 1099 3171 Roberto
1122 3134 1228 3171 Lioni
1245 3147 1338 3170 were
1359 3132 1451 3170 both
1469 3131 1647 3170 members
1669 3130 1711 3169 of
1726 3130 1789 3169 the
1807 3131 1976 3179 previous

206 3198 262 3224 tto
306 3200 318 3222 1
364 3198 482 3223 ratica.
