<?xml version="1.0" encoding="UTF-8"?>
<!DOCTYPE html PUBLIC "-//W3C//DTD XHTML 1.0 Transitional//EN"
    "http://www.w3.org/TR/xhtml1/DTD/xhtml1-transitional.dtd">
<html xmlns="http://www.w3.org/1999/xhtml" xml:lang="en" lang="en">
 <head>
  <title>
</title>
<meta http-equiv="Content-Type" content="text/html;charset=utf-8" />
  <meta name='ocr-system' content='tesseract 3.04.00' />
  <meta name='ocr-capabilities' content='ocr_page ocr_carea ocr_par ocr_line ocrx_word'/>
</head>
<body>
  <div class='ocr_page' id='page_1' title='image "bartolomeoscalah00scaluoft_0067.png"; bbox 0 0 2124 3464; ppageno 0'>
   <div class='ocr_carea' id='block_1_1' title="bbox 141 160 1943 201">
    <p class='ocr_par' dir='ltr' id='par_1_1' title="bbox 141 160 1943 201">
     <span class='ocr_line' id='line_1_1' title="bbox 141 160 1943 201; baseline 0.001 -1"><span class='ocrx_word' id='word_1_1' title='bbox 141 166 371 200; x_wconf 86' lang='lat' dir='ltr'>PRIVATE</span> <span class='ocrx_word' id='word_1_2' title='bbox 397 165 625 199; x_wconf 86' lang='lat' dir='ltr'>LETTERS</span> <span class='ocrx_word' id='word_1_3' title='bbox 1884 160 1943 201; x_wconf 86' lang='lat'>27</span> 
     </span>
    </p>
   </div>
   <div class='ocr_carea' id='block_1_2' title="bbox 134 303 1952 1793">
    <p class='ocr_par' dir='ltr' id='par_1_2' title="bbox 134 303 1952 1793">
     <span class='ocr_line' id='line_1_2' title="bbox 140 303 1946 365; baseline 0 -14"><span class='ocrx_word' id='word_1_4' title='bbox 140 319 215 351; x_wconf 91' lang='lat' dir='ltr'>tua</span> <span class='ocrx_word' id='word_1_5' title='bbox 233 304 423 351; x_wconf 86' lang='lat' dir='ltr'>maxime</span> <span class='ocrx_word' id='word_1_6' title='bbox 441 321 575 364; x_wconf 92' lang='lat' dir='ltr'>opera</span> <span class='ocrx_word' id='word_1_7' title='bbox 590 318 711 350; x_wconf 91' lang='lat' dir='ltr'>totus</span> <span class='ocrx_word' id='word_1_8' title='bbox 730 321 851 350; x_wconf 88' lang='lat' dir='ltr'>meus</span> <span class='ocrx_word' id='word_1_9' title='bbox 869 318 932 350; x_wconf 91' lang='lat' dir='ltr'>est</span> <span class='ocrx_word' id='word_1_10' title='bbox 948 317 990 350; x_wconf 94' lang='lat' dir='ltr'>et</span> <span class='ocrx_word' id='word_1_11' title='bbox 1007 303 1128 363; x_wconf 94' lang='lat' dir='ltr'>quod</span> <span class='ocrx_word' id='word_1_12' title='bbox 1146 321 1227 363; x_wconf 90' lang='lat' dir='ltr'>ego</span> <span class='ocrx_word' id='word_1_13' title='bbox 1244 304 1404 350; x_wconf 91' lang='lat' dir='ltr'>mirum</span> <span class='ocrx_word' id='word_1_14' title='bbox 1427 304 1471 350; x_wconf 92' lang='lat' dir='ltr'>in</span> <span class='ocrx_word' id='word_1_15' title='bbox 1491 303 1675 351; x_wconf 91' lang='lat' dir='ltr'>modum</span> <span class='ocrx_word' id='word_1_16' title='bbox 1695 304 1946 365; x_wconf 87' lang='lat' dir='ltr'>concupivi¹</span> 
     </span>
     <span class='ocr_line' id='line_1_3' title="bbox 139 371 1950 432; baseline 0 -13"><span class='ocrx_word' id='word_1_17' title='bbox 139 371 373 419; x_wconf 85' lang='lat' dir='ltr'>bellissime</span> <span class='ocrx_word' id='word_1_18' title='bbox 397 386 499 418; x_wconf 91' lang='lat' dir='ltr'>sunt</span> <span class='ocrx_word' id='word_1_19' title='bbox 524 385 797 426; x_wconf 90' lang='lat' dir='ltr'>consecutus,</span> <span class='ocrx_word' id='word_1_20' title='bbox 823 385 871 418; x_wconf 90' lang='lat' dir='ltr'>ut</span> <span class='ocrx_word' id='word_1_21' title='bbox 896 371 998 431; x_wconf 89' lang='lat' dir='ltr'>regic</span> <span class='ocrx_word' id='word_1_22' title='bbox 1022 388 1198 432; x_wconf 92' lang='lat' dir='ltr'>quoque</span> <span class='ocrx_word' id='word_1_23' title='bbox 1219 372 1301 418; x_wconf 92' lang='lat' dir='ltr'>sim</span> <span class='ocrx_word' id='word_1_24' title='bbox 1326 389 1462 427; x_wconf 90' lang='lat' dir='ltr'>carus,</span> <span class='ocrx_word' id='word_1_25' title='bbox 1487 386 1534 419; x_wconf 94' lang='lat' dir='ltr'>ut</span> <span class='ocrx_word' id='word_1_26' title='bbox 1558 372 1825 419; x_wconf 85' lang='lat' dir='ltr'>Antonellus</span> <span class='ocrx_word' id='word_1_27' title='bbox 1848 390 1950 419; x_wconf 94' lang='lat' dir='ltr'>con-</span> 
     </span>
     <span class='ocr_line' id='line_1_4' title="bbox 140 438 1946 500; baseline 0.001 -14"><span class='ocrx_word' id='word_1_28' title='bbox 140 439 302 487; x_wconf 90' lang='lat' dir='ltr'>firmat.</span> <span class='ocrx_word' id='word_1_29' title='bbox 330 439 414 486; x_wconf 89' lang='lat' dir='ltr'>Sed</span> <span class='ocrx_word' id='word_1_30' title='bbox 440 440 652 500; x_wconf 90' lang='lat' dir='ltr'>quoniam</span> <span class='ocrx_word' id='word_1_31' title='bbox 679 438 913 486; x_wconf 92' lang='lat' dir='ltr'>voluissem</span> <span class='ocrx_word' id='word_1_32' title='bbox 943 453 991 485; x_wconf 94' lang='lat' dir='ltr'>ut</span> <span class='ocrx_word' id='word_1_33' title='bbox 1020 440 1108 499; x_wconf 91' lang='lat' dir='ltr'>ipse</span> <span class='ocrx_word' id='word_1_34' title='bbox 1137 438 1349 486; x_wconf 92' lang='lat' dir='ltr'>allocutus</span> <span class='ocrx_word' id='word_1_35' title='bbox 1378 457 1522 500; x_wconf 89' lang='lat' dir='ltr'>regem</span> <span class='ocrx_word' id='word_1_36' title='bbox 1550 439 1699 487; x_wconf 90' lang='lat' dir='ltr'>fuisses</span> <span class='ocrx_word' id='word_1_37' title='bbox 1727 455 1769 487; x_wconf 93' lang='lat' dir='ltr'>et</span> <span class='ocrx_word' id='word_1_38' title='bbox 1796 440 1849 487; x_wconf 92' lang='lat' dir='ltr'>de</span> <span class='ocrx_word' id='word_1_39' title='bbox 1876 458 1946 487; x_wconf 93' lang='lat' dir='ltr'>me</span> 
     </span>
     <span class='ocr_line' id='line_1_5' title="bbox 139 506 1950 568; baseline 0.001 -14"><span class='ocrx_word' id='word_1_40' title='bbox 139 507 273 554; x_wconf 91' lang='lat' dir='ltr'>verba</span> <span class='ocrx_word' id='word_1_41' title='bbox 295 525 396 554; x_wconf 93' lang='lat' dir='ltr'>cum</span> <span class='ocrx_word' id='word_1_42' title='bbox 421 525 476 554; x_wconf 95' lang='lat' dir='ltr'>eo</span> <span class='ocrx_word' id='word_1_43' title='bbox 498 506 682 562; x_wconf 80' lang='lat' dir='ltr'>fecisses,</span> <span class='ocrx_word' id='word_1_44' title='bbox 707 507 917 567; x_wconf 90' lang='lat' dir='ltr'>quoniam</span> <span class='ocrx_word' id='word_1_45' title='bbox 943 507 1002 553; x_wconf 92' lang='lat' dir='ltr'>ita</span> <span class='ocrx_word' id='word_1_46' title='bbox 1021 507 1102 553; x_wconf 92' lang='lat' dir='ltr'>scis</span> <span class='ocrx_word' id='word_1_47' title='bbox 1124 524 1280 554; x_wconf 92' lang='lat' dir='ltr'>ornare</span> <span class='ocrx_word' id='word_1_48' title='bbox 1303 507 1356 554; x_wconf 91' lang='lat' dir='ltr'>de</span> <span class='ocrx_word' id='word_1_49' title='bbox 1379 508 1522 554; x_wconf 91' lang='lat' dir='ltr'>amico</span> <span class='ocrx_word' id='word_1_50' title='bbox 1546 508 1795 554; x_wconf 90' lang='lat' dir='ltr'>orationem</span> <span class='ocrx_word' id='word_1_51' title='bbox 1820 523 1950 568; x_wconf 91' lang='lat' dir='ltr'>atque</span> 
     </span>
     <span class='ocr_line' id='line_1_6' title="bbox 140 572 1949 635; baseline 0 -13"><span class='ocrx_word' id='word_1_52' title='bbox 140 576 200 622; x_wconf 89' lang='lat' dir='ltr'>ita</span> <span class='ocrx_word' id='word_1_53' title='bbox 217 574 400 634; x_wconf 91' lang='lat' dir='ltr'>diligens</span> <span class='ocrx_word' id='word_1_54' title='bbox 421 574 568 621; x_wconf 90' lang='lat' dir='ltr'>cultor</span> <span class='ocrx_word' id='word_1_55' title='bbox 587 592 631 621; x_wconf 93' lang='lat' dir='ltr'>es</span> <span class='ocrx_word' id='word_1_56' title='bbox 650 573 996 629; x_wconf 90' lang='lat' dir='ltr'>benevolentiae,</span> <span class='ocrx_word' id='word_1_57' title='bbox 1017 589 1139 621; x_wconf 90' lang='lat' dir='ltr'>certo</span> <span class='ocrx_word' id='word_1_58' title='bbox 1156 575 1248 621; x_wconf 95' lang='lat' dir='ltr'>scio</span> <span class='ocrx_word' id='word_1_59' title='bbox 1269 589 1311 621; x_wconf 92' lang='lat' dir='ltr'>te</span> <span class='ocrx_word' id='word_1_60' title='bbox 1332 572 1423 621; x_wconf 86' lang='lat' dir='ltr'>rex²</span> <span class='ocrx_word' id='word_1_61' title='bbox 1447 574 1698 622; x_wconf 86' lang='lat' dir='ltr'>humaniter</span> <span class='ocrx_word' id='word_1_62' title='bbox 1718 576 1949 635; x_wconf 85' lang='lat' dir='ltr'>accepisset</span> 
     </span>
     <span class='ocr_line' id='line_1_7' title="bbox 139 641 1951 704; baseline 0 -14"><span class='ocrx_word' id='word_1_63' title='bbox 139 657 182 690; x_wconf 92' lang='lat' dir='ltr'>et</span> <span class='ocrx_word' id='word_1_64' title='bbox 203 642 256 690; x_wconf 94' lang='lat' dir='ltr'>de</span> <span class='ocrx_word' id='word_1_65' title='bbox 279 642 407 689; x_wconf 90' lang='lat' dir='ltr'>nobis</span> <span class='ocrx_word' id='word_1_66' title='bbox 431 642 689 702; x_wconf 92' lang='lat' dir='ltr'>loquentem</span> <span class='ocrx_word' id='word_1_67' title='bbox 714 659 805 688; x_wconf 93' lang='lat' dir='ltr'>non</span> <span class='ocrx_word' id='word_1_68' title='bbox 831 642 995 702; x_wconf 86' lang='lat' dir='ltr'>ingrate</span> <span class='ocrx_word' id='word_1_69' title='bbox 1017 641 1261 689; x_wconf 83' lang='lat' dir='ltr'>audivisset.</span> <span class='ocrx_word' id='word_1_70' title='bbox 1287 646 1360 690; x_wconf 90' lang='lat' dir='ltr'>Est</span> <span class='ocrx_word' id='word_1_71' title='bbox 1383 643 1502 689; x_wconf 89' lang='lat' dir='ltr'>enim</span> <span class='ocrx_word' id='word_1_72' title='bbox 1525 643 1729 704; x_wconf 87' lang='lat' dir='ltr'>princeps</span> <span class='ocrx_word' id='word_1_73' title='bbox 1751 661 1951 704; x_wconf 90' lang='lat' dir='ltr'>perrarae</span> 
     </span>
     <span class='ocr_line' id='line_1_8' title="bbox 138 709 1947 771; baseline 0.001 -14"><span class='ocrx_word' id='word_1_74' title='bbox 138 711 314 757; x_wconf 90' lang='lat' dir='ltr'>virtutis</span> <span class='ocrx_word' id='word_1_75' title='bbox 337 725 379 757; x_wconf 94' lang='lat' dir='ltr'>et</span> <span class='ocrx_word' id='word_1_76' title='bbox 403 725 520 757; x_wconf 90' lang='lat' dir='ltr'>amat</span> <span class='ocrx_word' id='word_1_77' title='bbox 544 709 614 756; x_wconf 92' lang='lat' dir='ltr'>ille</span> <span class='ocrx_word' id='word_1_78' title='bbox 639 710 818 770; x_wconf 91' lang='lat' dir='ltr'>quidem</span> <span class='ocrx_word' id='word_1_79' title='bbox 843 709 1007 757; x_wconf 87' lang='lat' dir='ltr'>litteras</span> <span class='ocrx_word' id='word_1_80' title='bbox 1030 725 1211 766; x_wconf 85' lang='lat' dir='ltr'>nostras3</span> <span class='ocrx_word' id='word_1_81' title='bbox 1239 725 1281 757; x_wconf 90' lang='lat' dir='ltr'>et</span> <span class='ocrx_word' id='word_1_82' title='bbox 1304 728 1413 771; x_wconf 89' lang='lat' dir='ltr'>quae</span> <span class='ocrx_word' id='word_1_83' title='bbox 1437 711 1690 758; x_wconf 91' lang='lat' dir='ltr'>scribuntur</span> <span class='ocrx_word' id='word_1_84' title='bbox 1714 729 1793 771; x_wconf 90' lang='lat' dir='ltr'>per</span> <span class='ocrx_word' id='word_1_85' title='bbox 1817 729 1897 758; x_wconf 93' lang='lat' dir='ltr'>nos</span> <span class='ocrx_word' id='word_1_86' title='bbox 1923 729 1947 758; x_wconf 92' lang='lat' dir='ltr'>a</span> 
     </span>
     <span class='ocr_line' id='line_1_9' title="bbox 138 778 1948 840; baseline 0.001 -16"><span class='ocrx_word' id='word_1_87' title='bbox 138 778 419 834; x_wconf 89' lang='lat' dir='ltr'>Florentinis,</span> <span class='ocrx_word' id='word_1_88' title='bbox 439 792 487 824; x_wconf 94' lang='lat' dir='ltr'>ut</span> <span class='ocrx_word' id='word_1_89' title='bbox 506 778 637 833; x_wconf 92' lang='lat' dir='ltr'>nosti,</span> <span class='ocrx_word' id='word_1_90' title='bbox 655 778 730 838; x_wconf 91' lang='lat' dir='ltr'>qui</span> <span class='ocrx_word' id='word_1_91' title='bbox 746 795 871 838; x_wconf 85' lang='lat' dir='ltr'>saepe</span> <span class='ocrx_word' id='word_1_92' title='bbox 888 778 1121 825; x_wconf 91' lang='lat' dir='ltr'>coadiutor</span> <span class='ocrx_word' id='word_1_93' title='bbox 1136 778 1255 825; x_wconf 89' lang='lat' dir='ltr'>fuisti</span> <span class='ocrx_word' id='word_1_94' title='bbox 1273 779 1318 824; x_wconf 91' lang='lat' dir='ltr'>in</span> <span class='ocrx_word' id='word_1_95' title='bbox 1335 778 1582 834; x_wconf 89' lang='lat' dir='ltr'>scribendo,</span> <span class='ocrx_word' id='word_1_96' title='bbox 1599 780 1634 826; x_wconf 93' lang='lat' dir='ltr'>si</span> <span class='ocrx_word' id='word_1_97' title='bbox 1653 797 1754 826; x_wconf 89' lang='lat' dir='ltr'>vera</span> <span class='ocrx_word' id='word_1_98' title='bbox 1769 779 1948 840; x_wconf 91' lang='lat' dir='ltr'>quidem</span> 
     </span>
     <span class='ocr_line' id='line_1_10' title="bbox 139 845 1952 907; baseline 0.001 -14"><span class='ocrx_word' id='word_1_99' title='bbox 139 861 317 894; x_wconf 88' lang='lat' dir='ltr'>narrant</span> <span class='ocrx_word' id='word_1_100' title='bbox 340 861 382 893; x_wconf 92' lang='lat' dir='ltr'>et</span> <span class='ocrx_word' id='word_1_101' title='bbox 403 847 495 893; x_wconf 93' lang='lat' dir='ltr'>sine</span> <span class='ocrx_word' id='word_1_102' title='bbox 519 863 645 892; x_wconf 91' lang='lat' dir='ltr'>causa</span> <span class='ocrx_word' id='word_1_103' title='bbox 668 863 759 892; x_wconf 93' lang='lat' dir='ltr'>non</span> <span class='ocrx_word' id='word_1_104' title='bbox 784 845 1060 902; x_wconf 89' lang='lat' dir='ltr'>affectantur,</span> <span class='ocrx_word' id='word_1_105' title='bbox 1082 846 1211 894; x_wconf 89' lang='lat' dir='ltr'>habet</span> <span class='ocrx_word' id='word_1_106' title='bbox 1236 847 1279 893; x_wconf 93' lang='lat' dir='ltr'>in</span> <span class='ocrx_word' id='word_1_107' title='bbox 1304 846 1480 894; x_wconf 90' lang='lat' dir='ltr'>deliciis.</span> <span class='ocrx_word' id='word_1_108' title='bbox 1505 848 1719 907; x_wconf 89' lang='lat' dir='ltr'>Angustia</span> <span class='ocrx_word' id='word_1_109' title='bbox 1743 865 1821 894; x_wconf 91' lang='lat' dir='ltr'>vos</span> <span class='ocrx_word' id='word_1_110' title='bbox 1845 855 1952 894; x_wconf 87' lang='lat' dir='ltr'>tem-</span> 
     </span>
     <span class='ocr_line' id='line_1_11' title="bbox 135 914 1948 976; baseline 0.001 -15"><span class='ocrx_word' id='word_1_111' title='bbox 135 915 258 975; x_wconf 92' lang='lat' dir='ltr'>poris</span> <span class='ocrx_word' id='word_1_112' title='bbox 277 914 522 975; x_wconf 90' lang='lat' dir='ltr'>prohibuit,</span> <span class='ocrx_word' id='word_1_113' title='bbox 544 929 586 960; x_wconf 91' lang='lat' dir='ltr'>et</span> <span class='ocrx_word' id='word_1_114' title='bbox 606 915 879 974; x_wconf 86' lang='lat' dir='ltr'>magistratus</span> <span class='ocrx_word' id='word_1_115' title='bbox 899 915 1023 970; x_wconf 87' lang='lat' dir='ltr'>iussa,</span> <span class='ocrx_word' id='word_1_116' title='bbox 1043 929 1091 961; x_wconf 92' lang='lat' dir='ltr'>ut</span> <span class='ocrx_word' id='word_1_117' title='bbox 1111 919 1300 962; x_wconf 90' lang='lat' dir='ltr'>Romam</span> <span class='ocrx_word' id='word_1_118' title='bbox 1320 916 1539 971; x_wconf 90' lang='lat' dir='ltr'>veniretis,</span> <span class='ocrx_word' id='word_1_119' title='bbox 1560 933 1613 962; x_wconf 92' lang='lat' dir='ltr'>ne</span> <span class='ocrx_word' id='word_1_120' title='bbox 1633 915 1771 962; x_wconf 90' lang='lat' dir='ltr'>adires</span> <span class='ocrx_word' id='word_1_121' title='bbox 1789 934 1948 976; x_wconf 92' lang='lat' dir='ltr'>regem.</span> 
     </span>
     <span class='ocr_line' id='line_1_12' title="bbox 138 981 1947 1044; baseline 0.001 -15"><span class='ocrx_word' id='word_1_122' title='bbox 138 982 558 1043; x_wconf 90' lang='lat' dir='ltr'>Optemperandum</span> <span class='ocrx_word' id='word_1_123' title='bbox 585 981 681 1038; x_wconf 85' lang='lat' dir='ltr'>fuit,</span> <span class='ocrx_word' id='word_1_124' title='bbox 705 997 747 1029; x_wconf 91' lang='lat' dir='ltr'>et</span> <span class='ocrx_word' id='word_1_125' title='bbox 771 982 878 1029; x_wconf 94' lang='lat' dir='ltr'>illud</span> <span class='ocrx_word' id='word_1_126' title='bbox 901 981 1097 1029; x_wconf 87' lang='lat' dir='ltr'>offitium</span> <span class='ocrx_word' id='word_1_127' title='bbox 1123 984 1256 1043; x_wconf 91' lang='lat' dir='ltr'>magis</span> <span class='ocrx_word' id='word_1_128' title='bbox 1281 984 1582 1030; x_wconf 90' lang='lat' dir='ltr'>necessarium.</span> <span class='ocrx_word' id='word_1_129' title='bbox 1608 986 1863 1044; x_wconf 88' lang='lat' dir='ltr'>Pergratum</span> <span class='ocrx_word' id='word_1_130' title='bbox 1885 999 1947 1031; x_wconf 89' lang='lat' dir='ltr'>est</span> 
     </span>
     <span class='ocr_line' id='line_1_13' title="bbox 138 1050 1950 1112; baseline 0.001 -15"><span class='ocrx_word' id='word_1_131' title='bbox 138 1068 231 1098; x_wconf 92' lang='lat' dir='ltr'>non</span> <span class='ocrx_word' id='word_1_132' title='bbox 248 1050 394 1097; x_wconf 91' lang='lat' dir='ltr'>solum</span> <span class='ocrx_word' id='word_1_133' title='bbox 413 1050 535 1111; x_wconf 93' lang='lat' dir='ltr'>quod</span> <span class='ocrx_word' id='word_1_134' title='bbox 553 1051 675 1110; x_wconf 91' lang='lat' dir='ltr'>egisti</span> <span class='ocrx_word' id='word_1_135' title='bbox 692 1068 793 1097; x_wconf 91' lang='lat' dir='ltr'>cum</span> <span class='ocrx_word' id='word_1_136' title='bbox 811 1050 1070 1106; x_wconf 86' lang='lat' dir='ltr'>Antonello‚</span> <span class='ocrx_word' id='word_1_137' title='bbox 1090 1050 1166 1098; x_wconf 91' lang='lat' dir='ltr'>sed</span> <span class='ocrx_word' id='word_1_138' title='bbox 1181 1051 1302 1112; x_wconf 94' lang='lat' dir='ltr'>quod</span> <span class='ocrx_word' id='word_1_139' title='bbox 1320 1052 1380 1098; x_wconf 90' lang='lat' dir='ltr'>ita</span> <span class='ocrx_word' id='word_1_140' title='bbox 1393 1066 1591 1099; x_wconf 89' lang='lat' dir='ltr'>accurate</span> <span class='ocrx_word' id='word_1_141' title='bbox 1606 1051 1728 1112; x_wconf 86' lang='lat' dir='ltr'>quod</span> <span class='ocrx_word' id='word_1_142' title='bbox 1745 1053 1880 1112; x_wconf 91' lang='lat' dir='ltr'>egeris</span> <span class='ocrx_word' id='word_1_143' title='bbox 1896 1052 1950 1099; x_wconf 92' lang='lat' dir='ltr'>ad</span> 
     </span>
     <span class='ocr_line' id='line_1_14' title="bbox 138 1113 1943 1181; baseline 0.001 -15"><span class='ocrx_word' id='word_1_144' title='bbox 138 1136 208 1166; x_wconf 91' lang='lat' dir='ltr'>me</span> <span class='ocrx_word' id='word_1_145' title='bbox 236 1119 456 1179; x_wconf 90' lang='lat' dir='ltr'>scripsisti.</span> <span class='ocrx_word' id='word_1_146' title='bbox 488 1122 672 1179; x_wconf 89' lang='lat' dir='ltr'>Legatus</span> <span class='ocrx_word' id='word_1_147' title='bbox 701 1113 883 1175; x_wconf 77' lang='lat' dir='ltr'>noster,‘³</span> <span class='ocrx_word' id='word_1_148' title='bbox 910 1119 985 1180; x_wconf 94' lang='lat' dir='ltr'>qui</span> <span class='ocrx_word' id='word_1_149' title='bbox 1012 1137 1093 1166; x_wconf 90' lang='lat' dir='ltr'>suo</span> <span class='ocrx_word' id='word_1_150' title='bbox 1119 1123 1279 1176; x_wconf 88' lang='lat' dir='ltr'>Marte,</span> <span class='ocrx_word' id='word_1_151' title='bbox 1307 1119 1415 1166; x_wconf 90' lang='lat' dir='ltr'>idest</span> <span class='ocrx_word' id='word_1_152' title='bbox 1441 1121 1533 1167; x_wconf 88' lang='lat' dir='ltr'>sine</span> <span class='ocrx_word' id='word_1_153' title='bbox 1563 1119 1718 1167; x_wconf 90' lang='lat' dir='ltr'>litteris</span> <span class='ocrx_word' id='word_1_154' title='bbox 1743 1120 1943 1181; x_wconf 90' lang='lat' dir='ltr'>publicis,</span> 
     </span>
     <span class='ocr_line' id='line_1_15' title="bbox 138 1186 1946 1248; baseline 0.002 -15"><span class='ocrx_word' id='word_1_155' title='bbox 138 1187 266 1234; x_wconf 91' lang='lat' dir='ltr'>isthic</span> <span class='ocrx_word' id='word_1_156' title='bbox 282 1186 449 1247; x_wconf 84' lang='lat' dir='ltr'>aliquot</span> <span class='ocrx_word' id='word_1_157' title='bbox 465 1186 556 1234; x_wconf 89' lang='lat' dir='ltr'>dies</span> <span class='ocrx_word' id='word_1_158' title='bbox 572 1205 665 1234; x_wconf 91' lang='lat' dir='ltr'>rem</span> <span class='ocrx_word' id='word_1_159' title='bbox 679 1188 806 1247; x_wconf 89' lang='lat' dir='ltr'>gessit</span> <span class='ocrx_word' id='word_1_160' title='bbox 824 1205 925 1234; x_wconf 92' lang='lat' dir='ltr'>cum</span> <span class='ocrx_word' id='word_1_161' title='bbox 940 1188 1163 1234; x_wconf 93' lang='lat' dir='ltr'>sociorum</span> <span class='ocrx_word' id='word_1_162' title='bbox 1182 1187 1344 1248; x_wconf 90' lang='lat' dir='ltr'>legatis,</span> <span class='ocrx_word' id='word_1_163' title='bbox 1360 1189 1667 1235; x_wconf 90' lang='lat' dir='ltr'>auctoritatem</span> <span class='ocrx_word' id='word_1_164' title='bbox 1681 1206 1805 1236; x_wconf 89' lang='lat' dir='ltr'>suam</span> <span class='ocrx_word' id='word_1_165' title='bbox 1822 1207 1946 1236; x_wconf 92' lang='lat' dir='ltr'>orna-</span> 
     </span>
     <span class='ocr_line' id='line_1_16' title="bbox 137 1255 1949 1316; baseline 0.002 -15"><span class='ocrx_word' id='word_1_166' title='bbox 137 1256 213 1302; x_wconf 91' lang='lat' dir='ltr'>vit.</span> <span class='ocrx_word' id='word_1_167' title='bbox 240 1255 503 1302; x_wconf 87' lang='lat' dir='ltr'>Prudentius</span> <span class='ocrx_word' id='word_1_168' title='bbox 527 1256 646 1302; x_wconf 90' lang='lat' dir='ltr'>enim</span> <span class='ocrx_word' id='word_1_169' title='bbox 671 1256 843 1315; x_wconf 89' lang='lat' dir='ltr'>gessisse</span> <span class='ocrx_word' id='word_1_170' title='bbox 869 1255 1133 1315; x_wconf 88' lang='lat' dir='ltr'>legationem</span> <span class='ocrx_word' id='word_1_171' title='bbox 1159 1271 1201 1303; x_wconf 96' lang='lat' dir='ltr'>et</span> <span class='ocrx_word' id='word_1_172' title='bbox 1225 1257 1498 1316; x_wconf 90' lang='lat' dir='ltr'>magistratus</span> <span class='ocrx_word' id='word_1_173' title='bbox 1523 1271 1565 1303; x_wconf 93' lang='lat' dir='ltr'>et</span> <span class='ocrx_word' id='word_1_174' title='bbox 1587 1272 1761 1304; x_wconf 88' lang='lat' dir='ltr'>senatus</span> <span class='ocrx_word' id='word_1_175' title='bbox 1787 1257 1949 1304; x_wconf 88' lang='lat' dir='ltr'>iudicat</span> 
     </span>
     <span class='ocr_line' id='line_1_17' title="bbox 137 1323 1950 1384; baseline 0.001 -14"><span class='ocrx_word' id='word_1_176' title='bbox 137 1324 377 1370; x_wconf 92' lang='lat' dir='ltr'>neminem.</span> <span class='ocrx_word' id='word_1_177' title='bbox 406 1323 595 1369; x_wconf 87' lang='lat' dir='ltr'>Litterae</span> <span class='ocrx_word' id='word_1_178' title='bbox 616 1324 748 1369; x_wconf 89' lang='lat' dir='ltr'>etiam</span> <span class='ocrx_word' id='word_1_179' title='bbox 772 1323 824 1369; x_wconf 93' lang='lat' dir='ltr'>ab</span> <span class='ocrx_word' id='word_1_180' title='bbox 850 1341 903 1370; x_wconf 94' lang='lat' dir='ltr'>eo</span> <span class='ocrx_word' id='word_1_181' title='bbox 924 1324 1108 1383; x_wconf 92' lang='lat' dir='ltr'>scriptae</span> <span class='ocrx_word' id='word_1_182' title='bbox 1131 1341 1211 1384; x_wconf 92' lang='lat' dir='ltr'>per</span> <span class='ocrx_word' id='word_1_183' title='bbox 1232 1338 1275 1370; x_wconf 96' lang='lat' dir='ltr'>te</span> <span class='ocrx_word' id='word_1_184' title='bbox 1298 1338 1340 1371; x_wconf 92' lang='lat' dir='ltr'>et</span> <span class='ocrx_word' id='word_1_185' title='bbox 1362 1339 1541 1371; x_wconf 90' lang='lat' dir='ltr'>ornatae</span> <span class='ocrx_word' id='word_1_186' title='bbox 1563 1339 1605 1371; x_wconf 92' lang='lat' dir='ltr'>et</span> <span class='ocrx_word' id='word_1_187' title='bbox 1628 1342 1777 1384; x_wconf 87' lang='lat' dir='ltr'>graves</span> <span class='ocrx_word' id='word_1_188' title='bbox 1800 1326 1950 1372; x_wconf 88' lang='lat' dir='ltr'>extite-</span> 
     </span>
     <span class='ocr_line' id='line_1_18' title="bbox 138 1390 1948 1453; baseline 0.001 -15"><span class='ocrx_word' id='word_1_189' title='bbox 138 1406 253 1438; x_wconf 91' lang='lat' dir='ltr'>runt.</span> <span class='ocrx_word' id='word_1_190' title='bbox 280 1395 370 1438; x_wconf 92' lang='lat' dir='ltr'>Iam</span> <span class='ocrx_word' id='word_1_191' title='bbox 394 1390 501 1437; x_wconf 90' lang='lat' dir='ltr'>nihil</span> <span class='ocrx_word' id='word_1_192' title='bbox 527 1406 589 1438; x_wconf 89' lang='lat' dir='ltr'>est</span> <span class='ocrx_word' id='word_1_193' title='bbox 612 1390 733 1452; x_wconf 94' lang='lat' dir='ltr'>quod</span> <span class='ocrx_word' id='word_1_194' title='bbox 755 1391 808 1438; x_wconf 91' lang='lat' dir='ltr'>ab</span> <span class='ocrx_word' id='word_1_195' title='bbox 832 1390 907 1438; x_wconf 94' lang='lat' dir='ltr'>illo</span> <span class='ocrx_word' id='word_1_196' title='bbox 931 1391 1087 1452; x_wconf 87' lang='lat' dir='ltr'>legato,</span> <span class='ocrx_word' id='word_1_197' title='bbox 1109 1406 1151 1439; x_wconf 89' lang='lat' dir='ltr'>te</span> <span class='ocrx_word' id='word_1_198' title='bbox 1170 1391 1324 1448; x_wconf 90' lang='lat' dir='ltr'>scriba,</span> <span class='ocrx_word' id='word_1_199' title='bbox 1348 1410 1440 1439; x_wconf 92' lang='lat' dir='ltr'>non</span> <span class='ocrx_word' id='word_1_200' title='bbox 1464 1407 1756 1453; x_wconf 86' lang='lat' dir='ltr'>expectemus.</span> <span class='ocrx_word' id='word_1_201' title='bbox 1780 1396 1948 1452; x_wconf 89' lang='lat' dir='ltr'>Quam·</span> 
     </span>
     <span class='ocr_line' id='line_1_19' title="bbox 137 1458 1946 1522; baseline 0.002 -17"><span class='ocrx_word' id='word_1_202' title='bbox 137 1477 270 1520; x_wconf 93' lang='lat' dir='ltr'>quam</span> <span class='ocrx_word' id='word_1_203' title='bbox 291 1458 446 1506; x_wconf 88' lang='lat' dir='ltr'>foedus</span> <span class='ocrx_word' id='word_1_204' title='bbox 468 1459 667 1506; x_wconf 91' lang='lat' dir='ltr'>Italicum</span> <span class='ocrx_word' id='word_1_205' title='bbox 687 1477 779 1507; x_wconf 92' lang='lat' dir='ltr'>non</span> <span class='ocrx_word' id='word_1_206' title='bbox 801 1477 955 1507; x_wconf 91' lang='lat' dir='ltr'>omnes</span> <span class='ocrx_word' id='word_1_207' title='bbox 975 1460 1133 1507; x_wconf 92' lang='lat' dir='ltr'>eodem</span> <span class='ocrx_word' id='word_1_208' title='bbox 1154 1460 1291 1508; x_wconf 94' lang='lat' dir='ltr'>modo</span> <span class='ocrx_word' id='word_1_209' title='bbox 1310 1460 1517 1521; x_wconf 88' lang='lat' dir='ltr'>probant,</span> <span class='ocrx_word' id='word_1_210' title='bbox 1538 1479 1630 1508; x_wconf 94' lang='lat' dir='ltr'>non</span> <span class='ocrx_word' id='word_1_211' title='bbox 1652 1476 1714 1508; x_wconf 93' lang='lat' dir='ltr'>est</span> <span class='ocrx_word' id='word_1_212' title='bbox 1735 1462 1810 1522; x_wconf 93' lang='lat' dir='ltr'>qui</span> <span class='ocrx_word' id='word_1_213' title='bbox 1830 1463 1946 1522; x_wconf 91' lang='lat' dir='ltr'>quie-</span> 
     </span>
     <span class='ocr_line' id='line_1_20' title="bbox 136 1527 1950 1589; baseline 0.002 -16"><span class='ocrx_word' id='word_1_214' title='bbox 136 1527 338 1574; x_wconf 90' lang='lat' dir='ltr'>tudinem</span> <span class='ocrx_word' id='word_1_215' title='bbox 356 1527 501 1574; x_wconf 90' lang='lat' dir='ltr'>Italiae</span> <span class='ocrx_word' id='word_1_216' title='bbox 516 1546 608 1574; x_wconf 93' lang='lat' dir='ltr'>non</span> <span class='ocrx_word' id='word_1_217' title='bbox 625 1527 925 1588; x_wconf 91' lang='lat' dir='ltr'>amplectatur.</span> <span class='ocrx_word' id='word_1_218' title='bbox 941 1528 1025 1575; x_wconf 92' lang='lat' dir='ltr'>Sed</span> <span class='ocrx_word' id='word_1_219' title='bbox 1039 1528 1328 1576; x_wconf 88' lang='lat' dir='ltr'>formidulosa</span> <span class='ocrx_word' id='word_1_220' title='bbox 1344 1529 1623 1589; x_wconf 88' lang='lat' dir='ltr'>quorundam</span> <span class='ocrx_word' id='word_1_221' title='bbox 1642 1529 1751 1576; x_wconf 91' lang='lat' dir='ltr'>fides</span> <span class='ocrx_word' id='word_1_222' title='bbox 1766 1545 1842 1577; x_wconf 91' lang='lat' dir='ltr'>est.</span> <span class='ocrx_word' id='word_1_223' title='bbox 1858 1534 1950 1577; x_wconf 91' lang='lat' dir='ltr'>Vos</span> 
     </span>
     <span class='ocr_line' id='line_1_21' title="bbox 136 1595 1945 1657; baseline 0.002 -15"><span class='ocrx_word' id='word_1_224' title='bbox 136 1595 243 1657; x_wconf 92' lang='lat' dir='ltr'>quid</span> <span class='ocrx_word' id='word_1_225' title='bbox 262 1595 403 1643; x_wconf 90' lang='lat' dir='ltr'>facere</span> <span class='ocrx_word' id='word_1_226' title='bbox 421 1611 639 1656; x_wconf 87' lang='lat' dir='ltr'>oporteat,</span> <span class='ocrx_word' id='word_1_227' title='bbox 659 1595 771 1643; x_wconf 90' lang='lat' dir='ltr'>clare</span> <span class='ocrx_word' id='word_1_228' title='bbox 791 1596 984 1657; x_wconf 90' lang='lat' dir='ltr'>quidem,</span> <span class='ocrx_word' id='word_1_229' title='bbox 1005 1611 1053 1644; x_wconf 93' lang='lat' dir='ltr'>ut</span> <span class='ocrx_word' id='word_1_230' title='bbox 1073 1596 1182 1643; x_wconf 91' lang='lat' dir='ltr'>mihi</span> <span class='ocrx_word' id='word_1_231' title='bbox 1202 1598 1343 1644; x_wconf 91' lang='lat' dir='ltr'>visum</span> <span class='ocrx_word' id='word_1_232' title='bbox 1366 1612 1443 1654; x_wconf 91' lang='lat' dir='ltr'>est,</span> <span class='ocrx_word' id='word_1_233' title='bbox 1462 1598 1508 1644; x_wconf 92' lang='lat' dir='ltr'>in</span> <span class='ocrx_word' id='word_1_234' title='bbox 1530 1598 1746 1645; x_wconf 91' lang='lat' dir='ltr'>mandatis</span> <span class='ocrx_word' id='word_1_235' title='bbox 1766 1598 1945 1646; x_wconf 91' lang='lat' dir='ltr'>habetis.</span> 
     </span>
     <span class='ocr_line' id='line_1_22' title="bbox 134 1664 1948 1727; baseline 0.002 -17"><span class='ocrx_word' id='word_1_236' title='bbox 134 1668 189 1711; x_wconf 91' lang='lat' dir='ltr'>Et</span> <span class='ocrx_word' id='word_1_237' title='bbox 211 1679 259 1711; x_wconf 93' lang='lat' dir='ltr'>tu</span> <span class='ocrx_word' id='word_1_238' title='bbox 280 1664 516 1725; x_wconf 90' lang='lat' dir='ltr'>prudentia</span> <span class='ocrx_word' id='word_1_239' title='bbox 536 1679 611 1711; x_wconf 89' lang='lat' dir='ltr'>tua</span> <span class='ocrx_word' id='word_1_240' title='bbox 633 1679 768 1721; x_wconf 91' lang='lat' dir='ltr'>utere,</span> <span class='ocrx_word' id='word_1_241' title='bbox 792 1683 901 1726; x_wconf 91' lang='lat' dir='ltr'>quae</span> <span class='ocrx_word' id='word_1_242' title='bbox 923 1665 1102 1725; x_wconf 91' lang='lat' dir='ltr'>quidem</span> <span class='ocrx_word' id='word_1_243' title='bbox 1125 1666 1170 1711; x_wconf 94' lang='lat' dir='ltr'>in</span> <span class='ocrx_word' id='word_1_244' title='bbox 1194 1665 1273 1713; x_wconf 94' lang='lat' dir='ltr'>hac</span> <span class='ocrx_word' id='word_1_245' title='bbox 1294 1665 1627 1713; x_wconf 82' lang='lat' dir='ltr'>Petrifranciscie</span> <span class='ocrx_word' id='word_1_246' title='bbox 1649 1666 1865 1727; x_wconf 91' lang='lat' dir='ltr'>legatione</span> <span class='ocrx_word' id='word_1_247' title='bbox 1889 1668 1948 1714; x_wconf 89' lang='lat' dir='ltr'>ita</span> 
     </span>
     <span class='ocr_line' id='line_1_23' title="bbox 135 1732 1689 1793; baseline 0.003 -15"><span class='ocrx_word' id='word_1_248' title='bbox 135 1732 271 1793; x_wconf 74' lang='lat' dir='ltr'>eluxit</span> <span class='ocrx_word' id='word_1_249' title='bbox 293 1747 341 1779; x_wconf 94' lang='lat' dir='ltr'>ut</span> <span class='ocrx_word' id='word_1_250' title='bbox 364 1732 572 1779; x_wconf 90' lang='lat' dir='ltr'>omnibus</span> <span class='ocrx_word' id='word_1_251' title='bbox 597 1732 783 1780; x_wconf 82' lang='lat' dir='ltr'>mirifice</span> <span class='ocrx_word' id='word_1_252' title='bbox 803 1733 1071 1780; x_wconf 92' lang='lat' dir='ltr'>satisfeceris.</span> <span class='ocrx_word' id='word_1_253' title='bbox 1093 1734 1213 1781; x_wconf 87' lang='lat' dir='ltr'>Vale.</span> <span class='ocrx_word' id='word_1_254' title='bbox 1236 1738 1300 1780; x_wconf 87' lang='lat' dir='ltr'>Ex</span> <span class='ocrx_word' id='word_1_255' title='bbox 1323 1734 1546 1782; x_wconf 91' lang='lat' dir='ltr'>Florentia</span> <span class='ocrx_word' id='word_1_256' title='bbox 1571 1740 1689 1782; x_wconf 90' lang='grc'>1470.</span> 
     </span>
    </p>
   </div>
   <div class='ocr_carea' id='block_1_3' title="bbox 511 1876 1571 2062">
    <p class='ocr_par' dir='ltr' id='par_1_3' title="bbox 511 1876 1571 2062">
     <span class='ocr_line' id='line_1_24' title="bbox 1014 1876 1069 1916; baseline 0 0"><span class='ocrx_word' id='word_1_257' title='bbox 1014 1876 1069 1916; x_wconf 82' lang='grc'>34</span> 
     </span>
     <span class='ocr_line' id='line_1_25' title="bbox 511 1944 1571 1986; baseline 0.002 -3"><span class='ocrx_word' id='word_1_258' title='bbox 511 1944 590 1984; x_wconf 90' lang='grc' dir='ltr'>ΤΟ</span> <span class='ocrx_word' id='word_1_259' title='bbox 611 1946 992 1984; x_wconf 87' lang='lat' dir='ltr'>ALESSANDRO</span> <span class='ocrx_word' id='word_1_260' title='bbox 1015 1947 1295 1985; x_wconf 88' lang='lat' dir='ltr'>BRACCESI</span> <span class='ocrx_word' id='word_1_261' title='bbox 1316 1948 1382 1985; x_wconf 92' lang='lat' dir='ltr'>IN</span> <span class='ocrx_word' id='word_1_262' title='bbox 1403 1948 1571 1986; x_wconf 88' lang='lat' dir='ltr'>ROME</span> 
     </span>
     <span class='ocr_line' id='line_1_26' title="bbox 667 2011 1412 2062; baseline 0.003 -11"><span class='ocrx_word' id='word_1_263' title='bbox 667 2011 893 2058; x_wconf 86' lang='lat' dir='ltr'>Florence,</span> <span class='ocrx_word' id='word_1_264' title='bbox 914 2016 967 2052; x_wconf 88' lang='grc'>27</span> <span class='ocrx_word' id='word_1_265' title='bbox 989 2013 1249 2061; x_wconf 86' lang='lat' dir='ltr'>[December</span> <span class='ocrx_word' id='word_1_266' title='bbox 1273 2017 1412 2062; x_wconf 83' lang='grc' dir='ltr'>147οΓ</span> 
     </span>
    </p>
   </div>
   <div class='ocr_carea' id='block_1_4' title="bbox 402 2102 1676 2158">
    <p class='ocr_par' dir='ltr' id='par_1_4' title="bbox 402 2102 1676 2158">
     <span class='ocr_line' id='line_1_27' title="bbox 402 2102 1676 2158; baseline 0.003 -15"><span class='ocrx_word' id='word_1_267' title='bbox 402 2102 511 2152; x_wconf 84' lang='lat' dir='ltr'>Bod³‚</span> <span class='ocrx_word' id='word_1_268' title='bbox 532 2104 616 2144; x_wconf 89' lang='lat' dir='ltr'>fols.</span> <span class='ocrx_word' id='word_1_269' title='bbox 640 2108 862 2145; x_wconf 85' lang='lat' dir='ltr'>128v-129r.</span> <span class='ocrx_word' id='word_1_270' title='bbox 883 2107 1011 2158; x_wconf 90' lang='lat' dir='ltr'>Copy.</span> <span class='ocrx_word' id='word_1_271' title='bbox 1031 2105 1088 2146; x_wconf 89' lang='lat' dir='ltr'>ed.</span> <span class='ocrx_word' id='word_1_272' title='bbox 1108 2109 1156 2153; x_wconf 89' lang='lat' dir='ltr'>K,</span> <span class='ocrx_word' id='word_1_273' title='bbox 1175 2109 1331 2154; x_wconf 83' lang='lat'>356-57,</span> <span class='ocrx_word' id='word_1_274' title='bbox 1349 2107 1500 2155; x_wconf 81' lang='lat' dir='ltr'>Studies,</span> <span class='ocrx_word' id='word_1_275' title='bbox 1519 2110 1676 2147; x_wconf 87' lang='lat'>379-81.</span> 
     </span>
    </p>
   </div>
   <div class='ocr_carea' id='block_1_5' title="bbox 133 2207 1947 2749">
    <p class='ocr_par' dir='ltr' id='par_1_5' title="bbox 133 2207 1947 2749">
     <span class='ocr_line' id='line_1_28' title="bbox 134 2207 1947 2272; baseline 0.003 -18"><span class='ocrx_word' id='word_1_276' title='bbox 134 2207 441 2255; x_wconf 89' lang='lat' dir='ltr'>Bartolomeus</span> <span class='ocrx_word' id='word_1_277' title='bbox 465 2208 586 2255; x_wconf 87' lang='lat' dir='ltr'>Scala</span> <span class='ocrx_word' id='word_1_278' title='bbox 608 2209 863 2256; x_wconf 87' lang='lat' dir='ltr'>Alexandro</span> <span class='ocrx_word' id='word_1_279' title='bbox 884 2209 1068 2257; x_wconf 83' lang='lat' dir='ltr'>salutem</span> <span class='ocrx_word' id='word_1_280' title='bbox 1095 2210 1213 2257; x_wconf 89' lang='lat' dir='ltr'>dicit.</span> <span class='ocrx_word' id='word_1_281' title='bbox 1238 2210 1378 2270; x_wconf 89' lang='lat' dir='ltr'>Quod</span> <span class='ocrx_word' id='word_1_282' title='bbox 1402 2210 1472 2258; x_wconf 88' lang='lat' dir='ltr'>ad¹</span> <span class='ocrx_word' id='word_1_283' title='bbox 1498 2229 1568 2258; x_wconf 92' lang='lat' dir='ltr'>me</span> <span class='ocrx_word' id='word_1_284' title='bbox 1591 2212 1812 2272; x_wconf 90' lang='lat' dir='ltr'>scripsisti,</span> <span class='ocrx_word' id='word_1_285' title='bbox 1839 2212 1947 2272; x_wconf 94' lang='lat' dir='ltr'>quid</span> 
     </span>
     <span class='ocr_line' id='line_1_29' title="bbox 134 2276 1947 2339; baseline 0.003 -17"><span class='ocrx_word' id='word_1_286' title='bbox 134 2276 339 2323; x_wconf 91' lang='lat' dir='ltr'>acciderit</span> <span class='ocrx_word' id='word_1_287' title='bbox 359 2277 475 2323; x_wconf 89' lang='lat' dir='ltr'>inter</span> <span class='ocrx_word' id='word_1_288' title='bbox 492 2276 674 2337; x_wconf 90' lang='lat' dir='ltr'>legenda</span> <span class='ocrx_word' id='word_1_289' title='bbox 693 2277 898 2324; x_wconf 89' lang='lat' dir='ltr'>mandata</span> <span class='ocrx_word' id='word_1_290' title='bbox 917 2293 1079 2334; x_wconf 91' lang='lat' dir='ltr'>nostra,</span> <span class='ocrx_word' id='word_1_291' title='bbox 1102 2278 1243 2326; x_wconf 89' lang='lat' dir='ltr'>habeo</span> <span class='ocrx_word' id='word_1_292' title='bbox 1264 2279 1344 2326; x_wconf 92' lang='lat' dir='ltr'>tibi</span> <span class='ocrx_word' id='word_1_293' title='bbox 1362 2280 1530 2339; x_wconf 87' lang='lat' dir='ltr'>gratias.</span> <span class='ocrx_word' id='word_1_294' title='bbox 1551 2281 1655 2327; x_wconf 93' lang='lat' dir='ltr'>Veri</span> <span class='ocrx_word' id='word_1_295' title='bbox 1677 2281 1796 2327; x_wconf 92' lang='lat' dir='ltr'>enim</span> <span class='ocrx_word' id='word_1_296' title='bbox 1817 2281 1947 2327; x_wconf 90' lang='lat' dir='ltr'>amici</span> 
     </span>
     <span class='ocr_line' id='line_1_30' title="bbox 134 2342 1941 2408; baseline 0.003 -18"><span class='ocrx_word' id='word_1_297' title='bbox 134 2342 306 2391; x_wconf 82' lang='lat' dir='ltr'>officio²</span> <span class='ocrx_word' id='word_1_298' title='bbox 326 2344 583 2405; x_wconf 84' lang='lat' dir='ltr'>perfunctus</span> <span class='ocrx_word' id='word_1_299' title='bbox 603 2363 658 2392; x_wconf 92' lang='lat' dir='ltr'>es.</span> <span class='ocrx_word' id='word_1_300' title='bbox 678 2345 763 2392; x_wconf 89' lang='lat' dir='ltr'>Sed</span> <span class='ocrx_word' id='word_1_301' title='bbox 781 2347 920 2392; x_wconf 91' lang='lat' dir='ltr'>miror</span> <span class='ocrx_word' id='word_1_302' title='bbox 939 2346 1116 2393; x_wconf 93' lang='lat' dir='ltr'>illorum</span> <span class='ocrx_word' id='word_1_303' title='bbox 1138 2347 1377 2403; x_wconf 88' lang='lat' dir='ltr'>audaciam,</span> <span class='ocrx_word' id='word_1_304' title='bbox 1398 2365 1450 2394; x_wconf 92' lang='lat' dir='ltr'>ne</span> <span class='ocrx_word' id='word_1_305' title='bbox 1470 2347 1613 2395; x_wconf 90' lang='lat' dir='ltr'>dicam</span> <span class='ocrx_word' id='word_1_306' title='bbox 1634 2349 1941 2408; x_wconf 90' lang='lat' dir='ltr'>ignorantiam,</span> 
     </span>
     <span class='ocr_line' id='line_1_31' title="bbox 133 2413 1942 2477; baseline 0.003 -19"><span class='ocrx_word' id='word_1_307' title='bbox 133 2413 209 2473; x_wconf 92' lang='lat' dir='ltr'>qui</span> <span class='ocrx_word' id='word_1_308' title='bbox 230 2413 478 2473; x_wconf 89' lang='lat' dir='ltr'>vituperare</span> <span class='ocrx_word' id='word_1_309' title='bbox 500 2413 607 2460; x_wconf 94' lang='lat' dir='ltr'>illud</span> <span class='ocrx_word' id='word_1_310' title='bbox 630 2414 757 2460; x_wconf 91' lang='lat' dir='ltr'>veriti</span> <span class='ocrx_word' id='word_1_311' title='bbox 780 2415 962 2461; x_wconf 90' lang='lat' dir='ltr'>minime</span> <span class='ocrx_word' id='word_1_312' title='bbox 982 2430 1098 2471; x_wconf 93' lang='lat' dir='ltr'>sunt,</span> <span class='ocrx_word' id='word_1_313' title='bbox 1122 2415 1243 2476; x_wconf 93' lang='lat' dir='ltr'>quod</span> <span class='ocrx_word' id='word_1_314' title='bbox 1266 2434 1357 2462; x_wconf 94' lang='lat' dir='ltr'>non</span> <span class='ocrx_word' id='word_1_315' title='bbox 1380 2416 1591 2463; x_wconf 92' lang='lat' dir='ltr'>mediocri</span> <span class='ocrx_word' id='word_1_316' title='bbox 1613 2416 1739 2464; x_wconf 90' lang='lat' dir='ltr'>laude</span> <span class='ocrx_word' id='word_1_317' title='bbox 1760 2416 1942 2477; x_wconf 92' lang='lat' dir='ltr'>dignum</span> 
     </span>
     <span class='ocr_line' id='line_1_32' title="bbox 133 2481 1944 2544; baseline 0.003 -18"><span class='ocrx_word' id='word_1_318' title='bbox 133 2495 209 2527; x_wconf 88' lang='lat' dir='ltr'>est.</span> <span class='ocrx_word' id='word_1_319' title='bbox 229 2485 341 2527; x_wconf 91' lang='lat' dir='ltr'>Non</span> <span class='ocrx_word' id='word_1_320' title='bbox 360 2499 415 2527; x_wconf 94' lang='lat' dir='ltr'>eo</span> <span class='ocrx_word' id='word_1_321' title='bbox 433 2481 600 2528; x_wconf 90' lang='lat' dir='ltr'>inficias</span> <span class='ocrx_word' id='word_1_322' title='bbox 620 2482 814 2529; x_wconf 89' lang='lat' dir='ltr'>mandati</span> <span class='ocrx_word' id='word_1_323' title='bbox 833 2482 1023 2529; x_wconf 88' lang='lat' dir='ltr'>formam</span> <span class='ocrx_word' id='word_1_324' title='bbox 1043 2498 1084 2530; x_wconf 91' lang='lat' dir='ltr'>et</span> <span class='ocrx_word' id='word_1_325' title='bbox 1101 2482 1270 2530; x_wconf 86' lang='lat' dir='ltr'>stilum3</span> <span class='ocrx_word' id='word_1_326' title='bbox 1290 2484 1454 2544; x_wconf 88' lang='lat' dir='ltr'>aliquid</span> <span class='ocrx_word' id='word_1_327' title='bbox 1471 2486 1576 2531; x_wconf 92' lang='lat' dir='ltr'>novi</span> <span class='ocrx_word' id='word_1_328' title='bbox 1598 2486 1766 2532; x_wconf 92' lang='lat' dir='ltr'>inventi</span> <span class='ocrx_word' id='word_1_329' title='bbox 1786 2485 1944 2532; x_wconf 90' lang='lat' dir='ltr'>habere</span> 
     </span>
     <span class='ocr_line' id='line_1_33' title="bbox 133 2549 1946 2610; baseline 0.003 -16"><span class='ocrx_word' id='word_1_330' title='bbox 133 2549 236 2608; x_wconf 90' lang='lat' dir='ltr'>quia</span> <span class='ocrx_word' id='word_1_331' title='bbox 252 2564 436 2596; x_wconf 89' lang='lat' dir='ltr'>conatus</span> <span class='ocrx_word' id='word_1_332' title='bbox 453 2567 551 2596; x_wconf 92' lang='lat' dir='ltr'>sum</span> <span class='ocrx_word' id='word_1_333' title='bbox 571 2549 763 2610; x_wconf 91' lang='lat' dir='ltr'>redigere</span> <span class='ocrx_word' id='word_1_334' title='bbox 780 2551 931 2597; x_wconf 88' lang='lat' dir='ltr'>omnia</span> <span class='ocrx_word' id='word_1_335' title='bbox 949 2568 1058 2610; x_wconf 93' lang='lat' dir='ltr'>quae</span> <span class='ocrx_word' id='word_1_336' title='bbox 1076 2552 1121 2597; x_wconf 93' lang='lat' dir='ltr'>in</span> <span class='ocrx_word' id='word_1_337' title='bbox 1139 2551 1349 2599; x_wconf 91' lang='lat' dir='ltr'>mandato</span> <span class='ocrx_word' id='word_1_338' title='bbox 1364 2567 1466 2599; x_wconf 93' lang='lat' dir='ltr'>sunt</span> <span class='ocrx_word' id='word_1_339' title='bbox 1485 2552 1540 2599; x_wconf 88' lang='lat' dir='ltr'>ad</span> <span class='ocrx_word' id='word_1_340' title='bbox 1556 2570 1723 2599; x_wconf 88' lang='lat' dir='ltr'>meram</span> <span class='ocrx_word' id='word_1_341' title='bbox 1741 2554 1946 2600; x_wconf 91' lang='lat' dir='ltr'>Latinita-</span> 
     </span>
     <span class='ocr_line' id='line_1_34' title="bbox 133 2618 1945 2681; baseline 0.003 -19"><span class='ocrx_word' id='word_1_342' title='bbox 133 2630 238 2663; x_wconf 91' lang='lat' dir='ltr'>tem.</span> <span class='ocrx_word' id='word_1_343' title='bbox 258 2620 311 2663; x_wconf 88' lang='lat' dir='ltr'>Et</span> <span class='ocrx_word' id='word_1_344' title='bbox 330 2634 432 2663; x_wconf 92' lang='lat' dir='ltr'>cum</span> <span class='ocrx_word' id='word_1_345' title='bbox 451 2632 552 2677; x_wconf 90' lang='lat' dir='ltr'>post</span> <span class='ocrx_word' id='word_1_346' title='bbox 570 2632 788 2678; x_wconf 88' lang='lat' dir='ltr'>susceptas</span> <span class='ocrx_word' id='word_1_347' title='bbox 807 2618 972 2665; x_wconf 90' lang='lat' dir='ltr'>litteras</span> <span class='ocrx_word' id='word_1_348' title='bbox 987 2633 1082 2666; x_wconf 91' lang='lat' dir='ltr'>tuas</span> <span class='ocrx_word' id='word_1_349' title='bbox 1100 2619 1295 2666; x_wconf 89' lang='lat' dir='ltr'>mandati</span> <span class='ocrx_word' id='word_1_350' title='bbox 1313 2619 1446 2667; x_wconf 88' lang='lat' dir='ltr'>verba</span> <span class='ocrx_word' id='word_1_351' title='bbox 1463 2620 1621 2681; x_wconf 90' lang='lat' dir='ltr'>relego,</span> <span class='ocrx_word' id='word_1_352' title='bbox 1643 2636 1868 2681; x_wconf 90' lang='lat' dir='ltr'>nequeunt</span> <span class='ocrx_word' id='word_1_353' title='bbox 1885 2622 1945 2667; x_wconf 90' lang='lat' dir='ltr'>vi·</span> 
     </span>
     <span class='ocr_line' id='line_1_35' title="bbox 133 2684 1943 2749; baseline 0.003 -19"><span class='ocrx_word' id='word_1_354' title='bbox 133 2684 226 2731; x_wconf 92' lang='lat' dir='ltr'>deri</span> <span class='ocrx_word' id='word_1_355' title='bbox 247 2684 357 2730; x_wconf 89' lang='lat' dir='ltr'>mihi</span> <span class='ocrx_word' id='word_1_356' title='bbox 378 2685 692 2745; x_wconf 91' lang='lat' dir='ltr'>inpertinentia</span> <span class='ocrx_word' id='word_1_357' title='bbox 710 2686 853 2746; x_wconf 90' lang='lat' dir='ltr'>qualia</span> <span class='ocrx_word' id='word_1_358' title='bbox 870 2686 1087 2747; x_wconf 90' lang='lat' dir='ltr'>plerisque</span> <span class='ocrx_word' id='word_1_359' title='bbox 1107 2688 1197 2734; x_wconf 91' lang='lat' dir='ltr'>visa</span> <span class='ocrx_word' id='word_1_360' title='bbox 1213 2703 1329 2744; x_wconf 91' lang='lat' dir='ltr'>sunt,</span> <span class='ocrx_word' id='word_1_361' title='bbox 1349 2687 1416 2735; x_wconf 87' lang='lat' dir='ltr'>ut⁴</span> <span class='ocrx_word' id='word_1_362' title='bbox 1435 2688 1565 2749; x_wconf 90' lang='lat' dir='ltr'>plane</span> <span class='ocrx_word' id='word_1_363' title='bbox 1582 2688 1812 2749; x_wconf 88' lang='lat' dir='ltr'>significas,</span> <span class='ocrx_word' id='word_1_364' title='bbox 1834 2689 1943 2736; x_wconf 89' lang='lat' dir='ltr'>idest</span> 
     </span>
    </p>
   </div>
   <div class='ocr_carea' id='block_1_6' title="bbox 213 2892 662 2941">
    <p class='ocr_par' dir='ltr' id='par_1_6' title="bbox 213 2892 662 2941">
     <span class='ocr_line' id='line_1_36' title="bbox 213 2892 662 2941; baseline 0.004 -13"><span class='ocrx_word' id='word_1_365' title='bbox 213 2895 227 2909; x_wconf 73' lang='lat'><strong><em>⁶</em></strong></span> <span class='ocrx_word' id='word_1_366' title='bbox 244 2895 411 2930; x_wconf 84' lang='lat' dir='ltr'>Ferrante</span> <span class='ocrx_word' id='word_1_367' title='bbox 429 2895 442 2929; x_wconf 96' lang='lat' dir='ltr'>I</span> <span class='ocrx_word' id='word_1_368' title='bbox 460 2892 502 2930; x_wconf 81' lang='lat' dir='ltr'>of</span> <span class='ocrx_word' id='word_1_369' title='bbox 516 2892 662 2941; x_wconf 66' lang='lat' dir='ltr'>Naples.</span> 
     </span>
    </p>
   </div>
   <div class='ocr_carea' id='block_1_7' title="bbox 132 2943 1944 3103">
    <p class='ocr_par' dir='ltr' id='par_1_7' title="bbox 132 2943 1944 3103">
     <span class='ocr_line' id='line_1_37' title="bbox 212 2943 1944 3001; baseline 0.003 -15"><span class='ocrx_word' id='word_1_370' title='bbox 212 2943 229 2968; x_wconf 77' lang='lat'>‘¹</span> <span class='ocrx_word' id='word_1_371' title='bbox 251 2949 511 2987; x_wconf 65' lang='lat' dir='ltr'>Pierfrancaeco</span> <span class='ocrx_word' id='word_1_372' title='bbox 532 2949 589 2988; x_wconf 90' lang='lat' dir='ltr'>de’</span> <span class='ocrx_word' id='word_1_373' title='bbox 611 2950 756 2995; x_wconf 84' lang='lat' dir='ltr'>Medici,</span> <span class='ocrx_word' id='word_1_374' title='bbox 783 2950 989 2989; x_wconf 81' lang='lat' dir='ltr'>Florentiae</span> <span class='ocrx_word' id='word_1_375' title='bbox 1008 2951 1118 3000; x_wconf 89' lang='lat' dir='ltr'>legate</span> <span class='ocrx_word' id='word_1_376' title='bbox 1140 2952 1244 3000; x_wconf 87' lang='lat' dir='ltr'>(with</span> <span class='ocrx_word' id='word_1_377' title='bbox 1262 2955 1397 3001; x_wconf 85' lang='lat' dir='ltr'>Jacopo</span> <span class='ocrx_word' id='word_1_378' title='bbox 1423 2952 1680 3001; x_wconf 77' lang='lat' dir='ltr'>Guicciardim&#39;)</span> <span class='ocrx_word' id='word_1_379' title='bbox 1704 2954 1742 2990; x_wconf 79' lang='lat' dir='ltr'>in</span> <span class='ocrx_word' id='word_1_380' title='bbox 1764 2957 1881 2991; x_wconf 92' lang='lat' dir='ltr'>Rome</span> <span class='ocrx_word' id='word_1_381' title='bbox 1903 2966 1944 2991; x_wconf 91' lang='lat' dir='ltr'>to</span> 
     </span>
     <span class='ocr_line' id='line_1_38' title="bbox 132 3002 1941 3053; baseline 0.003 -13"><span class='ocrx_word' id='word_1_382' title='bbox 132 3002 308 3040; x_wconf 90' lang='lat' dir='ltr'>conclude</span> <span class='ocrx_word' id='word_1_383' title='bbox 334 3017 355 3040; x_wconf 92' lang='lat' dir='ltr'>a</span> <span class='ocrx_word' id='word_1_384' title='bbox 381 3003 522 3051; x_wconf 87' lang='lat' dir='ltr'>general</span> <span class='ocrx_word' id='word_1_385' title='bbox 550 3003 674 3041; x_wconf 83' lang='lat' dir='ltr'>Italian</span> <span class='ocrx_word' id='word_1_386' title='bbox 698 3003 829 3053; x_wconf 86' lang='lat' dir='ltr'>league,</span> <span class='ocrx_word' id='word_1_387' title='bbox 861 3008 1006 3049; x_wconf 85' lang='lat' dir='ltr'>Brown,</span> <span class='ocrx_word' id='word_1_388' title='bbox 1034 3005 1306 3044; x_wconf 63' lang='lat' dir='ltr'>‘Pierfrancaeco</span> <span class='ocrx_word' id='word_1_389' title='bbox 1334 3005 1390 3044; x_wconf 88' lang='lat' dir='ltr'>de&#39;</span> <span class='ocrx_word' id='word_1_390' title='bbox 1418 3006 1575 3050; x_wconf 86' lang='lat' dir='ltr'>Medici’,</span> <span class='ocrx_word' id='word_1_391' title='bbox 1603 3010 1646 3044; x_wconf 84' lang='lat'>95</span> <span class='ocrx_word' id='word_1_392' title='bbox 1674 3010 1719 3053; x_wconf 92' lang='lat'>[-</span> <span class='ocrx_word' id='word_1_393' title='bbox 1752 3007 1876 3045; x_wconf 86' lang='lat' dir='ltr'>Medici</span> <span class='ocrx_word' id='word_1_394' title='bbox 1904 3011 1941 3045; x_wconf 83' lang='lat' dir='ltr'>in</span> 
     </span>
     <span class='ocr_line' id='line_1_39' title="bbox 132 3054 927 3103; baseline 0.003 -11"><span class='ocrx_word' id='word_1_395' title='bbox 132 3054 300 3099; x_wconf 86' lang='lat' dir='ltr'>Florence,</span> <span class='ocrx_word' id='word_1_396' title='bbox 317 3058 455 3102; x_wconf 85' lang='lat'>90-911,</span> <span class='ocrx_word' id='word_1_397' title='bbox 474 3055 580 3100; x_wconf 82' lang='lat' dir='ltr'>Scala,</span> <span class='ocrx_word' id='word_1_398' title='bbox 603 3059 735 3094; x_wconf 89' lang='lat'>170-72</span> <span class='ocrx_word' id='word_1_399' title='bbox 754 3059 927 3103; x_wconf 89' lang='lat'>[117-18].</span> 
     </span>
    </p>
   </div>
   <div class='ocr_carea' id='block_1_8' title="bbox 213 3114 1650 3221">
    <p class='ocr_par' dir='ltr' id='par_1_8' title="bbox 213 3114 1650 3221">
     <span class='ocr_line' id='line_1_40' title="bbox 213 3114 608 3162; baseline 0.003 -11"><span class='ocrx_word' id='word_1_400' title='bbox 213 3117 225 3131; x_wconf 74' lang='lat'><em>²</em></span> <span class='ocrx_word' id='word_1_401' title='bbox 242 3116 305 3152; x_wconf 88' lang='lat' dir='ltr'>See</span> <span class='ocrx_word' id='word_1_402' title='bbox 323 3126 410 3152; x_wconf 91' lang='lat' dir='ltr'>note</span> <span class='ocrx_word' id='word_1_403' title='bbox 426 3114 463 3162; x_wconf 89' lang='lat' dir='ltr'>d)</span> <span class='ocrx_word' id='word_1_404' title='bbox 482 3114 608 3152; x_wconf 88' lang='lat' dir='ltr'>above.</span> 
     </span>
     <span class='ocr_line' id='line_1_41' title="bbox 213 3170 1650 3221; baseline 0.003 -13"><span class='ocrx_word' id='word_1_405' title='bbox 213 3176 225 3190; x_wconf 85' lang='lat'>²</span> <span class='ocrx_word' id='word_1_406' title='bbox 244 3170 359 3220; x_wconf 84' lang='lat' dir='ltr'>Reply</span> <span class='ocrx_word' id='word_1_407' title='bbox 377 3184 417 3209; x_wconf 90' lang='lat' dir='ltr'>to</span> <span class='ocrx_word' id='word_1_408' title='bbox 435 3186 455 3209; x_wconf 89' lang='lat' dir='ltr'>a</span> <span class='ocrx_word' id='word_1_409' title='bbox 471 3171 577 3210; x_wconf 91' lang='lat' dir='ltr'>letter</span> <span class='ocrx_word' id='word_1_410' title='bbox 590 3171 696 3210; x_wconf 85' lang='lat' dir='ltr'>dated</span> <span class='ocrx_word' id='word_1_411' title='bbox 714 3176 758 3209; x_wconf 85' lang='lat'>22</span> <span class='ocrx_word' id='word_1_412' title='bbox 776 3173 976 3211; x_wconf 87' lang='lat' dir='ltr'>December</span> <span class='ocrx_word' id='word_1_413' title='bbox 997 3177 1094 3217; x_wconf 86' lang='lat'>1470,</span> <span class='ocrx_word' id='word_1_414' title='bbox 1114 3177 1157 3217; x_wconf 89' lang='lat' dir='ltr'>K,</span> <span class='ocrx_word' id='word_1_415' title='bbox 1177 3177 1255 3218; x_wconf 78' lang='lat'>356,</span> <span class='ocrx_word' id='word_1_416' title='bbox 1273 3174 1317 3212; x_wconf 84' lang='lat' dir='ltr'>cf.</span> <span class='ocrx_word' id='word_1_417' title='bbox 1336 3174 1440 3218; x_wconf 80' lang='lat' dir='ltr'>Scala,</span> <span class='ocrx_word' id='word_1_418' title='bbox 1464 3178 1528 3212; x_wconf 91' lang='lat'>170</span> <span class='ocrx_word' id='word_1_419' title='bbox 1544 3178 1650 3221; x_wconf 71' lang='lat'>[1171</span> 
     </span>
    </p>
   </div>
  </div>
 </body>
</html>
