2124 3458
204 181 295 221 422
1795 185 1932 219 PART
1958 186 2009 219 VI

413 329 516 371 Istas
538 324 610 371 illa
630 342 758 384 genas
780 323 936 383 refugit
960 323 1206 383 rigidosque
1229 322 1413 370 lacertos
1852 339 1894 369 30

411 392 593 440 Fastidit
614 407 848 453 turpesque
872 391 1006 438 boves
1029 390 1251 452 olidasque
1275 390 1469 452 capellas.

327 461 491 508 Gedon
531 465 641 508 Men
663 460 786 520 fugit,
812 459 896 507 hoc
920 461 991 516 ais,
1016 460 1241 520 insipiens?
1267 474 1342 506 ten
1364 474 1525 515 nostra,
1549 459 1723 516 Polites,

411 530 585 576 Nencia
606 531 743 576 amat?
765 528 883 575 Solet
906 527 977 575 illa
999 527 1176 588 quidem
1197 528 1258 574 sic
1279 527 1436 574 ducere
1458 542 1639 584 mentes3

411 602 487 644 Me
509 615 685 657 quoque
708 597 769 643 sic
791 597 935 657 coepit
958 595 1198 656 quondam,
1222 613 1441 656 cassesque
1464 595 1650 643 tetendit

411 665 596 712 Delitias
618 666 734 712 inter
754 664 971 725 floresque
996 679 1037 711 et
1059 682 1241 711 munera
1262 663 1385 711 laeta.
1853 679 1892 709 35

412 734 668 781 Abrotanos
691 734 864 793 sapiunt
889 732 1026 780 modo
1048 733 1191 780 tristes
1213 747 1382 788 cuncta,
1404 732 1479 779 sed
1501 732 1607 779 olim

411 801 600 848 Dulcior
624 801 791 861 hybleis
814 802 926 847 sucis
949 815 990 847 et
1012 800 1191 847 mollior
1215 800 1371 856 herbis,

410 869 636 916 Mellitum
660 870 791 929 repsit
813 869 873 915 sic
895 886 1020 915 caeca
1039 869 1083 914 in
1106 869 1269 915 viscera
1289 869 1418 915 virus.

411 939 480 984 Tu
504 937 642 983 fronti
664 936 812 983 credes
833 936 1012 983 demens
1032 936 1261 996 verbisque
1285 935 1455 992 dolatis,

412 1006 526 1064 Quis
548 1004 673 1061 solet,
699 1004 797 1061 heu,
822 1005 1002 1051 miseros
1027 1005 1155 1051 retire
1177 1018 1218 1051 et
1237 1004 1419 1064 perdere
1440 1006 1654 1051 amantes?
1854 1019 1895 1049 40

411 1077 608 1129 Pectora,
631 1072 756 1120 crede
779 1072 902 1129 mihi,
926 1073 1073 1133 potius
1096 1072 1328 1119 scrutanda
1350 1071 1468 1119 fuere

410 1141 678 1202 Vitandique
702 1141 792 1188 doli
816 1140 962 1188 dulces
984 1155 1025 1188 et
1046 1140 1205 1188 blanda
1225 1158 1406 1197 venena,

411 1214 539 1270 Quae
563 1228 669 1257 mox
692 1209 886 1257 indoleas
909 1209 1061 1256 tabido
1082 1209 1162 1256 tibi
1182 1227 1355 1270 pascere
1379 1209 1523 1256 corda.

325 1279 488 1326 Polites
527 1278 717 1335 Falleris,
742 1297 769 1325 o
793 1278 969 1334 Gedon,
994 1296 1134 1339 neque
1157 1292 1199 1325 te
1219 1278 1332 1334 satis,
1357 1277 1572 1338 improbe,
1598 1278 1726 1324 nosti.

410 1348 549 1395 Mitto
570 1346 852 1408 supercilium
878 1346 1094 1394 hirsutum
1118 1361 1314 1407 setasque
1337 1345 1528 1407 capillos,
1853 1360 1892 1391 45

409 1417 549 1463 Mitto
572 1415 723 1462 oculos
747 1415 1007 1475 vultumque
1031 1414 1187 1471 ferum,
1211 1429 1306 1461 tota
1327 1414 1495 1475 hispida
1518 1414 1729 1470 membra,

411 1488 626 1545 Quaeque
647 1502 779 1544 pecus
802 1484 969 1544 sapiant
992 1483 1178 1530 fetidum
1201 1498 1242 1530 et
1263 1484 1471 1544 spirantia
1492 1497 1624 1543 septa.

411 1552 549 1612 Quid,
574 1552 695 1613 quod
718 1553 951 1599 conveniat
974 1570 1052 1598 vos
1076 1553 1190 1598 inter
1211 1551 1407 1598 moribus
1432 1569 1630 1611 usquam,

409 1621 575 1668 Stultus
600 1620 750 1667 habes?
774 1621 887 1667 Petit
910 1620 980 1666 illa
1001 1621 1103 1666 viris
1127 1620 1395 1679 coniungier3
1421 1634 1462 1666 at
1483 1634 1530 1666 tu

411 1689 614 1735 Rusticus
638 1688 810 1735 insudas
834 1688 1000 1744 marris,
1025 1687 1241 1734 incumbis
1266 1688 1427 1734 aratris.
1852 1701 1894 1731 50

409 1756 580 1803 Scilicet
604 1756 720 1803 haud
740 1757 875 1817 sapiat
899 1755 1036 1802 modo
1058 1756 1244 1812 Nencia,
1267 1755 1432 1802 deserat
1454 1756 1558 1802 istos

409 1826 452 1872 Si
474 1843 620 1872 mores
643 1824 864 1884 fugiatque
888 1823 1016 1880 feros,
1039 1824 1074 1871 si
1097 1823 1250 1870 callida
1268 1825 1430 1870 sentes?

410 1893 607 1941 Urbibus
634 1892 705 1940 illa
727 1893 860 1953 magis
884 1892 1013 1953 digna
1034 1907 1108 1939 est:
1134 1891 1345 1939 habitabit
1369 1892 1413 1938 in
1435 1891 1557 1948 urbe,

409 1963 561 2022 Exiget
585 1976 626 2009 et
648 1980 823 2009 mecum
847 1976 961 2008 totas
983 1979 1080 2008 mea
1099 1961 1272 2008 Nencia
1294 1978 1462 2008 messes.

325 2030 489 2078 Gedon
531 2031 657 2090 Quin
680 2029 804 2090 fugis,
830 2029 994 2086 infelix,
1018 2029 1146 2090 longe
1171 2029 1293 2076 hinc?
1318 2047 1372 2076 en
1391 2030 1566 2090 percior
1588 2029 1662 2085 ira,
1852 2043 1892 2073 55

409 2104 476 2145 En
500 2098 635 2146 fibrae
659 2099 907 2145 intumuere
932 2116 1099 2154 omnes3
1125 2097 1229 2145 furit
1252 2098 1360 2158 ignis
1383 2098 1428 2143 in
1452 2097 1629 2158 hirquis.

325 2167 487 2214 Polites
528 2170 656 2226 Quae
678 2181 720 2214 te
742 2167 904 2227 agitant
926 2166 1076 2222 furiae,
1099 2166 1282 2213 Gedon?
1305 2170 1412 2226 Age,
1434 2183 1551 2226 pone
1576 2164 1784 2212 furorem.

411 2235 687 2283 Certandum
710 2236 900 2295 ingenio,
927 2253 1177 2295 quanquam
1201 2252 1281 2281 nec
1301 2234 1465 2281 viribus
1490 2235 1643 2294 impar,

410 2309 463 2351 Et
487 2304 670 2351 memini
694 2321 875 2363 magnos
900 2321 991 2350 non
1015 2304 1233 2363 expavisse
1254 2302 1416 2358 leones,

411 2373 697 2418 Concurrisse
723 2371 848 2431 lupis,
874 2371 1078 2417 Anthum
1103 2370 1274 2430 fregisse
1296 2370 1554 2430 premendo,
1853 2383 1893 2414 60

411 2439 630 2495 Anthium,
657 2457 788 2499 quem
809 2438 1042 2499 perhibent
1067 2453 1186 2485 totos
1207 2439 1386 2485 saevisse
1407 2455 1487 2498 per
1507 2455 1630 2497 agros

411 2511 530 2554 Cum
553 2507 644 2554 leto
666 2507 786 2554 daret
809 2525 941 2553 omne
963 2524 1095 2567 pecus
1119 2507 1354 2566 niveosque
1379 2506 1586 2552 iuvencos

410 2579 555 2622 Ausus
580 2575 696 2622 adire
719 2593 844 2622 canes
865 2574 1013 2634 vigiles
1037 2589 1077 2621 et
1099 2589 1294 2621 temnere
1316 2573 1472 2620 millos.

410 2647 531 2690 Pone
554 2644 678 2700 iram;
702 2644 788 2690 iam
810 2661 932 2690 sume
955 2642 1110 2703 lyram,
1134 2657 1349 2689 certemus
1369 2656 1552 2702 uterque

411 2711 695 2759 Carminibus
719 2712 879 2772 potius:
905 2712 1083 2758 venient
1106 2710 1159 2758 ad
1179 2711 1372 2758 carmina
1392 2709 1646 2770 Nymphae;
1853 2722 1891 2754 65

409 2781 584 2827 Nencia
605 2794 646 2826 et
669 2781 759 2840 ipsa
782 2779 886 2826 colit
907 2779 1143 2839 Nymphas
1167 2793 1208 2825 et
1230 2779 1423 2825 carmina
1444 2777 1608 2825 condit.

411 2849 623 2895 Carmina
644 2847 845 2894 lenibunt
870 2865 991 2894 curas
1013 2848 1297 2907 animumque
1323 2846 1544 2893 reducent.

410 2919 530 2962 Pone
554 2916 677 2971 iram;
702 2916 788 2962 iam
809 2933 931 2962 sume
955 2914 1109 2974 lyram3
1134 2929 1358 2961 cantemus
1380 2915 1425 2959 in
1447 2913 1603 2960 umbra
1627 2913 1718 2959 hac.

411 2984 570 3044 Aspice
595 3001 726 3044 quam
749 2983 891 3030 densis
912 2997 1057 3043 pateat
1079 3000 1179 3029 cum
1203 2981 1433 3028 frondibus
1457 2981 1597 3036 arbos,

410 3056 474 3098 Ut
497 3052 675 3098 veniant
700 3050 882 3098 hederae
902 3069 981 3111 per
1002 3068 1146 3097 ramos
1169 3050 1334 3097 arboris
1357 3067 1524 3104 omnes,
1851 3062 1892 3092 70

411 3124 475 3166 Ut
498 3137 643 3166 ramos
665 3136 855 3179 sparsere
878 3119 988 3178 nigri
1011 3117 1255 3178 viridesque
1279 3117 1477 3164 corimbi.

327 3187 491 3234 Gedon
532 3191 605 3232 An
629 3204 709 3246 ego
732 3204 848 3233 nunc
872 3185 1033 3245 fugiam
1058 3203 1338 3245 quemquam,
1363 3202 1462 3231 cum
1487 3184 1680 3230 carmina
1701 3183 1752 3229 ab
1775 3200 1850 3229 ore
