2118 3444
205 173 297 214 310
1816 176 1955 210 PART
1979 177 2011 210 v

205 317 260 365 ad
285 318 541 377 coniugium
573 317 771 363 animum
802 315 1048 376 appulisset,
1077 314 1364 375 Voluptatem
1394 314 1516 362 duxit
1544 332 1741 362 uxorem.
1770 319 1831 362 Ea
1857 314 2015 362 mulier

205 385 287 433 fuit
320 385 638 446 elegantissima
670 383 814 431 forma
846 398 887 431 et
918 398 1017 431 toto
1048 382 1137 431 fere
1168 381 1309 430 orbe35
1343 382 1584 430 admodum
1618 382 1859 430 nobilitata.
1893 386 2013 430 Cum

205 454 295 502 dies
319 455 405 502 iam
430 453 594 501 adesset
616 453 884 514 nuptiarum,
911 453 1026 499 inter
1048 470 1202 499 omnes
1226 451 1363 499 ferme
1387 452 1461 512 qui
1483 451 1748 499 advenerant
1771 469 1872 499 cum
1896 456 2014 508 Iove,

205 522 397 583 deosque
424 536 465 569 et
490 521 603 578 deas,
630 524 774 568 Curae
802 538 977 581 quoque
1005 538 1106 567 cum
1131 538 1207 567 sua
1230 538 1396 581 pompa
1424 534 1552 581 atque
1577 534 1735 567 ornatu
1763 537 2015 580 comparue-

205 605 315 639 rant.
335 595 415 638 Eas
433 608 509 637 rex
526 590 720 637 convivii
739 588 946 645 Bacchus,
963 588 1157 636 admissis
1178 589 1343 645 ceteris,
1361 588 1540 636 exclusit
1559 587 1738 635 foribus.
1760 592 1824 634 Ex
1841 606 1895 635 eo
1912 605 2016 649 ergo

204 659 273 706 die
306 658 550 706 acerbiores
581 658 696 704 inter
724 675 767 704 se
799 661 942 704 Curae
974 675 1075 704 cum
1107 661 1371 717 Hymenaeo
1403 671 1557 717 gerunt
1589 657 1849 703 inimicitias.
1885 659 2012 716 Quae

204 728 337 775 etiam
360 726 580 773 vindictae
604 725 754 773 avidae
777 743 878 773 cum
905 726 1222 786 conspirassent
1250 739 1378 785 atque
1403 739 1638 772 armassent
1663 725 1777 771 Lites
1800 742 1948 772 secum
1975 738 2016 772 et

204 796 358 855 Iurgia,
378 795 622 842 Levitatem
637 795 743 841 item
761 808 890 854 atque
906 794 1278 840 Incontinentiam
1294 808 1336 840 et
1350 797 1610 853 Egestatem,
1628 792 1745 840 facto
1759 792 1906 852 globo,
1924 807 2015 840 tan-

204 863 306 910 dem
328 864 594 923 irruperunt.
616 863 770 908 Victus
792 875 938 908 autem
959 860 1013 908 ad
1029 875 1320 921 postremum,
1345 865 1630 920 Hymenaeus
1651 861 1816 920 accepit
1835 859 1948 920 leges
1966 874 2015 907 ut

204 930 363 978 eodem
386 930 518 977 etiam
540 947 688 976 secum
711 926 861 976 lecto³⁶
884 928 1058 975 cubent.

942 1069 1003 1112 15.
1029 1065 1286 1112 Ostentatio

204 1173 323 1218 Cum
346 1169 513 1217 laudari
534 1187 577 1216 se
598 1186 715 1230 pavo
737 1186 760 1216 a
778 1167 1157 1229 praetereuntibus
1181 1185 1202 1215 e
1225 1185 1367 1224 muro,
1393 1185 1483 1228 quo
1502 1181 1686 1228 propter
1698 1163 1731 1190 ³⁷
1752 1167 1869 1214 viam
1891 1184 2015 1214 excu-

203 1238 349 1295 babat,
365 1256 491 1299 saepe
507 1238 720 1294 sensisset,
740 1236 794 1284 ad
809 1251 1052 1284 mercatum
1069 1237 1189 1283 venit
1207 1250 1335 1297 atque
1352 1254 1405 1283 eo
1423 1235 1734 1296 frequentiore,
1752 1253 1853 1282 cum
1872 1252 2014 1282 ascen-

204 1306 333 1354 disset
354 1307 398 1352 in
416 1306 651 1353 maceriam
668 1305 786 1352 unde
804 1304 970 1352 facilius
989 1319 1207 1352 ostentare
1223 1322 1327 1365 opes
1344 1318 1504 1365 posset,
1523 1304 1611 1364 ipse
1630 1303 1711 1351 sibi
1729 1321 1809 1351 suo
1825 1303 2013 1351 stridore

202 1393 363 1436 praeco
380 1374 475 1422 fuit.
493 1374 567 1421 Ad
581 1374 702 1421 vocis
719 1374 963 1420 novitatem
981 1391 1081 1420 cum
1096 1372 1219 1434 plebs
1235 1372 1429 1433 undique
1446 1372 1686 1419 advolasset
1703 1386 1832 1433 atque
1847 1372 2017 1419 intenta

204 1457 487 1504 exspectaret,
503 1460 620 1503 pavo
638 1456 828 1489 erectam
845 1441 1042 1498 caudam,
1060 1459 1191 1502 quam
1207 1455 1307 1502 post
1325 1459 1367 1488 se
1384 1440 1630 1501 longiorem
1651 1455 1693 1487 et
1709 1439 2015 1488 corradentem

205 1511 392 1559 humum
412 1512 458 1557 in
477 1510 670 1558 fasciculi
686 1510 872 1557 modum
891 1509 1105 1565 trahebat,
1123 1510 1168 1555 in
1184 1527 1341 1570 gyrum
1362 1508 1605 1570 explicavit.
1623 1507 1920 1557 Dimidiatum
1940 1508 2017 1555 cir-

204 1579 353 1627 culum
372 1597 543 1640 pennae
563 1597 587 1626 a
604 1578 805 1625 clunibus
826 1578 947 1638 quasi
967 1578 1019 1624 ab
1038 1595 1114 1624 axe
1134 1577 1370 1624 intervallis
1388 1577 1615 1624 distinctae
1632 1576 1808 1637 paribus
1829 1575 1884 1623 ad
1899 1575 2013 1623 orbi-

203 1662 295 1695 tam
327 1665 464 1707 usque
497 1642 772 1707 productae³⁸
809 1645 1117 1692 conficiebant.
1151 1645 1346 1692 Varietas
1379 1645 1423 1690 in
1458 1662 1506 1691 ea
1536 1643 1738 1691 colorum
1773 1658 1815 1690 et
1848 1643 2013 1690 florum

204 1716 312 1763 certi
340 1714 530 1771 ordines,
561 1715 637 1775 qui
665 1714 786 1775 quasi
815 1713 930 1761 oculi
961 1712 1301 1774 resplenderent,
1330 1712 1611 1760 admirationi
1639 1726 1774 1759 erant.
1804 1714 1928 1759 Dum
1958 1711 2017 1758 ita

204 1783 447 1831 multitudo
466 1782 641 1844 stupida
659 1796 873 1843 spectaret
894 1796 935 1829 et
953 1781 1131 1829 beatum
1151 1796 1218 1828 tot
1238 1781 1456 1842 tantisque
1476 1780 1638 1828 divitiis
1654 1798 1875 1841 pavonem
1895 1797 2015 1841 prae·

204 1852 382 1908 dicaret,
402 1851 614 1912 fringillae
635 1865 676 1898 et
696 1850 929 1907 cardueles,
949 1850 1153 1897 lusciniae
1175 1851 1281 1897 item
1300 1867 1348 1897 ac
1367 1849 1572 1906 merulae,
1593 1863 1722 1910 atque
1742 1848 1868 1895 huius
1890 1847 2014 1895 modi

204 1938 354 1968 earum
382 1938 492 1981 quae
520 1934 651 1967 cantu
681 1919 815 1980 magis
842 1918 988 1966 valent
1015 1936 1161 1979 genus:
1195 1921 1270 1965 ‘At
1298 1936 1378 1965 nos
1406 1918 1497 1965 sine
1526 1913 1763 1973 arbitris,’³9
1794 1916 2013 1973 dixerunt,

205 1990 352 2037 ‘etiam
376 1990 421 2035 in
444 1988 636 2036 tenebris
658 1988 957 2035 oblectamus.'

968 2129 1029 2171 16.
1055 2124 1263 2171 Iactantia

203 2228 277 2275 Ad
290 2245 522 2288 proceram
541 2245 753 2274 annosam
772 2244 982 2287 quercum
1000 2226 1216 2287 primores
1235 2239 1532 2273 convenerant
1550 2224 1740 2272 ferarum
1758 2238 1800 2272 et
1816 2225 2013 2271 cicurum

203 2295 258 2343 ad
279 2296 397 2343 diem
420 2295 596 2342 dictam.
622 2294 975 2355 Quadrupedum
1002 2294 1046 2340 hi
1068 2312 1271 2354 proceres
1292 2293 1469 2341 fuerunt
1493 2308 1583 2340 tam
1608 2311 1756 2340 earum
1780 2310 1889 2353 quae
1911 2310 2014 2339 curn

204 2364 386 2410 homine
413 2363 681 2418 familiarius,
709 2380 840 2423 quam
865 2380 973 2422 quae
995 2380 1074 2422 per
1095 2361 1220 2408 silvas
1245 2362 1358 2422 ipsae
1381 2361 1462 2408 sibi
1487 2360 1673 2408 naturali
1696 2359 1908 2407 industria
1930 2360 2015 2406 vic-

203 2446 300 2479 tum
328 2432 575 2491 quaeritant
602 2445 731 2491 atque
758 2430 977 2477 abstinent
1004 2447 1027 2476 a
1052 2430 1271 2489 sanguine.
1303 2433 1423 2476 Inter
1447 2446 1520 2476 eos
1547 2446 1682 2489 equus
1709 2428 1884 2488 gravior
1909 2441 2017 2474 tunc

204 2499 384 2560 quidem
405 2499 543 2555 annis,
566 2513 761 2545 ceterum
783 2499 858 2559 qui
878 2497 1057 2545 florenti
1077 2498 1122 2543 in
1145 2498 1321 2544 iuventa
1341 2496 1499 2544 multas
1520 2495 1725 2543 bellando
1746 2510 1788 2543 et
1808 2495 1941 2542 claras
1961 2494 2014 2542 de

204 2567 330 2615 hoste
351 2567 558 2614 victorias
578 2584 703 2627 saepe
725 2564 998 2622 rettulerat,⁴0
1021 2566 1081 2613 sic
1101 2565 1214 2613 fatus
1236 2565 1406 2612 dicitur:
1432 2568 1608 2625 ‘Magna
1625 2563 1830 2625 profecto
1851 2562 2014 2611 desidia

204 2650 354 2683 nostra
377 2650 454 2692 est,
478 2634 818 2682 commilitones.
847 2633 1136 2681 Multitudine
1159 2648 1274 2681 certe
1297 2648 1338 2680 et
1359 2633 1523 2680 viribus
1547 2632 1675 2693 longe
1698 2631 2011 2693 praevalemus.

202 2705 245 2751 Si
271 2703 360 2751 dux
387 2703 525 2751 modo
553 2718 681 2764 atque
707 2703 842 2750 animi
870 2702 1102 2758 adfuerint,
1128 2716 1176 2749 ut
1203 2700 1489 2762 intellegant41
1519 2701 1664 2748 hostes
1691 2718 1784 2748 rem
1810 2700 1892 2747 sibi
1919 2717 2012 2747 non

204 2772 399 2819 futuram
422 2789 523 2819 cum
545 2771 745 2827 mortuis,
770 2770 912 2818 multo
933 2788 1064 2831 quarn
1085 2770 1192 2817 olim
1214 2769 1367 2817 melius
1389 2769 1516 2816 rebus
1536 2769 1695 2816 nostris
1715 2767 2006 2815 consulemus.

203 2840 336 2887 Unde
359 2858 520 2900 quaeso
540 2854 662 2886 tanta
681 2840 850 2899 ignavia
870 2841 953 2886 est?
972 2838 1104 2886 Unde
1125 2839 1236 2885 tanti
1254 2840 1416 2885 metus?
1437 2836 1688 2897 Vulpeculis
1710 2837 1856 2892 etiarn,
1875 2836 1911 2883 si
1931 2835 2012 2883 diis

202 2908 360 2968 placet,
386 2909 575 2968 turpiter
598 2906 782 2968 praedae
807 2924 967 2954 sumus.
997 2907 1040 2953 Si
1064 2924 1143 2953 vos
1169 2906 1251 2952 viri
1277 2906 1408 2961 eritis,
1435 2904 1544 2951 mihi
1571 2904 1747 2960 credite,
1773 2904 1848 2964 qui
1874 2902 2012 2950 modo

181 3035 184 3039 Δ
202 2991 444 3037 pascuntur
464 2976 624 3022 nostris
643 2974 879 3022 visceribus
901 2989 942 3021 et
963 2988 1174 3034 exsugunt
1195 2973 1411 3021 crudelius
1431 2973 1699 3033 sanguinem,
1723 2986 1892 3019 mutata
1909 2988 2011 3018 con-

205 3044 394 3099 dicione,
421 3062 501 3090 nos
525 3043 823 3090 verebuntur.'
849 3042 1069 3089 Nondum
1095 3056 1242 3089 autem
1266 3041 1438 3088 dicendi
1462 3040 1598 3087 finem
1625 3040 1798 3095 fecerat,
1820 3057 1921 3086 curn
1946 3057 2015 3099 ap-

203 3111 378 3172 plausus
399 3126 499 3157 toto
517 3125 579 3157 est
596 3125 749 3157 senatu
766 3110 1003 3156 vehemens
1023 3110 1233 3156 excitatus
1249 3123 1377 3169 atque
1395 3109 1440 3154 in
1460 3109 1560 3168 equi
1578 3125 1731 3154 omnes
1749 3107 2012 3154 sententiam

205 3178 364 3226 alacres
381 3178 631 3234 veniebant,
653 3195 754 3224 cum
776 3195 873 3224 ecce
894 3177 1009 3224 aselli
1029 3176 1118 3223 duo
1141 3178 1296 3236 (mater
1314 3194 1413 3223 cum
1433 3175 1556 3236 pullo
1578 3175 1682 3234 erat)
1704 3174 1857 3221 larvati
1875 3174 2013 3234 inspe-
