2124 3458
101 180 1904 241 Με-,ῲ-*ᾑ--ᾼΟΣ

102 329 423 377 divinationem
451 345 560 388 quae
589 345 641 374 ex
668 344 778 387 aqua
805 326 856 373 fit
884 327 1097 386 originem
1131 325 1326 372 habuisse
1355 331 1567 372 testatur!
1595 328 1715 371 Nam
1744 324 1797 371 ab
1826 324 1906 371 ele-

103 397 263 444 mentis
280 413 456 457 quoque
474 412 620 442 rerum
638 394 901 442 naturalium
918 408 1047 454 atque
1063 411 1086 440 a
1101 392 1394 449 cadaveribus,
1409 392 1462 439 ab
1479 391 1651 439 alitibus
1667 409 1903 452 earumque

102 461 420 519 volatilibus,¹²o
466 480 575 523 quae
616 463 792 522 auguria
834 462 972 508 nostri
1012 478 1238 516 vocavere,
1279 460 1597 507 divinationem
1638 460 1902 520 petiverunt.

101 535 271 579 Decem
285 535 428 578 Varro
445 529 627 590 Sibyllas
645 543 886 585 enumerat,
903 546 1007 590 quas
1022 530 1206 585 Θεοβού
1215 530 1307 584 λας
1325 527 1544 588 appellant
1562 526 1733 574 Aeolici
1750 545 1906 587 genere

101 600 328 648 sermonis.
356 598 600 646 Cassandra
622 598 727 645 item
749 611 791 644 et
813 596 998 657 Chryse,
1024 596 1203 644 Iunonis
1226 596 1426 656 virgines,
1451 595 1649 642 divinant
1673 594 1789 656 apud
1810 599 1903 642 Ho-

102 684 288 715 merum.
315 667 506 713 Romani
529 666 603 712 vix
624 666 858 726 quicquam
879 664 1044 725 publici
1070 665 1340 724 inauspicato
1362 663 1732 724 aggrediebantur.
1758 666 1906 723 Atque

103 735 204 782 inde
228 734 335 796 quid
358 748 466 782 esset
490 748 751 781 eventurum
775 732 1083 794 praedicebant
1106 731 1181 788 illi,
1206 749 1317 793 quos
1339 731 1556 779 vocabant
1581 749 1772 792 augures.
1798 731 1906 778 Dies

102 821 183 850 nos
199 802 388 858 deficiat,
403 803 438 849 si
454 816 611 849 cuncta
625 801 907 848 divinationis
923 815 964 848 et
977 800 1310 861 prophetiarum
1328 817 1486 860 genera
1498 799 1749 860 singillatim
1766 817 1906 860 perse·

102 888 301 932 quamur.
326 869 399 917 Ad
418 869 656 930 prophetas
678 883 851 916 tantum
873 868 1181 916 Hebraeorum
1204 882 1464 928 nostrosque
1488 882 1720 915 revocetur
1740 868 1896 914 oratio.

185 941 308 985 Deus
327 955 501 998 semper
522 937 765 984 humanum
788 954 922 997 genus
942 936 1159 984 adamavit
1179 937 1374 996 iuvitque
1395 935 1674 983 inenarrabili
1696 950 1825 996 atque
1845 936 1906 981 in-

102 1005 489 1067 comprehensibili
530 1004 763 1052 clementia
797 1002 1021 1052 divinae¹²¹
1063 1005 1297 1052 maiestatis
1332 1001 1484 1052 suae¹²2
1526 1003 1636 1051 adeo
1672 1018 1721 1051 ut
1760 1002 1903 1051 filium

101 1075 234 1122 etiam
258 1092 387 1122 suum
415 1074 550 1121 morti
575 1073 802 1121 tradiderit
824 1073 1274 1134 ignominiosissimae,
1304 1087 1352 1120 ut
1378 1073 1437 1120 ita
1459 1090 1540 1120 nos
1565 1090 1589 1120 a
1612 1086 1770 1128 morte,
1797 1090 1906 1133 quae

99 1161 180 1203 per
197 1142 343 1190 Adam
362 1143 590 1202 irrepserat
609 1143 655 1188 in
675 1141 890 1197 homines,
909 1141 1124 1188 liberaret.
1145 1145 1293 1202 Atque
1311 1155 1359 1188 ut
1378 1140 1598 1201 fragilitati
1616 1140 1907 1201 opitularetur

102 1225 290 1266 nostrae,
319 1209 374 1257 ad
396 1209 695 1270 praecavenda
719 1209 866 1256 futura
890 1209 1003 1256 mala
1030 1208 1356 1269 infortuniaque
1385 1208 1619 1255 devitanda
1640 1209 1905 1269 praesensio-

101 1276 256 1325 nem¹²³
288 1277 508 1338 quandam
537 1277 757 1324 mentibus
788 1295 934 1324 rerum
962 1276 1208 1324 futurarum
1238 1274 1487 1333 immisit,¹²⁴
1516 1291 1565 1323 ut
1590 1294 1671 1337 per
1694 1277 1798 1332 visa,
1827 1294 1907 1337 per

99 1346 285 1401 somnia,
309 1363 390 1406 per
412 1363 492 1392 nos
516 1346 596 1406 ipsi
620 1344 784 1406 aliquid
804 1344 1149 1406 provideremus,
1175 1344 1388 1405 quaedam
1412 1342 1612 1392 autem¹²⁵
1637 1362 1746 1405 quae
1770 1345 1904 1405 magis

100 1413 286 1461 obscura
321 1411 522 1460 forent¹²⁶
558 1412 715 1473 delegit
747 1430 828 1474 per
859 1430 969 1474 quos
1005 1430 1054 1460 ea
1085 1412 1360 1473 significaret.
1396 1417 1494 1460 Hos
1529 1412 1748 1474 appellant
1783 1412 1902 1460 Heb-

101 1479 242 1528 raei¹²⁷
266 1482 441 1537 merito,
464 1495 513 1528 ut
535 1498 665 1541 supra
688 1480 855 1528 dictum
880 1495 956 1537 est,
979 1480 1190 1537 videntes,
1213 1499 1404 1542 quorum
1427 1499 1508 1542 per
1529 1482 1680 1528 omnia
1702 1495 1906 1542 tempora

100 1548 217 1610 apud
233 1566 308 1596 eos
325 1549 549 1609 virtusque
569 1563 611 1596 et
628 1566 835 1596 numerus
855 1566 986 1610 quam
1004 1550 1180 1609 insignis
1200 1548 1296 1596 fuit.
1314 1552 1397 1596 Per
1413 1550 1517 1596 istos
1533 1549 1751 1610 populum
1771 1567 1900 1596 suum

100 1616 153 1664 de
195 1620 403 1677 Aegypto
448 1616 612 1673 eduxit,
655 1614 836 1677 atque¹²⁸
882 1635 906 1664 a
948 1616 1188 1673 Pharaone,
1232 1616 1532 1664 crudelissimo
1576 1618 1901 1678 Aegyptiorum

100 1682 266 1745 rege,¹²⁹
293 1685 470 1745 eiusque
499 1685 694 1745 nequitia
718 1699 760 1732 et
784 1686 1088 1745 persecutione
1113 1685 1326 1732 liberavit.
1355 1688 1437 1732 Per
1461 1686 1565 1732 istos
1593 1700 1635 1732 et
1660 1686 1705 1731 in
1734 1685 1908 1733 deserto

100 1751 258 1800 deinde
283 1753 486 1809 servavit,
514 1767 556 1799 et
583 1751 638 1800 ad
662 1752 870 1800 ultimum
899 1750 1089 1814 usque¹³⁰
1117 1753 1346 1814 prophetis
1374 1751 1597 1814 semper¹³¹
1629 1753 1903 1801 admonenti-

99 1820 193 1877 bus,
227 1818 359 1881 ipsi¹³²
390 1820 634 1881 profligatis
667 1819 919 1868 hostibus¹³³
949 1822 1183 1882 promissas
1215 1836 1350 1869 terras
1379 1836 1420 1869 et
1450 1839 1580 1882 regna
1609 1821 1780 1869 devicta
1805 1840 1902 1883 pos-

98 1888 308 1936 sederunt.
328 1893 438 1935 Non
456 1889 786 1936 memoraverim
806 1888 889 1936 hoc
906 1890 950 1935 in
967 1889 1066 1936 loco
1083 1894 1284 1950 Moysem
1304 1904 1375 1937 aut
1393 1891 1481 1937 eius
1496 1908 1778 1937 successorem
1798 1894 1919 1937 Iosue

100 1955 252 2012 filium,
272 1954 447 2012 Nun,¹³⁴
474 1971 546 2003 aut
568 1956 716 2003 Iudam
740 1957 925 2017 aliosque
947 1957 1201 2018 complures,
1223 1975 1411 2018 quorum
1436 1959 1615 2005 nomina
1635 1972 1675 2005 et
1699 1976 1762 2005 res
1783 1973 1918 2018 gestae

99 2038 140 2071 et
169 2023 421 2085 prophetiae
452 2023 682 2072 nobiliores
711 2039 821 2072 sunt.
851 2026 1119 2086 Septuaginta
1150 2023 1314 2073 certe¹³⁵
1346 2027 1530 2073 seniores
1557 2041 1724 2087 praeter
1753 2026 1908 2074 Hellad

98 2091 355 2152 Medadque,
393 2093 467 2152 qui
505 2093 549 2138 in
588 2093 739 2148 castris,
778 2111 877 2140 cum
917 2091 1021 2139 illi¹³⁶
1063 2111 1087 2140 a
1122 2098 1278 2154 Moyse
1316 2109 1666 2150 convocarentur,
1706 2112 1911 2142 remanse-

99 2157 259 2215 rant,¹³⁷
284 2177 437 2206 omnes
456 2159 766 2220 prophetarum
789 2160 915 2208 simul
939 2176 1189 2221 acceperunt
1211 2162 1420 2222 spiritum.
1444 2166 1492 2208 In
1514 2162 1725 2209 Ramatha
1746 2180 1920 2223 quoque

99 2227 210 2274 inter
225 2227 428 2274 Samuelis
448 2227 675 2288 discipulos
693 2246 838 2275 nonne
858 2243 898 2276 et
918 2229 1030 2276 tertii
1047 2229 1177 2276 Saulis
1195 2230 1334 2277 nuntii
1354 2248 1454 2277 cum
1474 2230 1567 2291 ipso
1586 2230 1758 2278 tandem
1779 2230 1913 2287 Saule,

99 2295 173 2355 qui
193 2294 244 2342 de
264 2312 306 2342 se
327 2313 501 2355 quoque
522 2294 664 2342 fecit¹³⁸
687 2296 966 2356 proverbium
986 2297 1371 2358 prophetaveruntz
1392 2300 1409 2344 ?

182 2362 266 2409 Sed
292 2362 398 2409 haec
421 2362 600 2423 quidem
625 2364 865 2411 vetustiora
888 2364 1027 2411 videri
1050 2379 1260 2425 poterunt
1288 2364 1468 2412 fortasse
1494 2383 1542 2413 ac
1566 2366 1711 2413 minus
1739 2381 1900 2413 nostra.

98 2433 264 2476 Verum
293 2428 498 2477 nonne¹³⁹
527 2445 569 2477 et
594 2431 770 2491 Agabus
799 2431 1282 2489 Hierosolimitanus‚¹⁴0
1312 2447 1360 2480 ut
1388 2448 1450 2480 est
1477 2434 1522 2479 in
1549 2433 1699 2481 libello
1725 2433 1778 2481 de
1804 2435 1904 2482 acti-

98 2497 178 2544 bus
209 2497 531 2558 Apostolorum
564 2499 829 2559 scriptum,“
859 2498 1020 2547 famem
1051 2499 1168 2547 illam
1200 2500 1525 2548 durissimam¹⁴¹
1561 2503 1901 2562 praenuntiavit,

99 2582 208 2625 quae
230 2565 310 2612 sub
336 2564 579 2613 Claudio¹⁴²
605 2567 857 2614 universum
885 2567 974 2615 fere
996 2567 1152 2615 afflixit
1176 2568 1329 2616 orbem
1356 2571 1372 2616 ?
1397 2572 1626 2628 Quattuor
1649 2571 1780 2617 etiam
1805 2570 1901 2617 Phi-

98 2632 206 2693 lippi
231 2632 345 2680 filiae
364 2633 754 2694 prophetaverunt.
779 2635 1037 2683 Benedictus
1059 2654 1234 2697 quoque
1256 2636 1373 2684 Abas
1395 2637 1588 2684 Totilam
1611 2638 1756 2685 Italiae
1777 2638 1903 2686 insul-

98 2714 267 2747 tantem
293 2700 442 2748 divina
466 2703 820 2761 praemonitione
850 2702 1126 2750 deterruit.¹⁴³
1157 2706 1380 2751 Antonius
1409 2706 1641 2752 Arrianam
1670 2724 1901 2766 praemon-

97 2769 249 2815 stravit
290 2768 515 2825 haeresim,
555 2768 656 2816 ut¹⁴⁴
699 2770 939 2818 Iohannem
981 2772 1066 2818 iarn
1106 2770 1425 2832 Petrumque¹⁴⁵
1465 2772 1613 2820 sileam
1656 2773 1902 2830 heremitas,

99 2834 343 2895 quorum¹⁴⁶
372 2854 473 2883 cum
498 2836 767 2893 Theodosio,
794 2856 894 2885 cum
921 2838 1164 2886 Gotofrido
1190 2839 1298 2886 alter
1321 2839 1405 2886 hoc
1428 2840 1724 2900 prophetandi
1750 2841 1902 2888 divino

178 3071 194 3094 y
212 3067 270 3105 Cf.
291 3067 423 3106 Isidore
441 3068 483 3106 of
497 3068 634 3113 Seville,
650 3073 765 3117 Etym.
783 3073 906 3108 8.9.13.

179 3127 193 3144 ²
212 3128 455 3219 lASam.l9:24:
477 3127 585 3165 ‘unde
602 3139 637 3165 et
654 3128 763 3166 exivit
779 3129 1023 3177 proverbium:
1042 3143 1131 3167 num
1148 3142 1183 3167 et
1200 3129 1280 3167 Saul
1298 3131 1392 3167 inter
1406 3130 1599 3179 prophetas
1618 3133 1645 3168 ?’

179 3187 205 3201 ²²
258 3186 419 3221 ct.11:28.
