2118 3444
231 161 324 201 216
1818 168 1955 202 PART
1980 169 2035 202 111

231 306 451 352 bonarum
478 306 639 352 artium
661 304 814 351 studiis
838 319 879 351 et
902 304 1075 351 dicendi
1099 319 1227 365 atque
1250 305 1484 365 eloquendi
1507 306 1633 381 copia
1658 307 1791 366 magis
1815 306 2041 363 excellent,

232 374 307 433 qui
326 372 536 433 permulti
556 372 742 428 adstant,
760 390 950 432 quorum
973 390 1053 432 ego
1072 373 1378 419 auctoritatem
1395 373 1440 419 in
1461 374 1569 429 otio,
1590 374 1635 419 in
1655 374 1847 433 negotio,
1868 375 1914 420 in
1930 374 2038 435 pub-

230 441 323 488 licis
349 458 525 501 quoque
549 455 591 487 et
612 438 811 500 privatis⁷
833 439 1023 487 consiliis
1049 440 1278 487 observare
1298 440 1426 501 plane
1450 455 1578 501 atque
1601 441 1805 489 admirari
1825 441 1961 498 soleo,
1987 441 2042 490 ad

232 527 302 556 me
333 508 464 555 hodie
494 507 762 555 audiendum
793 509 1096 564 convenerint,
1127 523 1255 568 atque
1283 526 1334 555 ex
1364 508 1448 555 hoc
1478 509 1747 569 amplissimo
1778 509 1893 566 loco,
1922 509 2039 557 unde

232 576 340 623 nihil
367 594 564 637 unquam
593 577 674 623 nisi
702 575 960 636 expolitum,
989 594 1131 636 grave,
1156 591 1355 623 sanctum
1381 576 1601 637 proficisci
1629 578 1918 634 consueverit,
1946 595 2039 625 non

229 663 409 706 possum
434 662 526 691 non
544 643 786 691 desiderare
802 643 930 691 aliam
946 659 1111 691 sortem
1131 659 1172 691 et
1187 643 1438 691 liberiorem
1456 644 1645 706 aliquam
1661 646 1775 693 vitae
1791 663 1911 693 meae
1929 645 2039 693 mihi

231 713 467 774 deposcere
487 710 826 759 conditionem.⁸
847 717 958 759 Non
978 713 1096 759 enim
1119 713 1152 759 is
1171 731 1267 759 sum
1288 714 1357 760 cui
1376 712 1577 760 reluctari
1597 714 1784 774 imperio
1805 715 2039 762 conveniat

231 782 388 841 cuique
416 780 542 827 liceat
569 779 792 841 cuiquam⁹
823 781 1095 840 magistratus
1125 780 1245 827 dicto
1273 799 1364 828 non
1392 799 1479 828 esse
1506 782 1653 828 statim
1681 781 1945 829 audientem.
1974 786 2039 830 Ut

231 849 458 909 intelligat,
480 849 514 895 si
540 848 654 895 forte
678 849 908 909 quisquam
932 849 977 894 in
1003 848 1087 895 hoc
1111 848 1396 896 celeberrimo
1420 863 1549 910 atque
1570 850 1850 897 ornatissimo
1875 849 2042 898 audito-

231 935 330 964 rum
354 931 453 964 cetu
475 917 679 964 inventus
703 915 832 963 fuerit
854 917 928 977 qui
949 935 1023 964 seu
1045 916 1182 964 livore
1206 916 1392 964 invidiae
1416 917 1597 964 honoris
1621 917 1746 965 huius
1769 936 1843 965 seu
1866 917 2040 966 maledi-

230 985 359 1032 cendi
387 985 535 1032 studio
566 985 691 1032 aliter
716 983 987 1045 putaverit‚¹0
1018 1003 1109 1032 non
1140 985 1258 1032 ultro
1288 986 1519 1046 suscepisse
1553 1003 1622 1033 me
1653 985 1697 1033 id
1727 987 1933 1043 muneris,
1964 986 2041 1034 sed

230 1053 542 1101 demandatam
557 1053 666 1099 mihi
683 1071 706 1100 a
720 1054 972 1113 magistratu
986 1054 1261 1114 provinciam
1277 1053 1540 1101 laboriosam
1558 1054 1658 1101 licet
1671 1054 1912 1102 admodum
1927 1055 2037 1116 peri-

230 1122 513 1182 culosamque
544 1122 707 1168 iussum
740 1122 961 1182 recepisse.
992 1121 1075 1168 Sed
1102 1139 1181 1168 vos
1210 1136 1325 1168 certe
1350 1123 1454 1178 scio,
1485 1136 1532 1169 ut
1560 1122 1721 1178 soletis,
1750 1122 1957 1170 omnibus
1988 1122 2041 1170 de

230 1190 359 1237 rebus
380 1190 617 1236 rectissime
638 1189 895 1236 iudicabitis.
919 1194 1011 1250 Ipse
1031 1207 1123 1236 rem
1143 1189 1375 1250 aggrediar,
1396 1204 1524 1250 atque
1543 1208 1596 1237 eo
1616 1190 1794 1251 quidem
1814 1190 1969 1238 ordine
1987 1205 2036 1239 ut

230 1258 283 1305 de
309 1257 580 1304 deliberandi
603 1258 723 1318 prius
751 1257 993 1304 rationibus
1020 1257 1162 1318 aliqua
1186 1276 1209 1305 a
1233 1276 1302 1305 me
1328 1258 1579 1305 brevissime
1605 1258 1808 1306 dicantur
1830 1277 1962 1319 quarn
1987 1258 2041 1306 ad

230 1326 417 1386 reliquas
439 1326 651 1372 orationis
675 1340 848 1418 nostlrae
869 1340 1013 1386 partes
1035 1325 1358 1373 descendamus.

316 1393 534 1441 Conditio
553 1394 693 1454 gravis
711 1392 789 1441 estl
797 1392 1030 1455 lprofecto
1048 1408 1089 1441 et
1105 1393 1234 1455 plena
1251 1393 1512 1442 discriminis
1533 1395 1668 1442 totius
1687 1394 1846 1451 Italiae,
1862 1379 2039 1442 Floren-

229 1463 326 1519 tini,
350 1480 458 1523 quae
479 1461 572 1510 fato
593 1462 787 1523 quodam
806 1480 900 1519 suo,
923 1477 970 1509 ut
992 1462 1101 1509 mihi
1121 1462 1259 1510 videri
1278 1462 1402 1519 solet,
1423 1464 1569 1524 quieta
1586 1481 1673 1510 esse
1693 1481 1889 1524 unquam
1910 1461 2037 1511 non¹²

230 1531 445 1578 didicerit.
473 1531 515 1578 Si
543 1530 651 1578 desit
679 1530 784 1577 foris
813 1501 1020 1578 barbarus
1048 1545 1251 1578 externus
1278 1531 1426 1587 hostis,
1457 1546 1671 1592 quaerunt
1697 1531 1833 1579 domi.
1863 1535 1931 1579 Ac
1955 1531 2038 1579 fuit

230 1599 457 1660 quondam
488 1613 676 1659 tempus,
708 1617 809 1645 cum
839 1599 883 1645 in
914 1598 1077 1655 Africa,
1106 1600 1151 1645 in
1180 1600 1406 1660 Hispania,
1438 1600 1483 1645 in
1513 1599 1669 1656 Gallia,
1698 1600 1743 1646 in
1772 1600 1971 1656 Graecia,
1997 1600 2044 1646 in

229 1668 348 1724 Asia,
377 1667 430 1715 ad
455 1669 651 1714 Taurum
680 1668 812 1715 etiam
840 1682 881 1715 et
908 1671 1154 1715 Caucasum
1181 1685 1301 1715 arma
1327 1682 1476 1715 nostra
1502 1668 1871 1729 conspicerentur.
1900 1672 2038 1715 Nunc

228 1751 346 1783 sorte
366 1735 479 1783 mala
496 1735 656 1792 Italiae,
676 1735 797 1797 quod
814 1737 905 1783 sine
925 1735 1113 1783 lacrimis
1130 1737 1204 1783 vix
1219 1754 1398 1797 possum
1420 1754 1784 1793 commemorare,
1806 1737 1936 1784 nimis
1956 1736 2041 1784 heu

230 1805 275 1850 in
299 1805 571 1851 contrarium
597 1822 662 1851 res
684 1805 815 1851 vertit
837 1803 1028 1860 fortuna,
1053 1819 1181 1865 atque
1202 1819 1274 1852 aut
1299 1823 1379 1852 nos
1402 1805 1516 1852 inter
1536 1822 1617 1852 nos
1639 1806 1734 1865 quis
1754 1805 2035 1865 potissimum

230 1873 416 1933 imperet
437 1872 776 1919 obstinatissime
798 1872 1083 1929 decertamus;
1103 1887 1190 1929 aut,
1210 1872 1331 1933 quod
1351 1872 1494 1920 multo
1512 1887 1574 1920 est
1594 1872 1892 1930 miserabilius,
1916 1891 2040 1934 expe-

230 1941 305 1987 riri
338 1941 451 1987 vires
486 1941 530 1986 in
565 1940 661 1987 solo
695 1941 853 2001 patrio,
891 1942 935 1987 in
971 1939 1138 1988 Italici¹³
1174 1940 1279 1988 caeli
1312 1942 1576 1988 amoenitate
1609 1955 1764 1988 contra
1797 1939 2037 1988 externos¹⁴

230 2010 420 2069 impetus
444 2009 691 2069 iniurasque
716 2008 1036 2085 compellimur.

314 2077 572 2124 Debuerant
593 2095 700 2123 vero
721 2078 821 2124 satis
841 2095 1056 2137 superque
1077 2078 1310 2138 praeterita
1331 2095 1410 2124 nos
1431 2092 1646 2124 transacta
1666 2077 1778 2124 mala
1799 2078 2033 2125 monuisse

227 2149 349 2192 Nam
374 2163 475 2191 cum
497 2146 618 2192 venit
641 2144 935 2192 Gothorum
925 2163 970 2191 in
993 2160 1188 2192 mentem
1211 2160 1339 2221 atque
1359 2145 1522 2192 Attilae
1544 2146 1632 2206 qui,
1655 2143 1817 2192 Bleda15
1838 2146 2035 2206 primum

229 2213 353 2260 domi
383 2212 619 2260 interfecto
647 2212 830 2269 fratre,
820 2231 865 2259 in
895 2214 1073 2260 Hunnis
1104 2214 1297 2273 regnavit
1324 2213 1441 2260 solus
1471 2231 1519 2261 ac
1544 2228 1644 2274 post
1673 2213 1851 2261 Gothos
1880 2212 2038 2261 afflixit

229 2280 485 2328 miserandis
502 2281 695 2328 cladibus
712 2281 894 2337 Italiam3
911 2299 1011 2328 cum
1028 2282 1148 2328 venit
1163 2281 1463 2328 Vandalorum
1482 2296 1523 2328 et
1538 2282 1799 2328 Gensericae
1813 2281 2039 2329 crudelita-

228 2350 296 2405 tis,
329 2347 466 2396 cum¹⁶
499 2349 841 2409 Toralingorum
876 2349 1236 2410 Herulorumque
1269 2350 1494 2410 temporis,
1527 2364 1568 2396 et
1599 2349 1817 2396 Odoacris
1848 2350 2038 2410 rapinae,

228 2435 330 2464 cum
348 2417 618 2464 Theodorici
635 2418 909 2478 turpissimae
927 2417 1206 2478 proditionis,
1226 2435 1311 2478 qua
1327 2435 1471 2465 rursus
1490 2417 1652 2465 Gothis
1669 2417 1923 2465 vastandam
1940 2416 2039 2465 diri-

226 2485 523 2546 piendamque
545 2485 725 2532 tradidit
747 2485 858 2533 hanc
876 2500 1052 2542 terram3
1074 2500 1115 2533 et
1135 2485 1389 2542 Athalarici,
1409 2485 1585 2542 Alarici,
1605 2485 1844 2542 Theodosi,
1865 2486 2034 2546 Vitigis,

228 2552 519 2609 Hildebabi,¹⁷
548 2555 725 2609 Erarici,
752 2554 923 2600 Totilae
950 2553 1143 2610 tandem,
1170 2572 1301 2614 quem
1327 2555 1459 2614 etiam
1485 2552 1577 2600 ob¹⁸
1606 2554 1844 2614 ingenitam
1869 2554 2037 2601 saeviti-

228 2639 298 2668 am
327 2636 456 2682 atque
485 2622 807 2668 immanitatem
835 2621 1055 2681 flagellum
1085 2622 1171 2668 Dei
1197 2622 1501 2668 vocitaverunt
1529 2621 1751 2677 recordor3
1780 2639 1828 2668 ac
1853 2620 2034 2668 demum

226 2707 357 2750 supra
388 2689 602 2736 ducentos
631 2707 769 2736 annos
801 2689 1195 2750 Longobardorum
1230 2690 1586 2750 impotentissimi
1620 2689 1884 2745 dominatus;
1918 2706 2034 2746 cum,

229 2758 424 2818 inquam,
443 2757 559 2804 subit
580 2758 795 2804 memoria
813 2758 1083 2818 tempestatis
1101 2757 1212 2804 illius
1233 2757 1430 2818 illiusque
1452 2757 1705 2804 miserabilis
1724 2756 2038 2817 deflendaeque

230 2826 378 2872 ruinae
403 2843 451 2872 ac
471 2840 539 2872 tot
563 2843 797 2881 annorum,
824 2840 891 2872 tot
914 2840 1167 2886 temporum
1194 2825 1462 2881 calamitatis,
1486 2824 1642 2885 quibus
1667 2824 1772 2872 haec
1791 2825 1932 2885 patria
1952 2824 2038 2872 vic-

228 2894 315 2940 trix
333 2893 559 2953 quondam
579 2894 781 2940 omniurn
803 2894 1000 2953 gentium
1019 2893 1306 2940 barbarorum
1327 2910 1531 2953 oppressa
1549 2892 1710 2948 furore,
1729 2906 1907 2948 vastata,
1924 2891 2037 2939 diru-

228 2976 285 3017 ta,
307 2961 598 3021 subversaque
623 2961 820 3008 funditus
845 2961 1087 3017 contabuit,
1112 2961 1258 3008 mirari
1281 2962 1380 3008 satis
1403 2978 1495 3008 non
1516 2978 1694 3021 possum
1720 2959 1836 3007 unde
1857 2961 1943 3007 sint
1967 2973 2036 3007 tot

228 3044 462 3089 tantaeque
481 3043 521 3076 et
539 3044 630 3076 tam
649 3029 823 3076 crebrae
842 3030 1092 3076 animorum
1114 3029 1379 3076 mutationes
1399 3046 1447 3076 ac
1463 3042 1588 3075 tanto
1606 3046 1706 3075 cum
1727 3045 1874 3075 rerum
1893 3027 2033 3075 omni-

228 3115 305 3144 um
327 3097 526 3158 periculo
549 3112 671 3144 tanta
691 3115 837 3143 rerum
861 3098 1063 3144 omniurn
1090 3097 1383 3144 inconstantia
1403 3111 1444 3143 et
1465 3096 1627 3143 levitas.

315 3168 442 3224 Quae
459 3164 638 3226 quidem
656 3183 721 3212 res
736 3164 860 3212 facile
874 3179 1017 3225 patres
1032 3164 1356 3212 admonuerunt
1374 3178 1422 3211 ut
1438 3182 1530 3211 non
1547 3163 1709 3211 diutius
1724 3163 1927 3224 imparati
1939 3163 2031 3210 sine
