2118 3444
222 153 314 194 204
1827 161 1964 195 PART
1989 162 2023 196 11

307 299 393 344 Die
427 297 584 344 deinde
617 297 769 353 altero,
801 315 902 344 cum
937 298 1041 344 novi
1074 299 1327 345 Decemviri
1360 299 1658 358 magistratum
1694 294 2027 357 iniissent....‚¹'

223 383 386 412 novem
416 383 468 412 ex
494 366 783 421 Decemviris,
812 365 1055 412 Bernardus
1082 366 1199 412 enim
1230 365 1527 413 Corbinellusg
1558 366 1722 426 collega
1748 367 2028 427 Reipublicae

223 451 349 481 causa
365 433 526 489 aberat,
544 451 645 480 cum
664 433 859 480 iniissent
879 434 1178 493 magistratum
1198 447 1239 480 et
1256 434 1300 480 in
1318 433 1497 481 solitum
1517 433 1784 482 auditorium
1804 435 2028 483 convenis·

221 516 317 549 sent
353 516 482 562 atque
517 501 828 548 intellexissent
863 501 983 562 quod
1017 502 1269 548 Decemviri
1303 516 1469 549 veteres
1501 501 1553 549 de
1587 503 1823 550 Laurentio
1855 502 2029 551 Medice

223 569 529 625 decrevissent,
547 570 627 629 ipsi
645 587 821 630 quoque
839 570 972 616 unitis
987 570 1213 616 sententiis
1229 569 1345 617 idem
1360 584 1618 617 statuerunt.
1635 574 1783 631 Atque
1800 571 2029 619 auctorita-

222 652 313 685 tem
337 655 520 684 omnem
545 655 668 684 suam
694 652 735 684 et
756 651 1020 698 potestatem
1045 637 1262 685 bellorum
1289 652 1330 685 et
1351 639 1481 699 pacis,
1506 639 1796 686 amicitiarum
1822 653 1864 686 et
1886 638 2030 687 foede-

222 724 335 762 rum,
363 723 495 766 quam
522 705 684 753 habent
709 723 732 752 a
754 705 924 766 populo
950 705 1208 753 Florentino
1234 707 1484 763 maximam,
1511 707 1556 752 in
1582 707 1866 754 Laurentium
1890 707 2030 755 Medi-

222 792 318 822 cem
341 773 672 830 transtulerunt,
695 788 742 821 ut
766 788 872 821 esset
894 792 995 821 cum
1018 792 1061 821 re
1083 792 1158 821 sua
1177 775 1346 835 privata
1366 775 1497 822 etiam
1519 775 1755 822 coniuncta
1772 775 1960 836 publica,
1982 790 2031 823 ut

220 860 395 903 semper
417 841 512 889 fuit.

306 910 463 958 Videat
503 928 606 970 ergo
645 911 902 957 Laurentius
940 910 1135 957 Medices
1167 910 1321 971 populi
1360 910 1603 958 Florentini
1642 905 1826 971 legatush
1862 911 1968 972 quid
2005 929 2027 959 e

222 979 445 1040 republica
459 979 526 1026 sit.
546 982 658 1039 Agat
675 997 776 1025 cum
793 978 1106 1039 gloriosissimo
1124 979 1321 1040 principe
1337 978 1629 1035 Ferdinando,
1647 983 1762 1040 Rege
1775 979 2028 1040 Neapolita-

222 1042 307 1103 no,i
338 1048 459 1094 cuius
489 1047 721 1093 innumera
749 1061 849 1093 sunt
880 1047 925 1092 in
956 1064 1047 1093 rem
1076 1061 1270 1094 nostram
1299 1046 1520 1107 publicam
1552 1048 1720 1103 merita,
1749 1047 1802 1094 de
1827 1065 1948 1108 pace,
1975 1047 2028 1095 de

221 1115 426 1170 amicitia,
445 1114 497 1161 de
514 1114 705 1170 foedere,
722 1114 861 1174 deque
877 1115 1001 1161 omni
1020 1132 1065 1161 re
1081 1114 1269 1175 publica,
1288 1129 1335 1161 ut
1352 1114 1585 1171 videbitur,
1603 1115 1895 1175 transigatque
1914 1116 2030 1176 quic-

221 1182 328 1243 quid
362 1183 600 1229 Laurentio
633 1181 799 1229 Medici
830 1183 972 1229 visum
1010 1181 1153 1229 fuerit.
1189 1182 1416 1243 Quicquid
1450 1200 1551 1230 cum
1585 1183 1860 1230 serenissimo
1896 1187 2027 1243 Rege,

220 1250 614 1297 beneficiosissimo
635 1265 758 1311 patre
774 1250 893 1297 urbis
915 1265 956 1297 et
972 1249 1127 1311 populi
1147 1251 1299 1307 nostri,
1321 1251 1453 1311 egerit
1471 1250 1523 1297 de
1540 1268 1660 1311 pace,
1678 1250 1730 1297 de
1749 1251 1953 1307 amicitia,
1972 1250 2025 1298 de

221 1318 412 1375 foedere,
448 1318 588 1379 deque
623 1319 748 1365 omni
786 1336 830 1365 re
863 1318 1038 1379 publica
1074 1333 1115 1365 et
1149 1319 1416 1379 transegerit,
1453 1319 1725 1379 magistratus
1759 1333 1801 1366 et
1833 1318 2024 1380 populus

219 1386 502 1434 Florentinus
524 1386 746 1447 probabit,
771 1385 1053 1433 confirmabit
1078 1401 1119 1433 et
1140 1387 1487 1434 constantissime
1511 1386 1772 1434 observabit.
1832 1418 1834 1421 -

304 1459 397 1516 Ego
417 1454 754 1502 Bartholomeus
772 1454 905 1511 Scala,
923 1454 1202 1502 cancellarius
1218 1454 1510 1512 Florentinus,
1532 1454 1636 1502 haec
1651 1456 1801 1502 omnia
1819 1456 1968 1516 rogavi
1987 1469 2029 1503 et

220 1523 427 1571 mandavi
448 1523 603 1570 litteris
627 1523 691 1570 his
715 1538 756 1570 et
777 1541 910 1570 manu
935 1529 1031 1570 mea
1050 1523 1293 1584 subscripsi.

299 2899 312 2921 ἕ
330 2894 511 2932 Bernardo
529 2894 567 2932 di
585 2897 779 2932 Tommaso
802 2893 1014 2931 Corbinelli.

299 2947 314 2972 ¹¹
332 2956 394 2990 See
411 2953 474 2990 the
492 2952 746 3001 introductory
765 2964 862 2990 note.

298 3005 305 3029 ³
327 3015 494 3049 Ferrante
513 3014 526 3048 I
545 3011 587 3049 of
603 3011 748 3059 Naples,
770 3010 855 3048 who
877 3010 1005 3059 helped
1023 3023 1062 3048 to
1083 3010 1217 3048 broker
1232 3010 1294 3048 the
1312 3024 1416 3059 peace
1435 3009 1505 3047 and
1524 3008 1624 3047 acted
1643 3023 1678 3047 as
1697 3008 1830 3046 arbiter
1845 3009 1885 3045 in
1902 3007 2023 3046 future

216 3063 490 3111 disagreements
511 3063 675 3100 between
693 3062 863 3100 Florence
881 3062 951 3100 and
967 3063 1079 3106 Siena,
1099 3065 1274 3106 Lorenzo,
1291 3065 1430 3106 Lettere,
1449 3064 1507 3105 IV,
1527 3064 1604 3105 384;
1624 3063 1826 3104 H.Butters,
1845 3062 2022 3098 ‘Lorenzo

218 3114 287 3204 }111d
292 3118 342 3204 CI?
346 3114 452 3204 33ιίἓῖ
457 3145 464 3159 ,
482 3118 636 3212 ἑὲἲὲνὲῗο
654 3114 680 3152 il
693 3114 878 3162 Magnifice
895 3128 913 3152 e
930 3114 956 3152 il
967 3128 1028 3151 suo
1047 3114 1187 3158 mondo,
1205 3113 1258 3151 ed.
1278 3112 1593 3161 G.C.Garfagnini,
1614 3112 1795 3155 Florence,
1816 3115 1914 3155 1994,
1935 3114 2022 3149 143-
