2118 3444
115 190 344 225 PRIVATE
371 189 598 223 LETTERS
1828 178 1913 219 163

114 329 313 389 Signoria
342 344 478 374 essere
507 326 701 373 ricaduta
726 325 807 372 alla
833 324 1126 372 sollicitudine
1155 323 1271 371 dello
1299 317 1524 384 Ippolito,b
1556 323 1593 370 el
1622 323 1747 383 quale
1774 322 1850 383 piu
1879 322 1923 370 di

115 396 199 444 due
223 396 326 443 anni
352 395 440 442 l'ha
463 409 617 441 tenuta
638 392 765 440 nelle¹
794 393 911 440 mani
934 410 1064 439 sanza
1088 391 1233 439 fructo
1255 392 1425 439 alcuno.
1454 395 1502 438 Io
1525 392 1568 437 vi
1590 391 1788 452 priegho,
1816 392 1922 438 Gio-

114 464 249 511 vanni
270 464 376 518 mio,
398 462 573 523 pigliate
593 461 633 508 la
652 479 755 508 cura
774 460 884 508 delle
904 461 989 507 mie
1010 478 1107 507 cose
1129 478 1214 507 con
1235 459 1275 507 la
1293 474 1501 506 consueta
1521 459 1744 519 diligentia
1764 473 1805 506 et
1822 477 1921 519 pru-

115 531 264 579 dentia
282 545 443 586 vostra,
463 545 504 576 et
525 547 611 576 con
632 529 775 590 quella
794 528 1029 575 affectione
1047 528 1126 575 che
1146 527 1281 575 solete
1302 545 1423 574 usare
1442 545 1521 587 per
1539 527 1577 573 le
1599 526 1804 573 faccende
1822 526 1923 573 delli

115 599 257 647 amici.
278 602 400 646 Sono
420 612 542 645 certo
560 597 639 644 che
658 615 701 644 se
722 614 775 644 ne
793 596 1005 657 parlerete
1022 613 1107 643 con
1128 595 1155 642 il
1175 594 1415 651 Pontefice,
1436 594 1463 641 il
1483 609 1702 642 troverete
1719 594 1923 642 immodo

115 667 314 728 disposto
337 667 512 713 inverso
533 665 577 713 di
598 683 682 722 me,
703 683 779 713 sua
801 664 965 712 humile
987 663 1166 720 factura,
1183 682 1263 725 per
1280 663 1321 711 la
1338 681 1414 711 sua
1434 662 1658 723 benignita
1679 678 1721 710 et
1739 662 1926 710 clemen-

115 737 188 792 tia,
208 735 288 783 che
306 735 487 795 agiunto
506 734 550 781 di
567 735 644 795 poi
662 733 707 781 lo
726 733 873 781 studio
891 747 1043 780 vostro
1063 747 1105 780 et
1121 732 1428 788 sollicitudine,
1450 732 1511 778 mi
1531 731 1759 779 renderete
1775 749 1926 792 agevo-

114 803 281 851 lissimo
312 802 411 863 quel
441 802 521 849 che
550 802 572 849 ὲ
599 817 760 862 paruto
791 801 876 848 mal
905 800 1095 861 agevole,
1125 815 1166 847 et
1195 799 1394 847 faretemi
1420 799 1638 860 explicato
1666 799 1814 860 quello
1843 799 1923 846 che

114 871 341 933 l'Ippolito
366 870 454 918 m'a
476 870 594 918 facto
615 869 974 931 implicatissimo.
1001 870 1056 916 Vi
1077 868 1261 930 priegho
1283 886 1363 929 per
1382 868 1422 915 la
1443 868 1634 915 amicitia
1656 882 1819 924 nostra,
1843 867 1923 914 che

114 940 283 987 duriate
308 957 388 1000 per
415 957 484 986 me
511 953 662 1000 questa
688 937 939 985 amorevole
967 937 1096 985 fatica
1121 952 1162 984 et
1189 938 1250 983 mi
1277 937 1513 984 riscriviate
1537 935 1924 997 particularmente

114 1007 263 1069 quello
284 1007 364 1055 che
384 1007 406 1054 ὲ
424 1008 608 1068 seguito‚
629 1021 671 1054 et
691 1006 801 1054 delle
819 1006 971 1053 lettere
988 1020 1030 1053 et
1048 1005 1165 1053 dello
1183 1005 1346 1052 effecto
1363 1004 1475 1052 della
1493 1022 1604 1052 cosa.
1625 1004 1745 1052 Vale.
1767 1009 1831 1050 Ex
1851 1007 1924 1051 Pa-

114 1077 221 1124 latio
242 1076 502 1123 Florentino
526 1075 594 1123 die
616 1076 706 1122 xvii
727 1074 823 1122 Iulii
846 1074 1171 1122 mcccclxxxvii.
1196 1073 1531 1121 Bartholomeus
1554 1072 1674 1121 Scala
1692 1077 1847 1134 Equesf

979 1217 1060 1257 202

490 1287 568 1326 TO
592 1288 896 1326 GIOVANNI
917 1287 1277 1325 LANFREDINI
1298 1288 1364 1325 IN
1386 1287 1553 1325 ROME

869 1356 920 1394 20
938 1353 1039 1405 July
1061 1356 1167 1394 1487

197 1446 267 1496 N³,
286 1448 353 1489 fol.
372 1451 455 1488 219.
475 1447 661 1500 Original.
682 1449 905 1500 Secretary’s
924 1447 1037 1488 hand.
1062 1450 1178 1488 Verso:
1198 1446 1416 1499 ‘Magnifico
1439 1447 1598 1487 Oratori
1614 1446 1838 1487 Florentino

198 1508 343 1545 Romae
369 1504 531 1545 Iohanni
556 1503 799 1552 Lanfredino,
825 1504 923 1556 patri
948 1517 984 1544 et
1010 1503 1241 1544 benefactori
1266 1505 1380 1543 meo.'
1405 1506 1512 1543 Note
1538 1502 1582 1543 of
1605 1503 1755 1555 receipt:
1783 1504 1840 1542 ‘23

197 1560 312 1613 luglio
339 1564 443 1608 1487,
463 1561 623 1613 risposta
642 1563 689 1600 26
707 1559 848 1612 luglio.’

112 1664 351 1725 Magnifice
372 1679 498 1725 pater
515 1679 557 1711 et
578 1664 835 1711 benefactor
852 1665 926 1711 mi.
951 1668 1000 1711 Io
1018 1682 1099 1711 son
1123 1663 1322 1711 ricaduto
1343 1662 1473 1711 nella¹
1495 1662 1621 1719 fossa,
1645 1661 1775 1710 nellal
1797 1662 1922 1723 quale

112 1751 192 1794 per
209 1751 301 1780 non
321 1733 511 1780 ricadere
532 1732 700 1780 havevo
716 1750 845 1793 preso
865 1732 892 1778 il
911 1733 1086 1779 camino
1103 1750 1183 1793 per
1200 1731 1307 1779 altra
1323 1732 1499 1792 regione
1518 1746 1560 1779 et
1578 1732 1729 1778 ricorsi
1748 1731 1922 1792 all'ope—

114 1819 160 1848 ra
179 1816 220 1848 et
239 1800 389 1848 favore
408 1815 574 1857 vostro,
594 1800 754 1862 perche
774 1800 922 1861 quello
942 1800 1021 1848 che
1042 1800 1211 1848 havevo
1230 1815 1355 1847 usato
1376 1799 1518 1847 infino
1538 1818 1562 1847 a
1580 1800 1655 1860 qui
1674 1817 1766 1846 non
1790 1799 1925 1846 havea

113 1869 232 1917 facto
250 1869 278 1916 il
297 1870 390 1916 mio
408 1870 608 1930 bisogno,
631 1887 757 1916 come
775 1887 855 1930 per
871 1868 979 1916 altra
993 1870 1036 1915 vi
1053 1869 1204 1916 scrissi.
1226 1873 1279 1916 Et
1299 1869 1343 1916 io
1362 1868 1563 1924 credevo,
1579 1886 1659 1929 per
1675 1867 1823 1929 quello
1842 1867 1922 1915 che

112 1938 420 1985 ultimamente
444 1937 575 1984 hebbi
597 1937 651 1984 da
670 1938 758 1994 voi,
782 1937 861 1984 che
883 1937 924 1984 la
944 1938 1031 1984 mia
1050 1938 1186 1997 gratia
1205 1937 1316 1984 fusse
1340 1937 1541 1998 expedita
1558 1936 1753 1983 secondo
1777 1936 1804 1982 il
1827 1937 1920 1983 mio

113 2005 331 2053 desiderio
347 2020 389 2053 et
403 2005 598 2053 secondo
618 2005 716 2066 quel
734 2005 813 2053 che
833 2005 1256 2053 n'avisavi—benche
1275 2006 1336 2052 mi
1354 2005 1502 2052 facessi
1518 2004 1701 2066 qualche
1719 2004 1923 2052 dubitati-

114 2092 199 2121 one
234 2073 443 2134 l'agiunta
478 2073 789 2134 dell'Ippolito‚
825 2073 985 2134 perche
1017 2091 1129 2120 sono
1165 2088 1286 2120 certo
1317 2073 1396 2120 che
1432 2073 1651 2133 hoggimai
1687 2072 1799 2119 male
1830 2072 1922 2133 puo

111 2160 281 2202 passare
300 2160 381 2202 per
399 2142 437 2189 le
457 2160 531 2189 sue
555 2143 673 2189 mani
695 2156 846 2202 questa
865 2141 1158 2202 expeditione,
1178 2156 1219 2189 et
1240 2141 1335 2189 Idio
1354 2141 1497 2202 voglia
1518 2159 1610 2188 non
1633 2141 1791 2188 habbia
1811 2141 1924 2188 mala

113 2211 339 2271 opinione.
373 2209 523 2257 Credo
550 2209 629 2257 che
655 2210 716 2257 lui
743 2211 804 2257 sia
830 2209 919 2257 cosi
948 2225 1052 2271 apto
1077 2228 1101 2257 a
1126 2224 1320 2270 guastare
1348 2228 1474 2257 come
1501 2210 1575 2256 voi
1602 2209 1656 2256 ad
1681 2210 1921 2256 aconciare.

113 2279 314 2338 Priegovi
337 2296 430 2324 non
454 2279 515 2324 mi
535 2276 776 2338 scoppiate²
799 2296 885 2325 con
907 2278 981 2334 lui,
1006 2278 1084 2325 che
1107 2296 1199 2325 non
1219 2279 1366 2325 vorria
1386 2292 1564 2325 contesa
1585 2295 1670 2324 con
1694 2277 1864 2324 huomo
1887 2277 1922 2324 si

113 2345 363 2406 eloquente,
388 2364 459 2393 ma
482 2364 567 2393 con
592 2347 666 2393 voi
691 2364 783 2393 non
806 2346 954 2406 voglio
982 2345 1070 2393 fare
1093 2346 1270 2393 riserbo.
1298 2349 1467 2405 Questa
1489 2345 1511 2393 ὲ
1535 2345 1576 2393 13
1598 2346 1685 2392 mia
1708 2346 1919 2406 opinione

113 2413 157 2460 di
177 2413 252 2470 lui,
275 2429 317 2461 et
335 2414 496 2474 perche
519 2432 572 2461 ne
592 2415 779 2475 possiate
802 2414 962 2474 meglio
984 2414 1200 2474 giudicare
1222 2429 1263 2461 et
1284 2415 1327 2461 io
1349 2413 1685 2461 accordarmene
1706 2413 1774 2460 col
1794 2431 1923 2474 parer

112 2496 279 2537 vostro,
305 2482 384 2528 che
409 2482 666 2529 finalmente
690 2500 743 2529 ne
765 2481 962 2542 prestero
985 2481 1081 2529 fede
1104 2500 1127 2529 3
1149 2483 1237 2538 voi,
1260 2483 1304 2528 vi
1327 2481 1492 2529 mando
1516 2481 1680 2528 inclusa
1704 2482 1749 2527 in
1774 2496 1925 2542 questa

112 2567 200 2596 una
221 2567 297 2597 sua
320 2549 475 2597 lettera
493 2568 517 2597 a
540 2568 609 2597 me
632 2550 753 2611 dipoi
778 2550 857 2597 che
880 2550 1012 2597 hebbi
1034 2549 1074 2597 la
1095 2565 1255 2606 vostra,
1278 2549 1421 2597 molto
1445 2549 1677 2596 differente
1698 2549 1753 2596 da
1774 2549 1922 2610 quello

113 2617 193 2664 che
216 2619 276 2664 mi
297 2619 480 2665 scrivete
499 2619 587 2674 voi,
610 2636 696 2665 con
717 2636 804 2665 una
825 2618 977 2665 cedola
997 2618 1109 2665 nella
1128 2618 1253 2679 quale
1272 2619 1306 2665 si
1329 2619 1532 2665 contiene
1554 2618 1598 2664 in
1620 2617 1700 2665 che
1721 2617 1865 2664 forma
1886 2617 1926 2664 la

114 2686 275 2733 riserba
293 2687 327 2733 si
345 2686 437 2747 puo
459 2686 675 2747 expedire:
693 2704 822 2733 senza
840 2686 1047 2747 l'agiunta
1067 2686 1134 2733 de’
1154 2686 1330 2747 capitoli
1350 2701 1391 2733 et
1409 2686 1579 2733 diocese
1599 2685 1643 2733 di
1660 2687 1768 2742 Pisa;
1789 2701 1831 2733 et
1848 2686 1922 2732 voi

115 2754 175 2800 mi
195 2755 379 2801 scrivete
400 2755 443 2800 vi
464 2772 600 2801 essere
621 2754 884 2811 conceduto‚
906 2769 948 2801 et
969 2754 1048 2801 che
1068 2755 1309 2802 solamente
1331 2772 1403 2801 era
1421 2769 1536 2801 stato
1556 2753 1772 2801 difficulta
1791 2752 1918 2801 nelle3

114 2821 279 2881 dignita
299 2823 441 2882 prime
458 2836 554 2882 post
567 2821 842 2882 pontificales.
868 2827 921 2869 Et
944 2822 965 2869 ὲ
988 2823 1031 2868 in
1055 2822 1192 2869 modo
1216 2822 1383 2869 riducta
1403 2822 1443 2869 la
1463 2822 1615 2869 cedula
1635 2821 1714 2868 che
1738 2822 1798 2867 mi
1818 2839 1921 2882 pare

114 2889 193 2936 che
219 2907 262 2936 se
290 2907 343 2936 ne
370 2889 552 2937 excluda
574 2908 734 2937 ancora
760 2891 771 2936 i
798 2891 1043 2937 canonicati
1068 2890 1178 2937 delle
1203 2890 1343 2937 chiese
1370 2890 1619 2937 cathedrali.
1646 2889 1860 2936 L'effecto
1884 2889 1919 2946 ὲ,

118 3196 148 3230 T
193 3136 209 3161 b
225 3143 394 3232 Antggo
410 3142 542 3191 spoliti,
559 3142 783 3181 cubicularius
794 3143 934 3192 papam
954 3142 998 3181 cf.
1014 3143 1118 3187 Scala,
1140 3147 1202 3181 109
1219 3146 1301 3189 [64],
1319 3142 1519 3187 Bizzocchj,
1539 3142 1656 3180 Chiesa
1672 3156 1690 3180 e
1700 3153 1816 3191 potere
1832 3141 1923 3180 nella

143 3208 275 3238 oscam,
366 3226 372 3232 .
