2072 3450
185 160 275 200 548
853 157 911 197 V:
941 158 966 198 6
1538 163 1790 198 TEXTUAL
1813 163 1989 198 NOTES

269 300 297 322 ²⁹
311 303 451 351 viginti:
465 298 555 339 XX‘i
568 299 617 339 Si¹

269 352 298 375 ³⁰
311 367 444 392 vocant
458 355 503 398 Si;
519 366 669 391 vocatur
683 356 709 391 B

269 406 296 428 ³¹
311 420 505 446 tantarum:
520 420 708 445 tantorum
721 405 769 445 Si¹
785 409 824 451 B,
838 410 967 444 correxi

269 458 297 480 ³²
311 460 507 498 subtexerit
521 475 560 497 ex
573 459 787 497 subtraxerit
802 462 838 497 in
854 474 1046 508 margcorr.
1063 457 1109 497 Si¹

269 511 296 534 ³³
311 513 484 551 exhibent
498 516 536 557 B;
552 513 697 551 exibent
709 511 770 557 Si¹;
785 527 893 562 genus
909 512 1073 562 supplicii
1088 516 1125 550 in
1140 523 1318 561 margmot.
1335 510 1383 550 Si¹

269 564 297 586 ³⁴
312 567 513 603 Lusitaniae
528 580 588 603 rex
602 568 685 603 etin
701 576 879 614 margnot.
897 563 943 602 Si¹

269 617 297 640 ³⁵
312 632 459 657 naturae
473 619 540 656 lex:
556 621 627 656 Lex
642 618 811 656 naturalis
826 621 863 656 in
878 629 1057 667 margnot.
1074 616 1119 656 Si¹

269 669 297 692 ³⁶
311 671 457 709 vivendi
470 686 509 709 ex
521 671 674 709 vivende
687 686 771 709 corr.
787 669 836 709 Si¹

270 723 298 746 ³⁷
312 726 401 763 boni
414 736 498 763 ante
510 739 628 763 mores
642 724 704 762 del.
722 723 768 762 Si¹

269 775 297 798 ³⁸
311 779 469 815 variatur
482 780 520 822 B;
535 778 719 815 variantur
731 775 778 815 Si¹

270 829 298 852 ³⁹
312 832 489 869 invenisse
503 846 541 868 ex
555 831 747 868 invenisset
761 845 843 868 corr.
860 828 908 868 Si¹

269 881 298 904 ⁴⁰
312 883 411 933 quod
425 883 533 921 vultis
547 895 588 921 ut
601 882 732 921 faciant
746 883 849 920 vobis
863 882 1040 927 homines,
1056 897 1121 920 vos
1135 882 1256 920 eadem
1271 882 1374 920 facite
1389 882 1456 920 illis
1469 882 1710 928 [Matth.7,12]
1725 885 1762 920 in
1776 897 1882 932 marg.
1898 880 1946 920 Si¹

269 935 296 957 ⁴¹
311 937 438 975 clarius
451 936 552 975 addit
563 939 610 975 D.
626 936 748 974 Marsh

268 988 297 1010 ⁴²
312 990 464 1028 infitior:
479 989 624 1028 inficior
636 987 685 1027 Si¹
700 992 739 1034 B,
753 993 883 1027 correxi

268 1042 296 1065 ⁴³
311 1044 408 1081 hinc:
422 1044 482 1081 hic
496 1046 522 1081 B

268 1095 297 1116 ⁴⁴
311 1096 560 1134 contradicant
573 1099 599 1133 B
615 1099 652 1133 in
668 1111 816 1145 marg.ex
829 1095 1050 1133 contendant
1063 1110 1145 1133 corr.
1162 1093 1210 1133 Si¹

268 1148 296 1170 ⁴⁵
311 1150 401 1188 lucri
415 1165 454 1187 ex
467 1149 544 1187 licri
556 1149 775 1199 sup.lin.corr.
793 1147 842 1187 Si¹

268 1200 297 1223 ⁴⁶
311 1202 409 1240 bona
421 1217 461 1240 ex
474 1202 660 1240 bonorum
672 1201 891 1251 sup.lin.corr.
909 1200 959 1239 Si¹

268 1254 297 1276 ⁴⁷
311 1256 434 1294 eadem
449 1271 488 1294 ex
501 1256 603 1293 edem
618 1271 701 1293 corr.
718 1254 766 1293 Si¹

268 1306 296 1328 ⁴⁸
311 1309 546 1346 haesitantem
560 1323 599 1346 ex
612 1309 807 1346 exitantem
820 1323 903 1345 corr.
920 1306 968 1345 Si¹

268 1360 296 1382 ⁴⁹
311 1362 412 1399 facile
426 1377 492 1399 om.
511 1364 536 1399 B

268 1412 297 1434 ⁵⁰
310 1414 419 1464 paulo
434 1429 473 1452 ex
486 1414 596 1452 Paulo
611 1429 694 1451 corr.
712 1417 750 1458 B;
766 1414 876 1451 Paulo
890 1412 938 1451 Si¹

268 1466 295 1488 ⁵¹
310 1469 544 1517 Digestorum
562 1484 569 1505 :
584 1472 685 1505 ssorum
701 1466 762 1512 Si¹;
777 1468 1101 1517 suprascriptorum
1116 1470 1142 1505 B

268 1518 296 1540 ⁵²
311 1535 330 1558 a
341 1531 424 1558 ante
437 1520 485 1558 ob
499 1520 561 1558 del.
578 1518 625 1558 Si¹

268 1572 295 1594 ⁵³
310 1575 484 1623 acciperet
499 1576 537 1618 B;
553 1586 733 1623 acceperet
747 1572 795 1611 Si¹

268 1624 296 1646 ⁵⁴
310 1641 394 1675 ergo
409 1641 448 1664 ex
461 1641 526 1675 ego
541 1641 624 1664 corr.
641 1637 674 1664 et
687 1641 770 1675 ergo
786 1626 873 1663 idest
889 1641 990 1664 causa
1004 1629 1041 1663 in
1057 1638 1235 1675 margmot.
1251 1624 1300 1664 Si¹

268 1678 294 1700 ⁵⁵
309 1681 441 1717 vitium
455 1695 493 1717 ex
507 1681 645 1718 eutium
662 1679 702 1728 (?)
719 1683 756 1717 in
771 1694 964 1729 marg.corr.
981 1678 1027 1717 Si¹

268 1730 295 1753 ⁵⁶
310 1732 537 1770 condicione:
552 1732 764 1770 conditione
777 1730 824 1770 Si¹
840 1735 878 1776 B,
893 1735 1022 1770 correxi

267 1784 295 1806 ⁵⁷
309 1786 531 1824 devenerint:
545 1786 708 1823 deverint
720 1783 769 1823 Si¹

267 1836 294 1858 ⁵⁸
309 1838 444 1875 fuerint
455 1849 538 1875 ante
550 1838 697 1875 fuerunt
709 1837 772 1875 del.
789 1836 836 1875 Si¹

267 1889 295 1911 ⁵⁹
309 1892 427 1941 pretio
442 1906 480 1928 ex
493 1892 648 1940 pessimo
665 1891 747 1928 facti
761 1891 979 1940 sup.lin.corr.
997 1889 1045 1928 Si¹

266 1941 296 1963 ⁶0
310 1943 408 1981 hunc
421 1958 460 1981 ex
474 1943 549 1981 hun
564 1958 646 1981 corr.
663 1941 712 1981 Si¹

266 1996 293 2017 ⁶¹
308 1999 417 2035 viros:
432 1998 524 2035 vires
538 2000 564 2034 B

266 2048 295 2069 ⁶²
308 2051 424 2098 Satyri
439 2052 579 2087 Poetae:
590 2049 771 2097 Juvenalis
785 2053 822 2087 in
838 2061 1016 2098 margmot.
1033 2047 1082 2087 Si¹

266 2101 294 2123 ⁶³
309 2118 385 2141 non
395 2114 471 2152 post
485 2103 567 2140 licet
579 2103 642 2140 del.
659 2101 706 2140 Si¹

266 2153 295 2175 ⁶⁴
309 2168 512 2204 parentum:
527 2155 734 2204 parentibus
748 2153 796 2192 Si¹
812 2157 850 2200 B,
865 2158 993 2193 correxi

266 2207 294 2229 ⁶⁵
309 2222 344 2247 et
353 2221 429 2258 post
443 2209 717 2246 similitudinem
730 2209 793 2246 del.
810 2207 857 2246 Si¹

266 2259 294 2281 ⁶⁶
309 2262 478 2299 tribuere:
494 2276 618 2299 manus
631 2264 668 2298 in
684 2276 788 2310 marg.
805 2259 852 2298 Si¹

266 2313 295 2335 ⁶⁷
309 2330 328 2352 a
341 2316 523 2364 principio
536 2330 575 2352 ex
588 2315 631 2352 ad
645 2316 866 2364 principium
879 2330 962 2352 corr.
979 2313 1027 2352 Si¹

266 2365 294 2387 ⁶⁸
309 2368 526 2405 obscuritate
540 2382 579 2405 ex
591 2367 793 2405 diversitate
807 2370 844 2405 in
860 2382 1051 2416 margcorr.
1069 2365 1117 2405 Si¹

266 2419 294 2441 ⁶⁹
308 2421 407 2459 ducis
422 2436 461 2458 ex
473 2422 646 2470 principis
660 2436 743 2458 corr.
760 2419 806 2458 Si¹

266 2471 295 2493 ⁷0
308 2473 613 2522 proficiscebatur:
630 2473 878 2522 proficiscetur
891 2471 950 2518 Si¹;
965 2473 1250 2522 proficisceretur
1264 2476 1302 2518 B,
1317 2476 1445 2511 cor-rexi

266 2525 292 2547 ⁷¹
308 2527 578 2565 confinxerunt:
593 2527 823 2565 confixerunt
836 2529 862 2564 B

266 2577 294 2599 ⁷²
308 2579 597 2628 negociatoribus
611 2582 650 2623 B;
666 2579 911 2616 nociatoribus
925 2577 972 2616 Si¹

266 2630 293 2652 ⁷³
308 2647 431 2670 earum
446 2647 485 2670 ex
498 2647 626 2670 eorum
641 2647 723 2670 corr.
740 2634 787 2669 D.
803 2632 924 2669 Marsh

266 2682 294 2704 ⁷⁴
307 2685 450 2722 -verint:
463 2697 606 2722 -verunt
619 2682 667 2722 Si¹
683 2687 721 2728 B,
736 2687 865 2722 correxi

266 2736 293 2758 ⁷⁵
308 2753 387 2775 mea
402 2751 463 2775 est:
481 2751 531 2776 est
546 2753 624 2776 mea
638 2741 664 2775 B

266 2789 294 2810 ⁷⁶
308 2792 402 2839 Quis
418 2793 457 2835 B3
473 2790 575 2839 Quid
589 2789 636 2828 Si¹

266 2842 294 2864 ⁷⁷
308 2844 459 2882 laudarit
473 2859 512 2881 ex
525 2844 699 2882 laudarvit
713 2859 795 2881 corr.
813 2846 859 2881 D.
875 2844 996 2882 Marsh

266 2894 293 2916 ⁷⁸
308 2897 390 2934 ulla:
406 2896 505 2934 nulla
518 2899 544 2933 B

266 2948 294 2969 ⁷⁹
309 2950 413 2987 audet
427 2961 510 2987 ante
522 2951 611 2987 ausit
624 2949 687 2987 del.
704 2947 750 2987 Si¹

266 3000 295 3021 ⁸⁰
309 3014 474 3039 naturam
489 3017 554 3039 om.
572 3004 598 3038 B

266 3053 292 3075 ⁸¹
308 3056 534 3103 conspicatus
549 3070 587 3092 ex
600 3067 811 3092 consecutus
827 3058 863 3091 in
879 3069 1070 3103 margaeorr.
1087 3052 1134 3092 Si¹

266 3104 294 3126 ⁸²
308 3121 415 3155 quam
426 3118 502 3155 post
516 3107 619 3155 plura
631 3106 693 3144 del.
710 3105 756 3144 Si¹

266 3157 293 3180 ⁸³
308 3160 534 3197 condicione:
550 3160 761 3197 conditione
774 3158 821 3197 Si¹
837 3162 875 3204 B,
890 3163 1018 3197 correxi
