2124 3464
136 177 367 212 PRIVATE
393 177 620 211 LETTERS
1828 174 1831 179 ’
1881 173 1938 214 57

135 330 330 363 tamente
350 314 529 362 dissono
552 314 595 362 di
616 315 757 376 questi
777 314 1100 376 alloggiamenti
1121 314 1188 363 de'
1211 314 1319 363 fanti
1340 315 1453 363 nella
1471 331 1586 364 terra
1605 334 1696 364 non
1717 317 1946 365 vedevano

135 383 215 431 che
238 384 465 444 potessino
494 384 552 430 ivi
577 383 818 444 alloggiare.
847 383 1180 431 Mandamoneli
1206 402 1291 431 con
1316 384 1466 445 parole
1492 385 1735 432 amorevoli
1761 400 1802 433 et
1827 400 1945 446 grate

135 466 303 512 quanto
317 452 353 498 si
368 466 544 512 poteva‚
559 451 815 512 pregandoli
833 451 1066 498 dovessino
1085 452 1131 498 in
1148 467 1298 512 questa
1313 453 1615 513 urgentissima
1636 454 1844 501 necessita
1860 455 1945 501 aiu-

134 534 225 567 tare
241 534 283 566 et
298 519 411 566 colla
427 537 560 580 opera
576 534 617 566 et
633 519 702 566 col
719 519 942 581 consiglio.
966 519 1277 567 Ricordorono
1296 520 1375 567 che
1395 520 1597 568 havendo
1613 539 1637 568 a
1651 522 1800 568 venire
1818 521 1942 578 fanti,

134 605 206 635 era
226 586 435 634 necessita
457 586 511 634 da
531 586 677 634 Castel
700 586 942 634 fiorentino
965 588 1131 635 venisse
1155 587 1222 635 del
1245 606 1357 648 pane
1380 606 1402 635 e
1424 588 1534 636 delle
1557 588 1694 636 farine
1717 590 1943 637 continua·

134 670 295 703 mente.
320 659 362 701 A
385 656 484 702 Pier
504 656 685 702 Vectori
708 670 749 702 et
772 673 795 702 a
818 673 887 702 me
909 673 1012 716 pare
1035 657 1276 703 necessario
1301 656 1476 704 almeno
1498 675 1578 717 per
1597 657 1732 718 pochi
1755 657 1799 705 di
1823 676 1942 705 man-

133 723 248 770 diate
268 723 444 770 almeno
464 727 519 770 50
539 723 647 770 muli
667 726 734 770 co'
757 723 873 783 quali
892 724 927 770 si
945 723 1075 784 potra
1094 724 1256 771 aiutare
1275 739 1425 785 questa
1445 743 1545 771 cosa
1563 739 1605 772 et
1623 729 1810 773 maxime
1831 725 1941 773 hora

133 790 212 838 che
229 808 343 838 sono
360 790 544 851 perdute
563 805 713 851 queste
729 791 864 838 bestie
882 791 961 838 che
977 791 1335 852 s’adoperavano,
1353 792 1432 839 che
1452 792 1540 849 h[a]
1557 792 1675 840 facto
1691 794 1766 854 qui
1781 793 1943 854 grande

131 873 300 906 terrore
323 872 365 905 et
386 858 618 919 sbigottito
643 859 747 906 assai
772 859 912 919 questi
938 858 1152 906 huomini.
1181 860 1268 907 Voi
1293 859 1427 907 farete
1448 860 1489 907 la
1511 875 1659 908 vostra
1681 862 1938 922 sap[ien]tis·

130 927 240 974 sima
272 926 601 983 deliberatione,
632 941 674 974 et
705 926 922 974 essendosi
952 926 1020 988 gia
1050 927 1117 975 de’
1150 927 1260 975 fanti
1290 929 1402 975 circa
1430 933 1555 985 2000,
1589 947 1636 976 ce
1666 929 1735 976 n'e
1765 948 1939 977 somma

131 994 374 1051 neces[sita]
394 994 555 1055 perche
578 1013 670 1042 non
693 1013 818 1042 nasce
841 994 1212 1043 inconveniente.2

214 1062 460 1110 Mandamo
480 1081 641 1110 ancora
658 1081 738 1124 per
756 1063 987 1110 Antonelli
1008 1063 1063 1111 da
1080 1064 1229 1121 Furli,e
1250 1064 1330 1112 che
1350 1064 1417 1125 gia
1437 1083 1509 1112 era
1525 1065 1595 1113 nel
1615 1065 1745 1122 lecto;
1767 1081 1809 1113 et
1829 1085 1937 1114 non-

130 1131 312 1178 dimeno
327 1149 484 1178 venne.
502 1134 637 1178 Parve
653 1131 756 1179 fussi
773 1132 886 1179 tardi
898 1150 978 1193 per
993 1132 1127 1180 allora
1143 1134 1367 1193 ragionare
1384 1133 1494 1181 delle
1510 1135 1596 1181 mie
1613 1135 1928 1182 commissioni.

128 1200 323 1246 Stamani
346 1217 518 1246 saremo
544 1200 724 1247 insieme
750 1214 792 1247 et
815 1200 1051 1248 vederemo
1076 1200 1120 1248 di
1144 1200 1232 1248 fare
1256 1201 1439 1262 qualche
1463 1202 1612 1250 buona
1638 1203 1936 1260 conclusione,

127 1271 315 1314 maxime
340 1268 454 1314 circa
476 1267 504 1314 il
530 1267 769 1315 fortificare
793 1268 836 1315 di
861 1283 1011 1329 questa
1034 1283 1150 1316 terra
1171 1284 1213 1316 et
1237 1271 1478 1317 metteressi
1502 1271 1556 1318 ad
1579 1272 1837 1318 executione
1855 1286 1937 1332 pro

127 1335 303 1382 viribus.
323 1339 402 1383 Ma
417 1335 458 1383 la
472 1336 616 1396 prima
634 1335 949 1384 fortificatione
967 1355 1153 1398 sempre,
1172 1355 1298 1385 come
1315 1352 1475 1399 sapete,
1494 1357 1607 1386 sono
1627 1342 1663 1386 e’
1683 1340 1806 1387 cuori
1826 1339 1939 1400 degli

128 1403 346 1451 abitatori.
372 1404 503 1451 Circa
526 1418 678 1464 questa
697 1419 821 1465 parte
844 1404 952 1452 altra
971 1405 1093 1452 volta
1114 1406 1157 1452 vi
1180 1407 1468 1453 scriverremo
1490 1406 1567 1468 piu
1593 1422 1759 1468 aperto,
1784 1407 1863 1455 che
1886 1426 1936 1455 so

128 1471 208 1518 che
228 1471 283 1518 ne
304 1472 350 1517 in
371 1486 527 1532 questo
547 1471 602 1519 ne
623 1473 668 1518 in
690 1472 802 1519 altro
820 1472 955 1533 potro
975 1474 1160 1520 scrivere
1181 1473 1294 1521 altro
1313 1474 1393 1521 che
1414 1476 1630 1522 continuo
1654 1475 1856 1523 habbiate
1878 1477 1939 1522 in-

127 1554 222 1586 teso
243 1539 297 1586 da
316 1540 416 1586 Pier
434 1541 629 1596 Vectori,
653 1539 681 1586 il
704 1540 829 1601 quale
852 1540 923 1588 n'a
941 1540 1141 1602 perfecto
1161 1541 1324 1589 iudicio
1347 1557 1388 1589 et
1409 1561 1511 1590 vera
1531 1544 1796 1604 cognitione.

212 1607 340 1655 Colle
362 1607 471 1655 hieri
490 1607 544 1655 ne
563 1608 722 1665 l’altro,
743 1608 938 1657 secondo
958 1609 1143 1657 intendo
1162 1611 1250 1671 qui,
1272 1629 1363 1658 non
1384 1610 1430 1659 fu
1449 1611 1757 1669 bombardato,
1781 1627 1823 1660 et
1842 1612 1937 1660 dice

125 1694 218 1723 uno
238 1675 282 1723 di
300 1677 375 1737 qui
391 1694 534 1724 venne
553 1676 597 1724 di
614 1695 773 1738 campo
791 1677 859 1725 col
877 1677 1218 1726 salvacondocto
1234 1697 1314 1740 per
1329 1697 1421 1727 uno
1437 1681 1652 1741 prigione,
1672 1681 1711 1728 le
1729 1681 1932 1729 bombar-

126 1744 179 1792 de
201 1762 362 1792 ancora
384 1762 519 1792 erano
542 1746 587 1791 in
610 1763 659 1793 su
684 1746 806 1793 carri.
831 1746 1142 1794 Intenderemo
1162 1747 1238 1808 piu
1263 1763 1416 1809 aperto
1440 1763 1482 1796 et
1505 1749 1686 1797 daremo
1709 1751 1868 1798 notitia
1891 1750 1935 1798 di

125 1812 273 1874 quello
292 1813 600 1861 intenderemo
618 1813 663 1861 di
681 1832 778 1875 qua,
797 1829 839 1862 et
858 1814 1039 1862 haremo
1058 1834 1160 1863 caro
1179 1815 1335 1864 havere
1353 1816 1407 1864 da
1421 1818 1496 1864 voi
1516 1817 1615 1879 quel
1635 1817 1714 1866 che
1733 1818 1787 1866 da
1804 1818 1932 1866 Colle

124 1881 398 1929 intenderete
417 1883 504 1929 voi.

209 1951 565 2010 Ingegneremoci
592 1951 638 1996 in
663 1966 819 2011 questo
844 1970 973 1999 mezo
998 1952 1077 1999 che
1104 1952 1130 1998 ’l
1157 1971 1315 2014 campo
1338 1972 1452 2015 pena
1477 1972 1501 2001 a
1523 1955 1672 2002 venire
1699 1955 1800 2003 dare
1824 1955 1935 2003 delle

124 2018 225 2064 noie
248 2021 285 2064 a'
310 2018 462 2064 nimici
486 2033 527 2065 et
549 2018 645 2065 farli
667 2037 833 2066 armare
854 2019 895 2067 la
917 2035 1062 2077 nocte,
1085 2035 1126 2068 et
1146 2036 1257 2068 stare
1279 2040 1364 2069 con
1385 2037 1588 2083 sospecto
1611 2039 1779 2084 quanto
1798 2024 1875 2084 piu
1897 2025 1932 2071 si

120 2084 251 2146 potra
269 2085 430 2146 perche
453 2086 631 2146 quando
652 2086 878 2135 l'exercito
898 2088 1036 2145 verra,
1056 2088 1113 2149 gli
1135 2090 1283 2136 truovi
1303 2090 1562 2151 sciloppiati.
1588 2095 1642 2138 Et
1663 2092 1937 2140 intenderete

123 2154 226 2213 ogni
248 2154 407 2214 giorno
431 2154 579 2215 quello
601 2154 681 2202 che
701 2155 869 2216 seguira
891 2156 934 2203 di
956 2174 1053 2217 qua.

207 2223 453 2269 L'exercito
471 2222 769 2282 giudichiamo
792 2226 1032 2271 necessario
1055 2225 1134 2272 che
1154 2243 1292 2286 venga
1312 2241 1354 2273 et
1371 2244 1452 2287 per
1472 2228 1655 2288 rispetto
1676 2228 1720 2275 di
1740 2228 1868 2275 Colle
1891 2243 1933 2276 et

122 2288 166 2335 di
185 2290 262 2335 noi
282 2290 371 2350 qui3
391 2304 433 2337 et
451 2290 489 2337 le
509 2289 646 2338 farine
664 2292 708 2337 vi
727 2291 1007 2348 ricordiamo,
1026 2292 1106 2340 che
1126 2293 1244 2341 nulla
1263 2293 1300 2341 al
1317 2309 1518 2355 presente
1538 2295 1560 2342 ὲ
1577 2295 1654 2356 piu
1674 2297 1928 2343 necessario.

205 2358 382 2404 Dicemi
405 2359 504 2405 Pier
524 2360 705 2406 Vectori
729 2360 803 2420 qui
827 2378 919 2407 non
944 2360 966 2408 ὲ
987 2361 1181 2422 polvere,
1206 2362 1286 2410 che
1311 2362 1332 2410 ὲ
1357 2363 1416 2410 ita
1438 2364 1484 2410 in
1508 2363 1649 2411 Colle.
1676 2365 1862 2425 Bisogna
1887 2364 1932 2412 di

119 2425 267 2472 subito
294 2444 347 2473 ne
371 2425 559 2474 forniate
583 2442 625 2474 et
648 2427 909 2476 mandatene
930 2429 1073 2490 quella
1095 2430 1294 2491 quantita
1314 2431 1394 2478 che
1418 2432 1642 2480 intendete
1663 2451 1686 2480 a
1708 2451 1795 2480 una
1818 2448 1934 2481 terra

120 2511 143 2540 a
162 2508 318 2554 questo
337 2494 475 2542 modo
495 2495 575 2542 che
595 2497 755 2556 aspecti
775 2496 802 2543 il
823 2514 981 2558 campo
999 2499 1179 2555 nimico,
1199 2499 1390 2560 perduto
1410 2500 1552 2557 Colle,
1574 2500 1653 2548 che
1673 2501 1867 2562 bisogna;
1889 2516 1930 2549 et

120 2560 447 2619 havendocene,
466 2564 826 2612 continuamente
845 2583 888 2612 se
904 2566 1120 2626 potrebbe
1139 2566 1228 2614 fare
1243 2585 1267 2614 a
1284 2567 1411 2615 Colle
1431 2569 1670 2626 comoditat,
1690 2569 1858 2617 benche':
1877 2570 1931 2617 da

118 2631 287 2690 Staggia
307 2629 443 2678 farete
463 2631 491 2677 il
513 2631 711 2692 bisogno.

202 2700 462 2758 Sopratutto
486 2717 598 2759 pane
622 2714 664 2747 et
688 2699 838 2748 farina.
864 2705 924 2748 La
946 2701 1060 2749 fame
1084 2720 1176 2749 non
1201 2718 1383 2764 aspecta.
1409 2704 1614 2752 Credevo
1638 2706 1713 2766 qui
1738 2705 1849 2753 fusse
1875 2706 1929 2753 al-

119 2782 254 2812 meno
278 2765 346 2812 del
368 2784 519 2826 grano,
543 2782 584 2814 et
607 2767 666 2815 ho
690 2769 832 2816 inteso
855 2787 947 2816 non
970 2788 1017 2816 ce
1038 2774 1221 2818 n'essere
1242 2789 1322 2832 per
1341 2773 1401 2819 sei
1424 2773 1543 2819 mesi.
1568 2776 1743 2832 Questo
1766 2791 1927 2821 ancora

119 2831 140 2879 ὲ
163 2834 405 2881 necessario
428 2834 507 2882 che
530 2835 784 2883 intendiate.

197 3134 210 3149 ²
232 3129 337 3168 Then
357 3106 519 3180 infantry
540 3133 682 3181 captain
702 3132 744 3171 of
762 3133 824 3172 the
846 3133 950 3173 allied
969 3134 1089 3184 league
1112 3137 1151 3173 in
1173 3137 1428 3185 S.Gimignano
1453 3137 1544 3175 with
1567 3141 1654 3176 1000
1676 3138 1836 3187 infantry
1857 3139 1928 3177 and

115 3195 269 3231 sappers,
287 3197 344 3221 see
361 3182 468 3222 letter
482 3187 537 3229 71,
556 3197 643 3223 note
661 3188 693 3223 2.
