2124 3458
134 195 316 229 ESSAYs
1835 183 1926 224 405

136 333 223 379 rius
245 331 455 392 quoniam
479 329 636 391 quibus
659 330 842 389 contigit
865 327 1172 388 suffragiorum
1198 327 1400 384 redditio,
1423 327 1529 374 nihil
1552 327 1633 374 sibi
1657 342 1756 374 ante
1778 327 1930 374 oculos

136 399 269 459 magis
291 412 550 459 proponunt
578 414 709 457 quam
734 396 855 457 quod
878 396 1042 443 civitati
1064 395 1280 442 conducat
1302 396 1511 456 primum,
1539 412 1630 442 non
1653 396 1827 455 privato
1849 395 1934 441 cui—

133 467 265 528 piam.
295 465 435 525 Quod
462 463 646 512 tamen¹⁴
672 464 851 511 demum
880 463 986 510 boni
1016 464 1333 510 communitate
1360 462 1537 524 singulis
1566 477 1694 524 atque
1720 463 1932 509 universis

133 533 417 596 profuturum
441 534 508 580 sit.

218 606 354 648 Nunc
382 601 436 648 ad
463 600 678 660 indignos,
710 618 820 660 quos
848 599 1014 655 dicunt,
1042 614 1321 646 transeamus.
1351 600 1444 658 Qui
1474 598 1583 644 mihi
1612 596 1771 645 locus¹⁵
1799 616 1931 659 quam

134 669 424 730 amplissimus
457 667 644 723 videtur,
676 668 750 728 qui
783 685 873 714 non
906 666 1043 713 modo
1075 684 1166 713 non
1199 667 1316 727 carpi
1347 684 1370 713 a
1402 666 1629 722 malivolis,
1662 666 1737 713 sed
1767 666 1932 713 laudari

134 738 268 797 magis
286 754 310 783 a
327 736 456 783 bonis
475 736 578 782 viris
597 735 764 782 debeat.
782 739 947 782 Verum
968 735 1042 795 qui
1059 734 1178 795 digni
1196 749 1296 781 sunt
1316 735 1477 794 quique
1497 733 1663 794 indigni
1682 748 1723 780 et
1741 751 1849 794 quae
1868 734 1933 780 vis

132 805 271 852 verbo
296 802 448 860 insit,¹⁶
473 803 708 850 dicendum
733 818 795 850 est
817 803 949 863 prius,
978 820 1031 849 ne
1055 802 1275 863 implicata
1298 819 1438 862 neque
1462 801 1681 848 intellecta
1702 802 1802 848 satis
1826 800 1934 848 fluat

133 873 291 928 oratio,
314 872 349 918 si
373 870 555 918 confusa
579 868 806 918 nominis¹7
830 869 1092 931 significatio
1117 870 1321 917 extiterit.
1343 874 1417 917 Est
1441 884 1588 916 autem
1611 887 1660 916 ea
1678 887 1758 930 per
1779 887 1823 916 se
1845 887 1933 916 vox

133 940 335 1001 ambigua
359 940 440 987 nisi
463 957 529 986 res
551 938 736 986 addatur
754 956 839 1000 qua
859 939 954 999 quis
978 938 1132 999 dignus
1153 953 1229 985 est.
1254 942 1317 985 Ita
1336 937 1387 985 fit
1412 937 1581 985 honore
1604 937 1758 998 dignos
1780 955 1933 984 assera-

134 1026 230 1056 mus
252 1007 480 1069 quosdam‚
504 1007 611 1054 alios
631 1024 775 1067 poena
797 1006 951 1067 dignos
972 1024 1235 1062 censeamus,
1258 1006 1456 1066 quamvis
1478 1005 1676 1066 dignitas,
1700 1023 1809 1066 quae
1832 1005 1933 1052 inde

133 1091 195 1124 est
218 1075 429 1137 loquendi
453 1074 769 1122 consuetudine
792 1092 965 1135 semper
987 1075 1032 1120 in
1055 1074 1181 1121 laude
1204 1088 1280 1130 est,
1302 1088 1350 1121 ut
1373 1088 1415 1121 et
1437 1073 1553 1134 apud
1575 1077 1769 1121 Graecos
1788 1076 1931 1130 ἁξιος

132 1149 219 1189 καί
240 1141 397 1200 όιξῑα18
420 1144 555 1203 Igitur
572 1143 625 1190 de
644 1142 853 1203 dignitate
872 1142 1145 1203 disputaturi,
1168 1142 1274 1202 quid
1291 1159 1341 1189 ea
1358 1142 1536 1189 tandem
1556 1142 1624 1197 sit,
1646 1141 1931 1202 aperiendum

132 1227 208 1259 est.
241 1214 391 1271 Quam
424 1210 603 1272 quidem
633 1211 667 1257 si
699 1210 883 1257 velimus
914 1210 1157 1257 absolutam
1191 1211 1456 1257 constituere
1487 1209 1676 1270 aliquam
1707 1210 1932 1265 virtutem,

133 1277 322 1327 melius¹⁹
361 1297 456 1326 earn
491 1278 696 1340 profecto
734 1293 880 1325 mente
917 1279 1300 1339 cognitationeque
1336 1277 1762 1339 comprehendemus
1800 1295 1932 1338 quam

132 1348 318 1408 experiri
347 1365 391 1394 re
418 1347 646 1408 possimus.
681 1351 802 1393 Nam
830 1364 971 1407 neque
1000 1345 1306 1393 iustificabitur
1334 1347 1379 1392 in
1408 1360 1645 1406 conspectu
1674 1347 1761 1392 Dei
1788 1346 1933 1392 omnis

131 1417 294 1462 vivens.
316 1415 625 1474 Quamobrem
647 1415 930 1461 communior
951 1414 1164 1474 quaedam
1183 1428 1311 1474 atque
1329 1432 1378 1461 ea
1395 1412 1609 1474 quidem²o
1630 1413 1820 1460 humana
1838 1431 1932 1474 per-

131 1482 344 1544 quirenda
375 1497 452 1538 est,
486 1483 531 1528 in
564 1500 650 1542 qua
680 1483 759 1529 etsi
791 1480 1089 1529 differentias-²¹
1125 1500 1212 1529 esse
1245 1481 1492 1542 complures
1527 1496 1703 1542 oportet
1736 1496 1778 1528 et
1810 1482 1931 1542 quasi

131 1550 345 1611 quosdam
366 1550 522 1610 gradus
544 1550 806 1610 dignitatum
827 1567 912 1610 pro
934 1551 1194 1596 meritorum
1217 1549 1489 1605 differentiis,
1511 1564 1659 1596 tamen
1680 1564 1729 1596 ut
1749 1547 1929 1609 plures²²

132 1618 251 1678 digni
279 1617 546 1678 appellemus
575 1618 770 1673 nomine,
802 1617 917 1664 haud
943 1617 1171 1677 indignum
1201 1618 1295 1664 erit.
1322 1621 1433 1664 Non
1461 1617 1579 1664 enim
1609 1616 1653 1663 hi
1680 1634 1829 1664 sumus
1858 1618 1933 1677 qui

131 1686 354 1733 bonorum
384 1686 499 1732 inter
518 1703 562 1732 se
587 1686 747 1746 quique
771 1685 989 1732 malorum
1016 1685 1249 1732 discrimen
1273 1703 1360 1732 esse
1385 1685 1555 1732 nullum
1581 1683 1927 1732 existimemus.²³

129 1753 214 1802 Sed
241 1751 451 1801 differre²⁴
482 1771 506 1800 a
532 1753 655 1800 bono
686 1753 929 1809 meliorem,
960 1753 1278 1814 improbiorem
1309 1751 1490 1800 autem²5
1518 1753 1571 1800 ab
1600 1771 1654 1800 eo
1681 1754 1756 1814 qui
1783 1754 1928 1800 minus

132 1822 287 1869 habeat
318 1821 612 1882 improbitatis
645 1819 894 1868 ducimus.²⁶
927 1825 1086 1882 Neque
1118 1822 1223 1868 item
1256 1839 1356 1868 cum
1390 1821 1455 1868 his
1485 1822 1696 1868 sentimus
1730 1822 1804 1882 qui
1835 1839 1931 1868 nus·

130 1907 263 1950 quam
286 1904 465 1936 centurn
489 1907 533 1936 re
556 1907 658 1936 vera
677 1889 819 1936 bonos
845 1890 1023 1950 reperiri
1044 1887 1294 1945 statuunt,²⁷
1317 1889 1438 1950 quod
1461 1904 1503 1936 et
1525 1890 1583 1936 ait
1605 1889 1863 1936 Aristoteles
1886 1889 1931 1935 li·

130 1957 213 2005 bro
239 1958 411 2018 quinto,
439 1975 571 2018 quem
596 1957 648 2004 de
673 1957 920 2004 civitatibus
943 1958 1155 2018 scriptum
1181 1957 1390 2018 reliquit.r
1413 1957 1684 2004 Asseruerim
1713 1972 1860 2004 autem
1885 1975 1934 2004 ea

128 2025 381 2086 posthabita
401 2025 611 2085 dignitate
632 2023 785 2085 (ηειῐῐι28
808 2025 991 2072 eandem
1013 2025 1149 2072 modo
1170 2040 1212 2072 et
1230 2027 1440 2072 virtutem
1461 2040 1503 2072 et
1521 2025 1767 2072 bonitatem
1790 2025 1931 2086 appel-

129 2093 283 2153 lamus)
307 2111 417 2153 quae
438 2093 619 2153 intelligi
640 2091 850 2140 tantum²⁹
871 2111 963 2140 non
984 2094 1115 2140 etiam
1136 2094 1314 2154 reperiri
1334 2094 1380 2139 in
1401 2111 1624 2154 quoquam
1646 2093 1786 2140 datur.
1808 2097 1931 2140 Asse-

131 2161 308 2216 ruerim,
336 2162 530 2221 inquam,
557 2161 625 2207 vel
654 2162 698 2206 in
725 2175 874 2208 nostra
899 2162 1073 2208 civitate
1098 2179 1188 2207 non
1215 2175 1393 2208 centurn
1420 2161 1557 2208 modo
1585 2162 1764 2222 reperiri
1787 2179 1928 2221 posse,

130 2226 275 2289 quos³⁰
310 2228 380 2275 ille
413 2246 628 2289 nusquam
662 2228 781 2284 dicit,
813 2228 888 2275 sed
916 2228 1061 2289 plures
1094 2230 1225 2276 etiam
1257 2246 1388 2289 quam
1421 2243 1599 2276 centum
1630 2230 1806 2284 centies,
1840 2247 1932 2275 non

129 2311 279 2343 tamen
296 2296 490 2343 eiusdem
510 2314 677 2352 omnes,
698 2296 773 2343 sed
790 2296 981 2343 diversae
998 2296 1218 2357 dignitatis
1236 2296 1450 2353 homines,
1472 2297 1626 2357 dignos
1644 2312 1807 2353 tamen,
1826 2315 1931 2358 quo-

130 2382 228 2411 rum
254 2364 489 2424 prudentia
513 2364 832 2424 consiliumque
861 2365 992 2411 etiam
1018 2365 1063 2410 in
1090 2364 1311 2425 republica
1337 2382 1428 2411 non
1455 2379 1778 2412 contemnatur.
1807 2365 1932 2424 Quid

129 2433 248 2478 enim
272 2431 480 2492 prohibet
505 2446 554 2478 ut
580 2432 702 2479 bono
729 2433 905 2492 ingenio
929 2432 1142 2493 bonisque
1170 2432 1379 2488 moribus,
1408 2432 1554 2493 quales
1579 2433 1623 2478 in
1651 2447 1799 2480 nostra
1823 2433 1931 2480 urbe

130 2499 258 2547 multi
279 2514 395 2555 sunt,
421 2500 552 2547 etiam
576 2499 770 2560 opifices,
794 2498 919 2547 non³l
945 2515 987 2547 et
1009 2501 1088 2561 ipsi
1111 2501 1259 2547 venire
1283 2501 1328 2547 in
1350 2515 1521 2561 partem
1543 2500 1729 2548 debeant
1750 2500 1929 2561 popula·

130 2568 186 2615 ris
207 2567 598 2615 administrationis
621 2570 638 2614 ?
660 2571 755 2615 Cur
776 2586 830 2615 eo
851 2586 1026 2629 quoque
1046 2586 1090 2615 se
1112 2568 1380 2615 adminiculo
1402 2583 1585 2615 castrata
1605 2570 1667 2628 (ut
1691 2569 1749 2616 ita
1769 2568 1927 2628 dicam)

130 2635 372 2696 respublica
398 2635 532 2692 volet,
560 2637 595 2683 si
623 2637 703 2683 erit
730 2635 844 2692 inde,
871 2651 919 2683 ut
947 2651 1062 2683 certe
1088 2636 1286 2683 futurum
1314 2634 1427 2692 est,³²
1457 2651 1530 2683 aut
1558 2636 1829 2684 consulendo
1858 2652 1931 2684 aut

129 2703 299 2764 agendo
318 2703 483 2764 aliquid
503 2703 689 2751 relatura
706 2703 933 2751 commodi
956 2702 1032 2751 et³³
1056 2704 1110 2751 ad
1127 2704 1237 2751 bene
1259 2722 1351 2751 rem
1370 2704 1605 2765 gerendam
1626 2704 1853 2752 facultatis.
1877 2709 1930 2751 Et

130 2771 299 2819 nobiles
323 2789 449 2832 saepe
475 2787 517 2819 et
541 2773 685 2819 minus
714 2772 882 2819 nobiles
906 2773 1070 2833 patriae
1093 2772 1312 2833 profuere,
1339 2790 1479 2833 neque
1504 2773 1549 2818 in
1578 2772 1642 2819 his
1668 2774 1816 2819 minor
1842 2773 1932 2820 laus

129 2857 261 2900 quam
284 2840 329 2885 in
352 2837 468 2886 illis³⁴
493 2854 569 2895 est,
592 2840 670 2886 etsi
692 2857 843 2886 census
865 2855 927 2887 est
950 2838 1233 2900 ignobilior.³⁵

212 2911 373 2967 Neque
395 2925 502 2954 vero
525 2925 606 2954 nos
629 2908 720 2954 sine
745 2907 1008 2963 discrimine,
1033 2907 1154 2968 quod
1179 2907 1306 2954 multi
1330 2908 1594 2968 vituperant,
1617 2907 1671 2954 ad
1694 2907 1931 2954 deliberan-

129 2974 236 3022 dum
262 2974 315 3021 de
338 2975 465 3022 rebus
488 2974 674 3035 publicis
698 2993 852 3022 omnes
877 2975 1156 3022 advenientes
1177 2976 1296 3036 quasi
1323 2976 1367 3021 in
1392 2974 1539 3022 forum
1566 2973 1838 3036 navaleque³⁶
1862 2975 1931 3022 ad-

208 3192 221 3207 ‘
237 3187 423 3231 Aristode,
439 3188 585 3232 Politia,
604 3188 909 3232 V,1301b-13oza.
