2124 3458
123 194 306 228 ESSAYS
1831 186 1918 227 371

890 335 951 377 19.
976 334 1171 377 Fortuna

946 399 1009 454 Bi,
1032 403 1109 445 32r

122 502 339 549 ‹S›edebat
367 503 410 547 in
439 501 608 562 templo
635 519 716 548 suo
742 501 952 548 altissimo
983 501 1026 547 in
1054 500 1166 548 solio
1195 501 1352 548 mulier
1378 501 1594 561 dabatque
1622 502 1714 548 iura
1738 501 1926 562 populis,

123 587 315 630 opesque
340 584 382 616 et
405 569 576 616 divitias
599 587 682 629 pro
706 569 888 615 arbitrio
912 568 1210 615 distribuebat.
1238 573 1374 628 Reges
1397 568 1623 615 adstabant
1646 583 1688 615 et
1710 570 1929 629 principes

124 654 270 684 rerum
289 637 496 683 omnibus
516 654 568 683 ex
585 636 850 691 nationibus3
871 645 1053 696 araeque
1069 636 1438 683 advolutabantur
1452 654 1607 683 omnes
1622 651 1772 696 gentes
1787 651 1835 683 ut
1854 636 1934 683 dea

122 705 237 751 vitae
249 719 415 751 sortem
434 703 663 751 meliorem
681 703 880 751 redderet
895 718 936 750 et
951 703 1192 751 cumularet
1208 703 1474 750 muneribus.
1497 707 1615 751 Cum
1631 722 1738 751 vero
1754 704 1928 751 invidis·

121 787 217 820 sent
237 775 408 828 Parcae,
427 787 630 819 monstro
651 772 809 819 emisso
830 772 965 819 trium
987 772 1180 832 capitum
1203 771 1263 832 (id
1280 789 1387 819 vero
1406 772 1570 832 Iupiter
1587 772 1769 819 cerebro
1788 790 1932 819 excus-

120 841 265 900 serat),
293 858 315 887 e
344 840 514 901 templo
540 840 728 901 sedeque
755 840 1053 887 exturbavere.
1080 844 1143 886 Ex
1173 858 1262 901 quo
1292 839 1449 887 effecta
1470 839 1653 901 supplex
1682 841 1929 901 precarium

121 913 318 956 Fortuna
341 926 523 969 regnum
547 908 732 956 obtinet.

916 1049 983 1091 20.
1008 1049 1133 1092 Mors
1178 1086 1182 1090 .

942 1113 1005 1168 Bi,
1028 1117 1111 1159 32v

120 1215 292 1261 Viatori
315 1232 417 1261 cum
441 1214 659 1261 incidisset
683 1214 727 1260 in
750 1215 958 1261 vastiores
978 1213 1248 1270 solitudines,
1273 1215 1362 1261 visa
1383 1228 1445 1261 est
1469 1215 1613 1261 omnis
1636 1232 1740 1274 gens
1762 1215 1928 1261 venisse

121 1282 299 1329 obviam
319 1297 448 1342 atque
466 1282 611 1328 anheli
625 1282 782 1342 singuli
803 1281 984 1342 diffugia
1001 1282 1315 1342 quaeritabant.
1332 1282 1497 1329 Aderat
1514 1297 1611 1329 atro
1629 1283 1674 1328 in
1693 1300 1808 1342 equo
1825 1282 1928 1338 fera,

122 1367 202 1396 nec
219 1367 311 1396 uno
328 1349 556 1396 dumtaxat
573 1349 710 1396 modo
729 1350 982 1410 impetebat,
998 1368 1081 1410 pro
1098 1350 1280 1396 arbitrio
1297 1364 1454 1396 cuncta
1470 1367 1696 1396 armorum
1714 1367 1872 1410 genera
1888 1364 1929 1396 et

121 1416 307 1464 feriendi
323 1418 541 1464 rationem
556 1417 835 1478 permutabat
852 1432 981 1478 atque
996 1418 1041 1463 in
1058 1417 1303 1478 fugientum
1321 1417 1532 1464 insultans
1548 1432 1681 1478 terga,
1698 1435 1816 1464 nunc
1833 1417 1927 1473 hos,

121 1503 239 1532 nunc
260 1485 357 1532 illos
377 1486 468 1532 sine
490 1485 740 1532 discrimine
761 1485 1037 1532 conficiebat.
1058 1489 1208 1544 Quare
1228 1486 1372 1532 viator
1389 1485 1730 1546 obstupefactus,
1754 1504 1856 1532 cum
1877 1485 1931 1532 ad

120 1571 217 1600 eam
245 1553 577 1600 multitudinem
606 1568 802 1600 mentem
827 1553 1049 1601 adiecisset
1074 1568 1203 1614 atque
1228 1553 1459 1601 obvolutas
1487 1553 1624 1601 oculis
1649 1553 1923 1614 singulorum

120 1621 233 1669 male
255 1621 539 1669 translucidas
561 1620 726 1669 vittas²⁴
748 1621 1015 1679 advertisset,
1038 1625 1213 1683 ‘quam,'
1239 1623 1395 1683 inquit,
1421 1626 1600 1669 ‘temere
1620 1623 1779 1669 timent
1802 1622 1927 1669 lumi-

121 1690 335 1751 nibusque
360 1691 678 1737 occaecutiunt.
703 1690 828 1750 Quid
848 1691 883 1738 si
906 1709 1038 1751 quam
1059 1691 1205 1738 vivere
1226 1706 1302 1747 est,
1325 1692 1439 1738 mori
1463 1691 1617 1738 melius
1641 1693 1672 1738 ?'

885 1832 951 1874 21.
977 1828 1164 1888 Requies

943 1896 1007 1951 Bi,
1029 1900 1107 1942 33r

119 1998 277 2045 Virum
303 1997 541 2045 Prudentia
561 1998 738 2058 petebat
759 2016 860 2045 cum
883 1998 1125 2059 pubertatis
1148 1999 1354 2059 attigisset
1377 2016 1528 2054 annos;
1555 1998 1676 2059 quod
1699 2013 1847 2045 autem
1869 2013 1931 2045 est

120 2084 173 2112 ex
212 2067 327 2112 Iovis
367 2081 464 2112 orta
503 2067 657 2126 capite,
698 2084 789 2112 non
830 2067 1090 2126 cuicumque
1131 2066 1431 2113 consentiebat
1469 2067 1665 2126 gregario
1705 2067 1926 2126 coniungi.

120 2134 311 2180 Homini
333 2133 512 2180 tandem
534 2135 694 2194 nupsit.
718 2133 766 2180 Id
783 2135 925 2180 visum
947 2134 1005 2180 ob
1028 2135 1187 2181 mentis
1207 2135 1455 2194 ingeniique
1476 2134 1734 2194 dignitatem
1754 2152 1846 2180 non
1868 2135 1929 2180 in-

120 2201 331 2248 decorum
355 2202 623 2262 coniugium,
650 2201 724 2249 diu
745 2217 894 2249 tamen
915 2198 1238 2249 infecundum²⁵
1260 2201 1356 2249 fuit.
1379 2206 1429 2248 In
1447 2217 1621 2249 senecta
1640 2201 1819 2249 tandem
1839 2220 1928 2262 gra-

119 2269 220 2316 vida
241 2269 294 2316 de
313 2270 411 2316 viro
434 2269 560 2325 facta,
580 2271 750 2330 peperit
771 2267 1080 2330 Requietem.²⁶
1102 2274 1162 2317 Ea
1182 2288 1288 2317 vero
1307 2270 1375 2317 vel
1398 2285 1497 2317 ante
1519 2288 1650 2331 quam
1669 2270 1926 2330 pubesceret

120 2355 143 2384 a
159 2338 306 2398 procis
326 2355 458 2398 quam
479 2338 627 2385 multis
646 2338 888 2398 petebatur.
908 2342 1075 2385 Verum
1096 2338 1315 2386 reiiciebat
1333 2338 1404 2385 illa
1422 2338 1600 2399 quidem
1620 2356 1922 2399 quoscumque

119 2405 314 2453 diversos
330 2407 484 2453 sectari
499 2424 670 2453 amores
687 2407 983 2467 comperisset,
1002 2424 1192 2467 quorum
1212 2406 1450 2454 nonnullos
1469 2406 1536 2454 vel
1555 2406 1610 2454 ad
1623 2406 1923 2454 voluntarium

119 2473 324 2534 laqueum
347 2474 502 2534 adegit.
523 2479 617 2535 Ipsa
636 2492 737 2522 cum
758 2475 947 2535 propriis
968 2493 1057 2522 sese
1078 2474 1268 2522 oblectat
1288 2490 1416 2535 atque
1436 2476 1586 2522 animo
1607 2493 1779 2522 morem
1801 2476 1923 2535 gerit.

869 2615 936 2656 22.
960 2610 1182 2657 Modestia

887 2679 949 2733 Bi,
972 2682 1163 2725 33v-34r

119 2781 251 2838 ‹O›ps
276 2796 377 2824 cum
402 2778 613 2838 vulgasset
639 2796 811 2839 corpus,
838 2797 890 2825 ex
913 2778 1100 2825 Plutone
1125 2779 1278 2825 extulit
1303 2780 1644 2839 Ignorationem,
1671 2797 1722 2825 ex
1745 2778 1929 2825 Phoebo

119 2863 466 2906 vero—namque
484 2847 690 2892 amavisse
705 2846 858 2893 ambos
875 2846 1252 2893 constat—eodem
1267 2861 1395 2907 partu
1410 2847 1660 2893 Notionem
1677 2861 1719 2893 et
1733 2846 1927 2893 Modest-

121 2913 222 2968 iam;
254 2927 295 2959 et
323 2914 470 2959 Notio
502 2913 681 2973 quidem
710 2914 902 2974 parentis
930 2913 1149 2960 beneficio
1181 2914 1505 2960 inter'numina
1537 2913 1730 2960 obtinuit
1761 2913 1923 2960 locum.

119 2981 293 3027 Versari
315 2998 422 3027 vero
444 2999 544 3028 cum
570 2981 823 3028 hominibus
848 2979 1128 3041 Modestiae²⁷
1149 2981 1203 3028 ad
1222 2981 1526 3028 instruendum
1552 2980 1923 3041 formandumque

122 3048 307 3095 mortale
339 3066 474 3108 genus
507 3048 683 3109 placuit.
720 3050 806 3096 Cui
842 3067 942 3096 cum
978 3064 1085 3096 esset
1119 3049 1171 3096 de
1202 3050 1474 3110 patrimonio
1510 3067 1611 3096 cum
1647 3050 1926 3109 Ignoratione

121 3130 271 3162 ortum
288 3131 525 3172 certamen,
538 3134 640 3163 nam
657 3116 977 3177 opulentissimi
994 3132 1195 3177 parentes
1209 3132 1331 3164 erant
1345 3132 1474 3177 atque
1488 3117 1922 3177 exquisitissimamm

121 3182 385 3240 delitiarum,
409 3185 631 3244 Ignoratio
651 3183 827 3231 foedere
847 3185 936 3231 icto
954 3203 1055 3232 cum
1075 3185 1318 3245 gigantibus
1340 3202 1440 3232 cum
1460 3202 1611 3232 sorore
1632 3184 1926 3244 congreditur.
