2124 3458
192 185 282 226 354
1804 190 1942 223 PART
1967 191 1998 223 V

193 329 533 376 constitutiones
556 327 842 388 appellantur.
870 328 1010 374 Licuit
1033 342 1075 374 et
1096 327 1370 387 praetoribus
1395 342 1523 388 atque
1545 327 1753 375 aedilibus
1777 328 1999 376 curulibus

193 398 286 444 iura
308 396 512 452 condere,
536 413 645 456 quae
668 395 876 442 dicuntur
899 396 1229 456 magistratuum
1253 395 1405 442 edicta.
1427 399 1467 441 Α
1490 395 1713 442 nonnullis
1738 413 1858 452 vero,
1881 395 2002 457 quod

192 483 241 513 ea
256 465 308 512 ab
325 465 391 512 his
409 465 484 526 qui
502 464 707 520 honores,
726 463 770 511 id
787 478 848 511 est
866 464 1139 524 magistratus
1154 478 1366 524 gererent,
1384 479 1772 525 componerentur,
1792 464 2001 512 honorar-

193 535 231 581 ia
260 531 398 581 sunt⁹0
431 534 671 580 nominata.
706 536 903 579 Demum
935 550 1044 593 quae
1073 532 1310 593 prudentes
1340 532 1677 593 respondebant,
1711 532 2000 581 observabant

191 602 512 663 vocabantque,
541 619 590 648 ea
616 619 821 662 responsa
849 600 1133 662 prudentum,
1164 601 1395 662 opiniones
1425 600 1587 648 scilicet
1615 619 1769 648 eorum
1797 602 1872 662 qui
1899 602 2003 649 iuris

193 671 351 718 habere
381 671 595 717 maiorem
626 670 831 717 notitiam
859 669 1141 730 putabantur,
1171 669 1412 730 quibusque
1445 674 1666 730 Augustus
1696 673 1868 727 Caesar,
1897 669 2003 731 quid

192 738 274 785 illis
304 738 542 794 videretur,
573 739 618 784 in
650 737 792 784 dubiis
826 737 953 784 rebus
984 737 1231 784 declarandi
1260 737 1419 784 fecerat
1445 752 1723 798 potestatem.
1756 737 1892 799 Apud
1922 756 2003 786 nos

189 821 364 868 praeter
387 806 605 867 populum
638 806 750 866 leges
778 805 860 853 fert
889 824 1036 862 nem0,
1066 806 1147 852 nisi
1177 824 1229 853 ex
1256 824 1381 853 causa
1409 807 1598 867 cuipiam
1627 806 1681 853 ad
1707 820 1880 867 tempus
1910 807 1999 867 ipse

191 875 502 922 auctoritatem
527 874 801 934 delegaverit.
830 877 957 933 Quae
985 889 1134 921 tamen
1159 892 1287 921 suum
1317 873 1434 925 aliud
1461 874 1685 935 quoddam
1713 892 1879 921 nomen
1907 892 2000 922 non

190 944 450 990 sortiuntur.
490 942 574 990 Sed
611 957 765 990 nostro
801 942 1032 999 vocabulo,
1072 957 1168 989 tum
1204 943 1491 1003 provisiones,
1533 957 1628 989 tum
1668 942 2004 990 reformationes

191 1011 481 1072 appellantur,
512 1011 601 1058 sive
631 1011 804 1058 sciverit
834 1029 902 1058 eas
930 1010 1133 1071 populus,
1166 1011 1255 1057 sive
1284 1010 1438 1071 populi
1469 1011 1611 1057 vicem
1641 1011 1815 1071 gesserit
1844 1010 1999 1071 populi

192 1081 307 1126 iussu
332 1080 607 1139 magistratus
629 1078 747 1125 alius.
772 1083 939 1125 Verum
963 1077 1101 1125 haec91
1125 1096 1300 1139 quoque
1323 1093 1452 1138 atque
1474 1078 1544 1125 illa
1564 1079 1793 1125 communi
1818 1079 1999 1126 nomine

191 1147 469 1208 appellantur
490 1146 614 1206 leges.

275 1220 349 1262 Est
371 1229 519 1262 autem
539 1214 622 1271 lex,
642 1229 690 1262 ut
711 1214 1005 1262 iurisconsulti
1030 1213 1272 1271 diffiniunt,
1292 1215 1460 1262 sanctio
1478 1229 1626 1262 sancta
1644 1214 1795 1262 iubens
1820 1214 2003 1262 honesta

191 1298 232 1331 et
250 1283 493 1344 prohibens
513 1277 770 1331 contraria.¹l
789 1283 913 1342 Quid
932 1298 1078 1330 autem
1098 1283 1183 1330 dici
1201 1298 1273 1330 aut
1294 1284 1528 1343 excogitari
1544 1284 1691 1343 potuit
1713 1283 1767 1330 ad
1783 1298 1898 1330 recte
1915 1284 2004 1330 viv—

191 1351 293 1399 endi
327 1353 546 1399 rationem
580 1352 659 1399 ista
690 1351 950 1398 definitione
984 1351 1379 1399 accommodatius?
1414 1351 1538 1411 Quid
1573 1351 1652 1398 hac
1683 1369 1791 1398 voce
1826 1351 2000 1399 melius?

191 1420 317 1480 Quid
343 1421 553 1468 sanctius?
582 1420 707 1479 Quid
734 1420 943 1467 divinius?
972 1424 1138 1467 Utrum
1167 1419 1419 1467 huiusmodi
1450 1419 1613 1480 aliquid
1639 1438 1662 1467 a
1687 1421 1856 1467 ratione
1883 1434 2004 1467 natu-

192 1507 323 1549 raque
350 1507 437 1536 esse
462 1488 653 1536 alienum
678 1491 845 1549 potest?
872 1492 945 1534 An
972 1503 1033 1535 est
1058 1489 1102 1534 in
1128 1489 1217 1535 vita
1240 1489 1474 1549 quicquam
1500 1488 1564 1535 his
1589 1486 1922 1535 sanctionibus⁹2
1948 1488 2003 1535 ad

190 1557 302 1604 bene
317 1557 530 1617 beateque
545 1556 785 1604 vivendum
803 1557 936 1617 magis
953 1557 1262 1604 necessarium?
1279 1556 1467 1604 Duobus
1483 1571 1594 1604 stare
1607 1556 1791 1617 pedibus
1807 1557 2004 1604 civitates

191 1626 300 1681 Bias,
324 1625 394 1672 ille
418 1626 650 1672 Prienaeus
671 1626 906 1685 sapientiae
930 1624 1046 1672 fama
1067 1625 1257 1685 insignis,
1285 1624 1427 1672 dicere
1448 1639 1538 1672 erat
1559 1624 1724 1672 solitus:
1751 1624 1889 1672 altero
1912 1625 2003 1686 qui-

191 1694 293 1741 dem
321 1712 411 1754 quo
441 1693 598 1750 bonos,
631 1712 720 1754 quo
751 1693 902 1750 malos,
933 1693 1071 1740 altero
1098 1711 1173 1740 sua
1201 1693 1418 1754 condigna
1447 1693 1570 1740 factis
1594 1694 1734 1754 pretia
1762 1707 2004 1741 manerent.

191 1762 317 1821 Quid
339 1762 457 1809 aliud
475 1762 655 1809 tandem
675 1761 788 1822 leges
807 1764 981 1809 curant?
1003 1761 1127 1821 Quid
1146 1761 1227 1809 sibi
1247 1761 1404 1809 volunt
1424 1761 1557 1822 leges?
1578 1761 1703 1821 Quid
1723 1775 2002 1822 expectamus

191 1849 214 1878 a
235 1830 421 1891 legibus?
447 1830 573 1889 Quid
593 1830 880 1891 pollicentur?
908 1830 1032 1889 Quid
1052 1832 1294 1890 praestant?
1316 1834 1483 1877 Nonne
1507 1829 1751 1877 accendunt
1772 1829 1826 1877 ad
1846 1829 2006 1877 decora

191 1899 359 1959 egregia
374 1899 545 1945 animos
564 1898 734 1945 honore
750 1899 1040 1959 praemiisque
1055 1899 1313 1959 propositis?
1331 1901 1400 1945 De
1416 1897 1690 1954 fortitudine,
1707 1897 1759 1944 de
1773 1898 2001 1945 continen-

190 1968 264 2023 tia,
282 1966 334 2014 de
351 1967 515 2014 iustitia
532 1985 586 2014 ne
601 1966 857 2027 philosophi
879 1966 1057 2027 quidem
1075 1966 1142 2013 vel
1160 1966 1382 2028 disputant
1399 1966 1658 2028 prudentius
1674 1965 1743 2013 vel
1761 1966 2002 2013 accuratius

191 2035 296 2083 dant
319 2050 565 2096 praecepta.
592 2039 701 2095 Quo
728 2050 770 2083 te
794 2053 913 2096 geras
937 2050 1068 2096 pacto
1093 2035 1279 2083 edocent
1303 2035 1429 2096 leges,
1457 2053 1598 2096 neque
1624 2032 1834 2083 tantum⁹³
1862 2034 2000 2082 modo

190 2105 413 2151 instruunt
440 2119 487 2151 ut
513 2104 753 2151 vivendum
779 2105 832 2151 sit
857 2104 950 2160 tibi,
976 2104 1051 2151 sed
1076 2105 1206 2151 etiam
1231 2104 1336 2165 quid
1361 2122 1461 2151 cum
1487 2103 1630 2151 alteris
1655 2103 1887 2151 contrahas
1908 2104 2000 2151 sine

191 2174 349 2220 iniuria
381 2174 671 2220 constituunt.
707 2173 806 2220 Illae
837 2191 945 2233 quae
978 2173 1031 2220 ad
1061 2172 1285 2230 familiam,
1318 2191 1425 2234 quae
1458 2172 1512 2220 ad
1541 2173 1777 2230 civitatem,
1807 2190 1916 2234 quae
1948 2172 2003 2220 ad

190 2259 324 2288 omne
352 2259 492 2301 prope
522 2241 765 2288 humanum
794 2259 927 2301 genus
953 2242 1175 2302 pertinent
1204 2242 1471 2288 exactissime
1495 2256 1793 2302 persecuntur.
1822 2241 1998 2288 Etenim

190 2309 312 2369 quod
330 2323 445 2356 recte
462 2309 648 2356 domum
670 2310 872 2365 instituis,
893 2309 1014 2370 quod
1031 2327 1131 2356 cum
1150 2328 1301 2366 uxore,
1320 2327 1420 2356 cum
1440 2309 1598 2365 liberis,
1617 2327 1717 2356 cum
1734 2310 1881 2365 servis,
1901 2327 2002 2356 cum

190 2377 360 2424 colonis
382 2378 467 2424 tuis
485 2378 576 2424 sine
597 2377 761 2424 invidia
779 2378 972 2433 versaris,
993 2377 1114 2438 quod
1132 2392 1174 2424 te
1191 2392 1353 2434 amant,
1372 2377 1492 2438 quod
1513 2392 1768 2424 reverentur
1782 2378 1860 2433 tui,
1881 2377 2003 2438 quod

191 2444 433 2492 formidant
455 2446 706 2506 imperium,
730 2445 851 2506 quod
873 2460 915 2492 te
935 2446 1079 2492 virum
1099 2460 1327 2506 parentem
1349 2445 1582 2493 dominum
1607 2445 1855 2502 observant,
1878 2445 1999 2506 quod

190 2513 352 2569 ferunt,
380 2513 502 2574 quod
527 2513 608 2560 tibi
635 2513 903 2560 obsecuntur
930 2528 971 2560 et
995 2528 1164 2574 parent,
1191 2513 1242 2561 fit
1266 2513 1560 2574 pulcherrime
1588 2513 1731 2574 legum
1759 2513 1996 2561 beneficiis.

190 2585 318 2639 Quae
337 2581 508 2627 bonum
530 2581 711 2628 deceant
728 2582 868 2628 civem
887 2596 928 2628 et
947 2581 1116 2628 bonum
1136 2582 1295 2637 virum,
1314 2581 1430 2628 unde
1451 2581 1620 2628 haurias
1639 2599 1771 2641 quam
1789 2599 1812 2628 a
1830 2581 1995 2641 legibus

190 2648 378 2695 facilius?
397 2653 519 2695 Nam
536 2649 571 2695 si
590 2667 691 2695 cum
709 2650 947 2709 peregrinis
967 2667 1031 2696 res
1048 2664 1124 2705 est,
1143 2649 1243 2696 inde
1262 2649 1463 2696 officium
1481 2648 1587 2710 quid
1603 2650 1656 2696 sit
1673 2663 1799 2696 tuum
1820 2666 1999 2709 cognos-

190 2716 380 2764 cendum
400 2731 475 2763 est.
493 2719 696 2764 Tuentur
715 2716 945 2778 hospitalia
962 2718 1055 2764 iura
1071 2717 1196 2777 leges,
1215 2717 1450 2764 conciliant
1469 2717 1692 2773 amicitias,
1710 2716 1866 2777 quibus
1886 2716 1995 2763 nihil

190 2800 252 2832 est
274 2786 319 2831 in
341 2786 431 2832 vita
449 2785 616 2841 melius,
641 2800 683 2832 et
702 2786 937 2832 vicinitatis
957 2785 1098 2832 bonae
1121 2800 1249 2846 atque
1268 2785 1494 2832 affinitatis
1512 2800 1559 2832 ut
1579 2799 1680 2832 sunt
1703 2785 1798 2832 illae
1819 2784 1998 2846 quidem

188 2853 433 2914 praeclarae
454 2867 667 2910 auctores,
689 2854 748 2900 ita
765 2871 914 2900 earum
935 2872 1110 2914 quoque
1134 2872 1314 2900 munere
1336 2868 1464 2914 atque
1485 2871 1617 2914 opera
1637 2852 1994 2900 commodissime

191 2936 520 2968 conservantur.
551 2921 650 2968 Illae
680 2921 859 2968 militiae
886 2922 1103 2977 victorias,
1133 2921 1227 2968 illae
1255 2921 1377 2968 domi
1406 2921 1656 2981 triumphos
1685 2935 1854 2981 parant,
1882 2935 1923 2968 et
1952 2921 1997 2967 in

270 3145 286 3169 ¹¹
307 3150 406 3194 Ibid„
430 3150 474 3188 cf.
497 3151 638 3194 Cicero,
658 3152 713 3188 De
732 3150 788 3198 leg.
815 3153 897 3194 Ι,18.
920 3152 984 3188 On
1004 3150 1231 3198 law-making
1253 3151 1292 3187 in
1312 3149 1493 3194 Florence,
1513 3163 1569 3187 see
1592 3149 1763 3194 G.Guidi,
1786 3149 1818 3187 Il
1836 3151 1999 3187 Govemo

189 3201 279 3240 della
296 3202 582 3251 cittd-repubblica
601 3202 639 3239 di
656 3205 794 3240 Firenze
808 3202 865 3240 del
875 3206 990 3251 primo
1011 3204 1267 3249 Quattrocento,
1289 3201 1469 3246 Florence,
1491 3205 1588 3246 1981,
1609 3205 1633 3246 Ι,
1653 3205 1774 3239 51-55.
