2124 3458
209 184 300 225 372
1820 191 1959 226 PART
1983 192 2015 225 v

209 328 380 376 Cedere
403 346 511 376 vero
535 327 781 375 Modestiae
804 328 967 389 placuit
993 346 1125 389 quam
1151 329 1285 376 risum
1313 328 1413 376 dare
1439 343 1480 377 et
1503 328 1656 377 ludum
1682 329 2012 391 spectatoribus.

207 398 294 444 Vix
329 398 374 443 in
407 415 497 457 quo
530 396 688 443 deinde
720 396 885 444 habitet
919 411 981 444 est
1013 396 1187 444 relictus
1216 396 1350 444 locus.
1386 399 1555 445 Tamen
1585 398 1747 445 sororis
1780 398 2019 459 implorato

208 466 406 521 numine,
431 465 540 512 vivit
563 465 734 512 beatior
753 465 839 512 suis
861 466 1137 526 propriisque
1163 480 1372 513 contenta
1391 465 1565 513 divitiis.

951 606 1017 648 23.
1043 605 1282 649 Certamen

1035 670 1098 726 Bi,
1121 674 1198 717 34r

207 777 439 819 ‹N>octem
466 790 623 819 aurora
648 790 749 819 cum
775 787 946 832 urgeret
972 790 1113 832 neque
1138 772 1387 819 advenienti
1413 773 1502 820 eius
1526 772 1613 820 luci
1636 787 1781 833 posset
1810 774 2019 830 resistere,

206 858 315 887 sano
338 839 519 901 quidem
541 839 727 887 consilio
751 839 996 887 cedendum
1019 858 1106 887 esse
1128 841 1319 901 tempori
1343 841 1618 888 existimavit.
1640 845 1752 888 Mox
1772 858 1893 897 vero,
1915 858 2017 888 cum

206 909 403 956 securior
421 907 560 956 factus
580 908 716 956 hostis
736 926 894 969 campo
915 909 1173 965 excessisset,
1190 912 1298 955 Nox
1319 926 1490 956 rursum
1509 908 1674 970 prodiit
1693 908 1944 970 locumque,
1966 908 2019 957 de

208 995 298 1038 quo
319 991 543 1024 certamen
562 991 666 1033 erat,
685 977 928 1038 occupavit.
952 976 1056 1024 Inde
1073 995 1153 1038 per
1169 978 1284 1024 vices
1302 992 1495 1038 regnant.
1516 976 1645 1024 Adeo
1664 978 1709 1023 in
1728 977 1855 1025 rebus
1875 976 2018 1025 dubiis

206 1063 500 1106 perseverasse
524 1042 600 1092 et²⁸
625 1063 718 1092 rem
738 1045 981 1106 prudenter
1000 1046 1171 1105 gessisse
1196 1046 1326 1092 iuvat.

943 1186 1010 1229 24.
1036 1186 1192 1229 Homo
1216 1186 1288 1239 [II]

1006 1250 1069 1306 Bi,
1092 1254 1227 1297 34r-v

206 1351 412 1399 <C>allida
433 1351 585 1413 vulpes
610 1366 651 1399 et
672 1369 905 1412 generosus
929 1351 999 1399 leo
1021 1369 1122 1399 cum
1146 1352 1191 1398 in
1212 1351 1318 1399 silva
1341 1351 1454 1399 forte
1477 1352 1797 1408 convenissent,
1818 1352 1943 1412 prior
1964 1350 2019 1399 ad

206 1420 384 1468 leonem
411 1421 554 1481 inquit
581 1419 747 1480 vulpes,
777 1419 923 1467 ‘Unde
950 1434 997 1467 tu
1021 1438 1142 1476 vero,
1169 1438 1196 1467 o
1220 1419 1305 1476 leo,
1331 1421 1391 1467 ita
1411 1419 1689 1480 subtrepidus
1718 1421 1749 1467 ?'
1777 1423 1852 1467 ‘At
1878 1419 2017 1467 horno

207 1489 424 1549 exagitat‚'
450 1488 690 1549 respondit.
719 1490 836 1535 Tum
861 1487 1026 1548 vulpes,
1056 1489 1202 1535 ‘etiam
1226 1502 1288 1544 tu,
1315 1502 1465 1535 noster
1489 1506 1577 1544 rex,
1603 1487 1818 1535 formidas
1836 1487 1976 1535 larvas
2002 1489 2019 1534 ?

207 1557 420 1603 Hominis
446 1557 566 1603 noris
592 1574 672 1616 ego
696 1574 841 1603 mores
866 1555 1012 1603 velim:
1037 1556 1072 1603 si
1098 1555 1221 1616 fugis,
1247 1555 1386 1603 audax
1411 1570 1487 1612 est3
1509 1556 1544 1602 si
1568 1556 1667 1615 agis,
1694 1554 1835 1615 fugax.
1859 1559 2020 1616 Neque

208 1625 295 1672 iam
319 1624 458 1671 homo
484 1624 623 1671 homo
647 1638 723 1671 est:
746 1623 922 1671 videtur
943 1623 1110 1671 homo?

987 1766 1054 1808 25.
1078 1760 1244 1808 Seditio

1032 1830 1094 1886 Bi,
1117 1834 1201 1877 34V

206 1935 388 1981 ‹E>iecta
407 1933 528 1981 caelo
544 1933 724 1990 Seditio,
744 1951 852 1994 quae
871 1933 976 1980 deos
994 1934 1125 1981 etiam
1144 1932 1504 1994 quandoque—ut
1522 1947 1678 1994 poetae
1697 1931 2020 1980 tradiderunt—

207 2002 464 2063 caelumque
494 2003 668 2049 vexavit
698 2002 984 2062 armavitque,
1014 2002 1139 2049 terris
1169 2001 1348 2048 tandem
1379 2001 1591 2057 incubuit;
1622 2015 1909 2062 posteaquam
1940 2000 2020 2048 ele·

207 2085 358 2118 menta
377 2088 553 2131 quoque
574 2084 615 2117 et
635 2088 782 2117 rerum
801 2071 968 2117 semina
989 2069 1073 2116 huc
1094 2069 1358 2117 descendens
1376 2068 1606 2125 infecisset,
1623 2086 1704 2130 per
1719 2069 1894 2116 Saturni
1911 2082 2019 2116 tem-

204 2157 316 2200 pora
352 2157 461 2200 quae
497 2153 673 2195 vocant,
708 2139 782 2184 vix
815 2137 993 2199 prodire
1030 2139 1075 2184 in
1111 2137 1338 2199 publicum
1378 2156 1478 2185 ausa
1512 2152 1586 2184 est.
1623 2138 1796 2184 Privata
1830 2136 2019 2198 hospitia

207 2207 479 2268 quaeritabat
507 2225 717 2267 aegreque
745 2207 819 2267 qui
847 2207 936 2254 eius
965 2206 1076 2254 ferre
1103 2206 1264 2254 diutius
1290 2220 1435 2267 posset
1465 2223 1623 2262 mores,
1651 2205 1810 2266 garula,
1838 2205 2014 2266 loquax,

204 2275 421 2335 petulans,
445 2293 570 2331 vana,
595 2274 827 2322 ambitiosa
851 2274 1113 2321 inveniebat.
1140 2277 1351 2321 Ceterum
1374 2288 1496 2321 tanta
1517 2274 1652 2320 inesse
1677 2272 1821 2320 forma
1844 2272 2017 2320 videba-

206 2357 292 2399 tur,
312 2357 460 2390 tantus
478 2343 523 2389 in
542 2360 746 2389 sermone
766 2342 901 2403 lepos,
924 2357 971 2389 ut
989 2341 1057 2389 vel
1077 2342 1239 2389 invitos
1259 2342 1333 2402 qui
1351 2341 1621 2402 adspicerent
1638 2341 1727 2388 sive
1746 2340 2015 2401 alloqueren—

206 2426 292 2467 tur,
308 2410 363 2458 ad
376 2429 419 2458 se
436 2410 669 2458 amandam
687 2409 1069 2471 recipiendamque
1082 2409 1354 2471 pertraheret
1368 2424 1431 2466 ut,
1445 2408 1656 2470 paulatim
1671 2407 2012 2470 pulchritudinis

205 2479 380 2540 vulgata
407 2478 536 2536 fama,
565 2483 702 2540 Reges
731 2497 906 2540 quoque
936 2493 977 2526 et
1005 2479 1232 2526 civitatum
1259 2478 1477 2539 principes
1506 2492 1547 2525 et
1571 2476 1726 2538 populi
1757 2476 2013 2524 adamarint.

205 2548 407 2596 Tandem
428 2566 605 2609 regnare
626 2566 801 2609 quoque
823 2565 924 2595 cum
945 2548 1278 2608 concupivisset,
1301 2546 1455 2594 orbem
1477 2546 1605 2594 evicit
1623 2560 1671 2593 ut
1691 2564 1744 2593 ne
1764 2563 1903 2593 unum
1925 2545 2015 2606 qui-

206 2617 308 2664 dem
331 2618 528 2664 invenire
552 2618 637 2664 iam
658 2617 796 2677 possis
820 2617 895 2677 qui
917 2634 940 2663 a
959 2634 1003 2663 se
1026 2617 1120 2676 ipso
1144 2634 1236 2663 non
1259 2615 1472 2663 dissideat.

933 2757 1000 2799 26.
1024 2751 1289 2799 Miraculum

1004 2820 1067 2875 Bi,
1090 2824 1223 2866 35r-v

205 2923 397 2969 Novitas
414 2939 515 2968 cum
534 2921 723 2968 Chrono
743 2921 954 2982 nupsisset
972 2921 1120 2981 primo
1139 2921 1358 2980 coniugio,
1375 2920 1544 2980 peperit
1561 2918 1868 2974 Thaumatem‚
1886 2918 1957 2965 cui
1972 2931 2014 2965 et

206 2989 427 3036 Miraculo
446 2989 528 3036 fuit
548 3007 726 3036 nomen.
751 2993 788 3036 Is
806 2989 884 3035 etsi
902 2988 1041 3035 videri
1057 2989 1203 3049 potuit
1223 3006 1323 3034 cum
1344 3002 1593 3034 nasceretur
1606 2985 1818 3047 pusillior,
1842 3003 1948 3032 mox
1965 2999 2014 3032 ut

207 3058 252 3103 in
273 3057 416 3104 lucem
438 3056 604 3117 prodiit
626 3074 718 3103 non
739 3057 875 3103 visam
897 3070 1023 3102 antea
1040 3055 1246 3102 omnibus
1268 3054 1420 3102 seculis
1441 3055 1486 3100 in
1507 3053 1855 3114 magnitudinem
1875 3051 2017 3099 adole—

206 3125 269 3171 vit
294 3139 342 3171 ut
368 3124 477 3170 nihil
505 3138 612 3171 esset
638 3124 683 3169 in
708 3124 914 3170 universo
941 3123 1047 3170 orbe
1075 3122 1383 3178 admirabilius,
1410 3121 1526 3169 unde
1551 3135 1593 3168 et
1617 3138 1782 3167 nomen
1807 3119 2011 3167 inditum.

205 3197 373 3239 Verum
397 3210 503 3238 mox
526 3209 627 3238 cum
650 3192 858 3238 senuisset
882 3205 924 3238 et
946 3190 1101 3251 negligi
1124 3204 1231 3237 esset
1252 3204 1432 3250 coeptus
1455 3189 1507 3236 ab
1531 3189 1595 3236 his
1618 3188 1733 3249 apud
1754 3205 1864 3248 quos
1886 3201 2013 3234 natus
