2118 3444
199 158 291 199 320
1809 162 1947 196 PART
1972 163 2003 195 V

199 301 339 349 valete
360 316 401 348 et
423 300 559 347 redite
580 301 852 347 ornatiores.'
877 300 1039 346 Tristes
1060 299 1252 360 Apologi
1276 317 1376 346 cum
1399 299 1582 355 abirent,
1606 303 1718 346 ‘Nos
1739 317 1843 360 ergo
1864 317 2005 347 exem-

198 370 275 430 plo
295 370 485 425 erimus,'
509 368 726 424 dicebant,
748 371 809 415 ‘ut
829 385 920 414 non
940 368 1185 427 arrogantia
1203 382 1244 414 et
1261 368 1466 423 vanitate,
1482 367 1557 414 sed
1574 385 1676 414 vera
1691 368 1852 415 virtute
1870 367 2008 428 gloria

198 441 403 499 petatur.'

943 577 1010 618 45.
1035 570 1271 617 Prudentia

201 680 320 723 Cum
340 675 531 736 populus
554 675 647 722 Iovi
665 693 749 735 pro
769 674 982 730 libertate,
1000 674 1136 721 Marti
1151 692 1235 734 pro
1255 674 1438 721 victoria
1457 674 1754 734 imperatores,
1775 692 1859 735 pro
1879 673 2007 735 frugi-

200 745 281 791 bus
303 743 515 804 agricolae
537 744 689 790 Cereri
710 742 1036 798 sacrificassent,
1058 742 1376 802 responderunt
1399 742 1581 789 numina
1604 741 1797 789 colerent
1820 741 2010 789 Pruden-

200 813 321 859 tiam.
354 812 479 858 Missi
513 829 616 871 ergo
650 810 831 857 honoris
864 810 999 870 gratia
1028 809 1168 870 legati,
1201 810 1561 856 renuntiaverunt
1594 824 1680 856 tres
1712 809 1829 856 illam
1861 809 2007 856 vultus

201 879 455 935 ostendisse,
487 879 562 940 qui
591 878 904 939 triangulatum
935 878 1055 925 miris
1086 877 1229 924 modis
1258 892 1386 938 caput
1416 892 1691 924 exornarent.
1723 882 1772 923 In
1801 895 1901 925 eum
1933 878 2009 938 qui

201 947 530 1009 praeferebatur
545 962 674 1007 atque
693 961 783 993 erat
802 946 1052 1006 neglectior,
1070 946 1196 1006 pauci
1216 945 1456 993 admodum
1476 945 1742 1006 spectabant.
1761 945 2009 993 Multitudo

202 1017 321 1064 enim
347 1034 456 1077 quae
479 1011 856 1071 circumstabat,¹¹⁶>
882 1015 1084 1061 omnium
1108 1032 1245 1075 paene
1268 1014 1464 1074 gentium
1489 1028 1530 1060 et
1550 1013 1820 1074 populorum
1848 1014 1893 1060 in
1916 1031 2012 1060 eam

200 1099 373 1146 partem
400 1083 611 1131 defixerat
638 1079 888 1139 intuitus‚1¹⁷
921 1101 1043 1143 quae,
1071 1097 1118 1129 ut
1147 1082 1304 1129 clarior
1328 1082 1560 1143 apparebat
1589 1096 1630 1129 et
1655 1082 1921 1142 promptior,
1953 1082 2013 1129 ita

202 1153 451 1200 oblectabat
482 1152 628 1212 magis.
660 1156 781 1198 Nam
811 1152 991 1198 tertium
1022 1150 1215 1211 quidem,
1246 1165 1287 1197 et
1315 1150 1436 1211 quod
1466 1150 1602 1197 oculis
1632 1164 1795 1197 careret
1822 1164 1863 1197 et
1891 1149 2012 1197 linia-

203 1235 353 1268 menta
378 1220 587 1267 informia
609 1219 865 1267 viderentur
886 1234 934 1266 ut
958 1220 1031 1265 vix
1055 1237 1078 1266 a
1101 1219 1219 1279 genis
1244 1236 1366 1266 nares
1389 1233 1460 1266 aut
1486 1218 1538 1265 ab
1564 1218 1628 1265 his
1652 1217 1772 1265 labra
1794 1232 1866 1265 aut
1890 1235 2013 1265 aures

201 1290 339 1351 possis
365 1289 633 1349 dignoscere,
658 1288 987 1335 admirabantur
1007 1302 1180 1334 tantum
1204 1302 1244 1334 et
1267 1287 1431 1347 ingenti
1454 1286 1760 1334 afficiebantur
1781 1286 2010 1343 desiderio,

203 1357 309 1419 quid
326 1375 374 1404 ea
388 1375 488 1418 pars
506 1358 565 1404 ita
581 1357 820 1416 obtegeret,
838 1355 1143 1416 cognoscendi.
1166 1355 1305 1414 ‘Quid
1325 1355 1422 1411 hoc,
1441 1373 1614 1416 quaeso,
1634 1355 1820 1402 monstri
1841 1358 1932 1411 est,’
1951 1355 2011 1401 in·

203 1427 297 1487 quit
318 1430 505 1481 Faunus,
530 1426 605 1486 qui
626 1443 678 1471 ex
698 1424 845 1485 legatis
865 1442 977 1471 unus
1000 1423 1153 1480 fuerat;
1177 1424 1272 1470 ‘nisi
1294 1438 1495 1484 tempora
1514 1438 1561 1470 ut
1583 1437 1821 1470 noscantur
1842 1437 2009 1479 monet,

204 1494 369 1541 inutilis
394 1508 455 1540 est
478 1493 666 1553 legatio.’

931 1633 998 1675 46.
1023 1627 1289 1674 Excellentia

204 1735 323 1778 Cum
347 1749 470 1791 aegre
492 1730 671 1791 quidam
694 1729 825 1776 ferret
847 1730 892 1775 in
915 1730 1123 1776 convivio
1146 1747 1237 1775 non
1259 1747 1339 1776 suo
1362 1728 1475 1784 loco,
1498 1743 1546 1775 ut
1566 1742 1740 1788 putaret
1763 1728 1866 1788 ipse,
1890 1726 2012 1788 quod

204 1799 504 1855 discubuisset,
536 1798 665 1859 idque
694 1816 769 1844 rex
793 1798 1005 1854 sensisset,
1035 1815 1127 1844 rem
1155 1796 1310 1844 detulit
1337 1796 1390 1844 ad
1412 1811 1583 1857 patrem
1610 1795 1807 1852 familias,
1834 1813 2010 1856 gravem

203 1869 349 1915 virum
377 1882 419 1914 et
444 1866 680 1928 prudentia
706 1867 1052 1926 auctoritateque
1076 1879 1382 1926 praestantem.
1411 1869 1449 1912 Is
1474 1864 1528 1912 ad
1551 1882 1595 1912 se
1621 1878 1782 1911 vocato
1808 1864 2012 1911 convivia

204 1951 334 1997 atque
364 1950 570 1982 excusato
596 1936 717 1995 prius
750 1934 1000 1981 humaniter
1028 1951 1188 1990 errore,
1218 1933 1397 1980 demum
1430 1932 1541 1980 infit:
1573 1936 1661 1979 ‘An
1690 1947 1738 1979 tu
1767 1932 1952 1992 ignoras,
1984 1949 2013 1978 o

206 2004 376 2065 hospes,
406 2003 513 2050 illud
537 2004 854 2064 Aristippeum,
884 2002 1005 2063 quod
1030 2003 1063 2049 is
1088 2001 1229 2049 dicere
1251 2001 1540 2062 philosophus
1568 2000 1755 2048 solebat?
1779 1999 2012 2061 Sapiendo,

205 2090 337 2133 quam
359 2071 568 2128 sedendo,
589 2072 738 2132 potius
762 2089 849 2118 esse
871 2085 918 2118 ut
942 2070 1148 2117 excelleas
1166 2069 1523 2131 procurandum?

1016 2212 1082 2254 47.
1107 2210 1206 2253 Sors

204 2310 406 2366 Vincula,
432 2310 589 2370 quibus
612 2309 836 2369 colligatae
859 2327 882 2356 a
902 2309 1055 2356 lictore
1078 2323 1199 2355 erant
1219 2323 1418 2355 strenuae
1439 2323 1480 2354 et
1502 2307 1684 2354 decorae
1704 2325 1871 2362 manus,
1896 2324 2015 2366 roga-

205 2379 310 2426 bant
331 2378 547 2439 supplices
570 2392 617 2425 ut
638 2377 925 2424 solverentur:
949 2376 1178 2437 indignum
1202 2394 1303 2432 esse,
1326 2393 1434 2436 quae
1455 2376 1617 2423 totiens
1637 2393 1738 2422 cum
1758 2374 1949 2435 superbo
1971 2388 2013 2421 et

205 2446 390 2494 terribili
424 2446 547 2493 hoste
583 2445 918 2493 decertavissent
950 2463 997 2492 ac
1027 2463 1110 2505 pro
1142 2445 1370 2491 communi
1404 2443 1539 2491 salute
1571 2442 1719 2490 foedas
1751 2443 2014 2503 accepissent

204 2515 363 2576 plagas,
386 2514 611 2561 mutilatos
631 2532 807 2574 quoque
829 2513 1109 2560 ostendentes
1128 2512 1298 2573 digitos,
1320 2530 1428 2573 quae
1447 2510 1727 2572 tyrannidem
1749 2510 2013 2571 depulissent

206 2583 314 2630 olim
335 2601 358 2630 a
376 2582 616 2630 cervicibus
636 2596 677 2629 et
694 2581 942 2628 libertatem
959 2595 1212 2637 servassent,
1231 2598 1353 2641 quae,
1373 2580 1569 2627 mactatis
1586 2579 1755 2639 regibus
1775 2593 1816 2626 et
1834 2577 2015 2626 devictis

207 2651 474 2707 nationibus,
503 2650 768 2711 amplissima
792 2649 846 2697 ad
866 2650 1099 2710 imperium
1125 2667 1255 2709 regna
1277 2666 1325 2696 ac
1343 2648 1591 2709 provincias
1613 2647 1881 2703 adiecissent,
1903 2664 2013 2707 quae

206 2719 387 2767 tandem
404 2733 471 2766 tot
491 2718 650 2766 decora
665 2718 889 2778 trophaea,
908 2732 975 2764 tot
993 2717 1205 2777 gloriosos
1226 2716 1474 2777 triumphos
1497 2716 1758 2763 invexissent
1778 2714 2015 2762 duxissent-

207 2806 290 2848 que
320 2783 544 2834 vinctos¹¹⁸
576 2801 644 2833 tot
673 2787 868 2846 captivos
897 2785 1054 2841 hostes,
1083 2800 1130 2832 ut
1159 2786 1272 2845 ipsae
1302 2784 1452 2840 modo,
1483 2785 1542 2831 ita
1567 2798 1715 2844 captae
1741 2783 2014 2843 vinctaeque,

207 2855 261 2903 ad
276 2855 320 2902 id
339 2855 640 2915 redigerentur
656 2855 941 2901 miseriarum.
964 2857 1081 2901 Cum
1099 2867 1262 2900 starent
1278 2867 1427 2900 tamen
1445 2851 1727 2899 inexorabilia
1745 2850 1816 2898 illa
1833 2849 2012 2911 quidem

207 2939 248 2970 et
267 2923 536 2970 obdurarent
555 2923 771 2983 precibus,
792 2937 839 2969 ut
859 2921 977 2968 caedi
993 2922 1124 2968 etiam
1143 2920 1308 2968 facilius
1325 2938 1450 2981 posse
1471 2938 1602 2980 quam
1618 2919 1728 2966 solvi
1746 2918 2014 2974 viderentur,

209 3009 363 3038 manus
381 3009 488 3037 vero
508 2991 676 3037 enixius
694 3005 741 3036 ut
759 2990 1035 3036 solverentur
1051 3003 1265 3049 peterent,
1283 2987 1600 3048 responderunt
1621 2986 1806 3033 vincula:
1829 2989 1907 3033 ‘Ita
1922 3000 2013 3032 tan-

208 3059 309 3105 dem
331 3076 424 3105 sors
448 3073 509 3104 est
533 3076 692 3104 rerum.
717 3062 842 3103 Ferte
865 3075 1010 3103 rerum
1033 3059 1226 3103 sortem.'
