2124 3458
134 174 307 208 POEMS

335 315 566 358 Errantem
587 310 752 371 aspexit
774 326 844 356 me
866 308 1084 356 Cerberus
1106 308 1385 369 incaluitque,

419 378 498 425 Nil
522 377 608 425 tela
627 392 699 425 aut
722 394 857 433 arcus,
881 394 961 424 nec
981 376 1153 424 valuere
1174 375 1318 437 pedes3

336 447 608 507 Assequitur,
632 446 861 506 tenuitque
883 444 1011 501 serus,
1034 445 1211 505 vimque
1235 443 1382 491 intulit
1405 443 1559 500 audax;
1698 458 1735 490 15

419 518 496 562 Me
517 514 734 570 miseram,
757 512 903 574 quales
924 512 984 559 nil
1006 527 1190 574 potuere
1210 514 1372 574 preces!

336 582 545 638 Inclamo,
568 581 786 629 obluctor.
810 580 894 628 Sed
915 599 1015 628 cum
1039 580 1197 628 frustra
1217 581 1368 628 omnia
1389 595 1576 641 tempto,

420 655 487 697 Ac
506 667 641 711 pereo
662 649 814 697 divum
838 650 1020 696 numina
1042 663 1199 696 cuncta
1218 666 1391 696 vocans:

336 722 458 765 “Vos
481 735 510 765 o
531 735 623 774 vos,
648 718 842 778 inquam,
864 716 1016 764 saltem
1037 717 1274 764 succurrite
1294 716 1535 777 Nymphae

418 785 648 841 Silvarum,
670 802 763 841 vos,
786 802 815 832 o
837 784 987 832 discite
1008 784 1151 831 adesse
1171 785 1312 845 piae.''
1695 799 1737 830 20

334 853 557 901 Audivere
579 853 683 900 deae
703 867 745 900 et
767 853 910 900 rivum
933 851 1073 899 fecere
1093 852 1320 899 calentem.

417 922 487 968 Sic
507 939 602 982 ego,
624 922 685 968 sic
706 920 810 968 diris
831 920 1042 981 expedior
1061 920 1274 967 manibus.

334 993 402 1037 Ac
423 1007 555 1050 quam
576 989 684 1036 scire
706 988 826 1036 dedit
847 988 1087 1036 medicinae
1107 987 1261 1036 Delius
1283 1003 1435 1036 artem.

419 1062 550 1105 Hanc
570 1075 747 1119 quoque
769 1075 901 1118 quam
923 1058 1063 1104 cernis
1084 1056 1250 1104 fervida
1267 1056 1435 1118 limpha
1457 1071 1590 1104 tenet.

334 1126 528 1174 Indoluit
551 1125 754 1173 Phoebus
776 1125 1092 1186 lachrimasque
1115 1125 1331 1186 impendit
1354 1140 1521 1173 amatae
1694 1140 1735 1171 25

418 1198 486 1241 Ac
505 1197 637 1254 Styga
658 1194 829 1250 iuravit,
850 1194 1057 1250 Cerbere,
1079 1193 1239 1241 damna
1259 1208 1345 1241 tua.

332 1266 492 1310 Saxum
516 1276 606 1309 erat
628 1261 899 1309 horrendum
923 1276 1181 1322 vastumque
1204 1276 1246 1309 et
1267 1262 1432 1309 montis
1455 1261 1510 1309 ad
1529 1262 1665 1308 instar

418 1330 571 1378 Celsus
593 1331 838 1391 praeruptis
858 1330 1053 1391 undique
1076 1329 1373 1391 fragminibus.

333 1403 383 1444 In
403 1416 581 1445 summo
603 1416 755 1458 specus
777 1398 887 1445 altus
908 1413 998 1445 erat
1018 1416 1254 1458 caecaeque
1273 1398 1477 1445 tenebrae

418 1467 593 1513 Passim.
616 1465 701 1513 Sed
719 1467 894 1526 gravior
913 1466 1089 1526 spiritus
1112 1466 1229 1513 intus
1251 1465 1386 1522 olens,
1693 1481 1736 1511 30

332 1534 552 1581 Marcenti
572 1534 783 1594 quoniam
804 1547 1033 1594 putrerent
1055 1534 1205 1580 omnia
1226 1533 1331 1580 tabo

418 1605 527 1661 Quo
548 1619 713 1648 semesa
733 1602 874 1648 iacent
893 1602 1057 1648 viscera
1077 1616 1119 1648 et
1140 1619 1235 1648 ossa
1255 1601 1408 1658 boum,

333 1673 463 1729 Quos
485 1685 657 1716 vectare
678 1669 869 1716 humeris
891 1670 1017 1716 vivos
1038 1684 1081 1716 et
1101 1669 1290 1717 condere
1312 1670 1358 1716 in
1380 1684 1509 1717 antro

416 1738 565 1784 Suevit
587 1751 629 1784 et
650 1737 753 1784 hinc
775 1737 971 1785 rabidam
993 1738 1233 1785 consatiare
1254 1737 1430 1785 famem.

333 1805 504 1853 Crudas
527 1805 811 1853 mandentem
833 1820 875 1853 et
894 1820 1120 1866 sugentem
1142 1806 1360 1866 sanguinis
1383 1805 1521 1853 undas
1693 1820 1733 1852 35

417 1875 679 1921 Arcitenens
700 1873 812 1930 fixit,
833 1874 997 1921 viscera
1017 1888 1145 1935 rupta
1165 1873 1323 1921 fluunt.

331 1941 415 1988 Sed
434 1956 608 2002 poterat
629 1943 781 1998 varias,
802 1941 933 1989 libeat
955 1941 1107 1998 modo,
1129 1960 1300 1989 sumere
1323 1941 1487 1989 formas

417 2010 650 2066 Cerberus,
675 2024 716 2057 et
737 2024 843 2057 tunc
863 2028 906 2058 se
928 2009 1088 2058 fecerat
1107 2009 1177 2058 ille
1199 2028 1365 2058 canem.

331 2082 559 2125 Moestum
582 2078 876 2125 oblatrantem
898 2078 1129 2139 dirumque
1152 2093 1194 2126 et
1214 2093 1388 2139 gutture
1409 2093 1539 2126 terno

416 2146 602 2193 Fumida
623 2161 870 2193 ructantem
891 2146 1099 2207 sulphura
1119 2147 1403 2207 praecipitem
1693 2162 1734 2192 40

331 2216 401 2260 De
422 2231 527 2260 saxo
550 2214 663 2260 imos
686 2213 741 2261 ad
760 2231 909 2261 manes
931 2213 1133 2261 deturbat
1153 2214 1333 2275 Apollo,

417 2282 511 2341 Qui
534 2299 652 2329 nunc
675 2281 870 2329 infernus
892 2281 1053 2329 dicitur
1072 2300 1159 2330 esse
1182 2283 1310 2330 canis.

331 2349 464 2396 Unde
487 2351 588 2406 ruit,
611 2351 744 2397 tristis
766 2365 927 2397 restant
948 2365 1238 2398 monumenta
1260 2351 1435 2407 baratri,

418 2417 522 2464 Inde
541 2432 699 2478 putant
719 2432 867 2465 sontes
889 2418 944 2465 ad
961 2436 1037 2465 sua
1058 2418 1218 2466 damna
1239 2419 1345 2479 rapi,

332 2486 559 2532 Limosum
585 2486 768 2533 mittunt
789 2485 973 2547 sulphur
994 2486 1210 2547 laquearia
1227 2487 1401 2547 passim,
1693 2502 1732 2533 45

416 2557 470 2600 Et
491 2553 620 2614 longe
643 2553 819 2601 auditur
839 2572 970 2615 quarn
992 2572 1107 2601 nova
1128 2555 1219 2602 rixa
1240 2573 1411 2602 canum.

331 2622 566 2669 Posteritas
587 2639 753 2669 nomen
774 2640 879 2669 saxo
899 2623 1085 2670 servavit
1106 2637 1148 2670 et
1169 2623 1239 2670 ille

415 2693 479 2735 Ex
502 2707 592 2750 quo
615 2708 744 2737 mons
767 2690 923 2737 cecidit
943 2691 1161 2738 Cerberus
1184 2691 1284 2738 inde
1306 2690 1401 2738 fuit.

332 2761 427 2818 Ipsa
448 2758 597 2817 ignota
619 2757 693 2805 diu
716 2775 808 2805 non
829 2757 906 2805 ulli
929 2757 1045 2805 dicta
1063 2776 1267 2806 camenae

415 2829 612 2886 Expecto
633 2825 849 2882 adveniat,
870 2827 945 2887 qui
967 2844 1063 2874 mea
1084 2825 1171 2874 fata
1190 2842 1328 2874 canat.
1691 2842 1733 2873 50

331 2897 398 2939 En
419 2894 540 2940 venit
563 2911 739 2940 carmen
761 2895 836 2954 qui
858 2894 966 2940 mihi
989 2894 1212 2955 descripsit
1235 2895 1279 2940 in
1302 2894 1414 2941 albo.

417 2960 557 3019 Quod
578 2961 684 3020 lege3
705 2962 765 3008 sic
786 2961 979 3017 tandem,
1001 2961 1130 3008 docte
1150 2963 1306 3017 viator,
1327 2962 1410 3008 abi.

333 3028 557 3075 Amorbae
582 3046 746 3075 nomen
767 3028 1007 3090 Nymphae
1032 3028 1150 3090 fugat
1171 3029 1289 3076 unda
1310 3044 1518 3076 nocentes

417 3096 616 3143 Morbos.
642 3100 746 3143 Huc
766 3114 967 3157 propera,
991 3097 1205 3144 morbide:
1227 3115 1355 3144 sanus
1377 3098 1471 3144 eris.

1838 163 1929 203 425
