2072 3450
156 167 248 206 550
823 165 881 205 V:
911 167 936 205 7
1508 172 1761 207 TEXTUAL
1785 173 1960 208 NOTES

240 307 253 329 ⁷
268 309 436 347 muliebri
450 324 489 347 ex
502 308 643 346 mulieri
658 324 740 347 corr.
758 310 798 346 Bi

240 359 252 382 ⁸
268 361 391 399 modo:
408 361 547 399 mundo
563 363 597 399 Si

239 413 253 436 ⁹
267 417 401 453 Procus
415 430 454 452 ex
467 417 582 452 Pocus
597 430 679 452 corr.
697 416 737 452 Bi

242 465 269 487 ¹⁰
281 467 498 516 posthabita:
513 467 727 516 posthabitis
741 468 781 504 Bi

242 519 266 541 ¹¹
282 523 333 558 Ita
346 536 385 558 ex
398 523 488 558 Item
502 535 585 558 corr.
602 522 643 558 Bi

241 571 267 593 ¹²
281 573 376 611 forte
388 584 471 610 ante
483 573 577 610 forte
589 573 652 610 del.
670 574 710 610 Bi

241 625 266 647 ¹³
282 627 476 664 insolentes
488 638 571 664 ante
583 627 799 676 accipiebam
813 627 875 664 del.
893 628 933 664 Bi

241 677 267 699 ¹⁴
280 679 359 717 Nili
374 694 413 717 ex
426 679 516 717 Noli
531 694 613 716 corr.
631 680 672 716 Bi
687 683 745 716 m2

240 731 266 753 ¹⁵
281 733 407 782 hyems
422 748 461 771 ex
474 733 588 782 hyens
602 748 685 771 corr.
702 734 743 770 Bi

240 783 266 806 ¹⁶
281 787 398 834 imago
415 798 465 823 est
479 800 518 823 ex
531 786 786 834 imaginatione
800 800 882 823 corr.
900 787 940 823 Bi
955 789 1013 823 m2

240 837 266 859 ¹⁷
281 839 343 876 illi:
359 839 483 876 malim
499 838 558 876 illa

240 889 265 911 ¹⁸
279 903 319 928 tu
334 894 371 928 in
387 891 574 939 margadd.
591 892 631 928 Bi
647 895 705 928 m2

240 942 265 964 ¹⁹
280 946 403 982 Exitus
417 959 456 981 ex
469 946 578 982 exitas
592 959 674 982 corr.
692 946 732 981 Bi
747 948 806 981 m2

236 994 266 1016 ²⁰
280 996 507 1034 incustodita:
524 997 560 1033 in
574 1008 731 1046 suprascr.
750 998 790 1034 Bi
805 1000 863 1034 m2

236 1048 264 1070 ²¹
278 1065 442 1099 perrarus
456 1065 495 1088 ex
507 1065 692 1099 pererrans
706 1065 788 1088 corr.
806 1052 846 1088 Bi
861 1054 920 1088 m2

236 1100 265 1122 ²²
279 1115 324 1140 et:
338 1114 495 1152 suprascr.
514 1104 555 1140 Bi
570 1106 629 1140 m2

235 1154 264 1176 ²³
278 1156 482 1205 multisque:
498 1171 580 1205 -que
593 1168 750 1205 suprascr.
769 1158 809 1194 Bi
824 1161 883 1194 m2

235 1206 264 1228 ²⁴
278 1209 394 1246 vittas:
409 1209 518 1246 victas
533 1209 573 1245 Bi

235 1259 263 1282 ²⁵
279 1261 525 1299 infecundum:
543 1261 799 1299 infecucunum
813 1263 853 1299 Bi

235 1312 263 1334 ²⁶
278 1315 489 1363 Requietem
505 1329 544 1351 ex
557 1315 779 1363 requientem
793 1329 876 1352 corr.
893 1315 933 1351 Bi

235 1365 263 1387 ²⁷
278 1367 487 1405 Modestiae:
504 1367 720 1405 Modestiam
737 1369 789 1412 Bi,
804 1371 932 1405 correxi

234 1417 262 1439 ²⁸
277 1432 317 1457 ut
331 1435 370 1457 ex
383 1432 417 1457 et
431 1434 514 1457 corr.
532 1421 573 1457 Bi

234 1471 263 1493 ²⁹
277 1474 460 1522 apparavit
475 1488 513 1511 ex
526 1475 690 1522 apparuit
704 1488 786 1511 corr.
804 1475 844 1511 Bi

235 1523 264 1546 ³0
277 1527 529 1563 convenissent
543 1541 582 1563 ex
595 1527 819 1564 convenisset
833 1541 915 1564 corr.
933 1527 973 1564 Bi

235 1577 261 1600 ³¹
277 1581 410 1617 Otium
426 1595 464 1617 ex
477 1581 595 1617 otium
609 1595 692 1617 corr.
710 1581 750 1617 Bi
765 1584 823 1617 m2

234 1629 262 1652 ³²
277 1647 360 1669 cum
376 1647 419 1669 eo
432 1643 515 1669 ante
527 1632 717 1669 diuturnae
729 1632 840 1670 delevi

234 1683 261 1706 ³³
277 1700 359 1722 cum
374 1697 531 1734 suprascr.
550 1687 590 1723 Bi
606 1690 664 1723 m2

234 1735 262 1757 ³⁴
277 1739 358 1775 iam:
375 1753 460 1775 nam
474 1739 514 1775 Bi

234 1789 261 1811 ³⁵
276 1794 313 1840 Q
329 1806 367 1829 ex
381 1806 499 1841 qcorr.
518 1793 557 1829 Bi
573 1796 631 1829 m2

234 1842 261 1864 ³⁶
276 1844 497 1882 induxerunt
509 1859 548 1882 ex
562 1844 769 1882 indixerunt
782 1860 864 1882 corr.
882 1846 922 1882 Bi
937 1849 995 1882 m2

233 1895 261 1918 ³⁷
276 1898 384 1936 Unde
398 1913 437 1935 ex
450 1901 540 1936 Item
555 1901 591 1936 in
607 1913 799 1947 marg.corr.
817 1900 857 1936 Bi
872 1902 930 1936 m2

233 1948 260 1970 ³⁸
275 1950 324 1988 ob
338 1965 377 1988 ex
390 1950 434 1988 ab
448 1965 531 1988 corr.
549 1952 589 1988 Bi

232 2001 261 2024 ³⁹
275 2019 293 2041 e
306 2015 463 2053 suprascr.
482 2005 522 2041 Bi

231 2054 261 2076 ⁴0
273 2056 506 2105 praeclarum:
523 2057 723 2106 perclarum
738 2058 778 2094 Bi

231 2108 258 2130 ⁴¹
274 2123 451 2147 curarent:
466 2123 631 2148 curerent
645 2112 685 2148 Bi

231 2160 259 2182 ⁴²
274 2163 578 2200 circumvenerint
590 2178 629 2200 ex
642 2164 955 2201 circumvenerunt
968 2179 1050 2201 corr.
1068 2165 1108 2201 Bi

231 2213 259 2236 ⁴³
273 2216 481 2254 honestetis:
497 2216 657 2254 honestis
671 2218 711 2254 Bi

230 2267 259 2288 ⁴⁴
273 2268 462 2306 feracitatis
476 2284 515 2306 ex
528 2269 686 2307 feracitas
700 2284 782 2307 corr.
800 2271 840 2307 Bi

230 2320 258 2342 ⁴⁵
273 2322 610 2372 consuescendoque
627 2338 665 2360 ex
678 2323 972 2373 consuetudoque
988 2339 1071 2361 corr.
1088 2325 1128 2361 Bi
1143 2328 1202 2361 m2

230 2372 258 2394 ⁴⁶
272 2374 376 2412 fictae
390 2375 456 2412 hae
470 2387 640 2413 consutae
654 2390 692 2413 ex
705 2375 814 2413 factae
829 2376 894 2413 hae
908 2389 1082 2414 consutoe
1095 2391 1177 2414 corr.
1195 2378 1235 2414 Bi
1250 2380 1308 2414 m2

229 2426 258 2448 ⁴⁷
273 2429 462 2465 insaniant:
477 2429 667 2466 insanuant
680 2444 719 2466 ex
733 2430 915 2467 insinuant
927 2445 1010 2467 corr.
1027 2431 1067 2467 Bi

229 2478 257 2500 ⁴⁸
272 2495 355 2517 cum
369 2492 526 2529 suprascr.
546 2482 586 2518 Bi
601 2485 659 2518 m2

229 2531 257 2553 ⁴⁹
272 2535 384 2582 gentis
398 2549 437 2571 ex
450 2535 576 2582 genitis
590 2549 673 2572 corr.
691 2536 731 2572 Bi

229 2583 258 2606 ⁵0
271 2586 433 2623 lacunam
443 2597 520 2635 post
534 2588 641 2624 etiam
655 2587 722 2624 exh.
742 2588 781 2624 Bi

229 2637 255 2659 ⁵¹
272 2640 546 2688 responderunt:
562 2640 747 2689 respondit
761 2642 801 2677 Bi

229 2689 256 2711 ⁵²
270 2693 608 2740 praesentissimum:
626 2692 750 2729 malim
764 2694 1105 2741 praestantissimum

228 2742 255 2764 ⁵³
270 2747 406 2782 Verum
421 2760 460 2782 ex
473 2747 594 2794 Atque
608 2760 690 2782 corr.
708 2747 748 2782 Bi
763 2749 822 2782 m2

228 2794 256 2816 ⁵⁴
270 2798 441 2834 maceriae
456 2812 495 2834 ex
508 2798 654 2835 materie
668 2812 751 2835 corr.
769 2799 808 2835 Bi
824 2801 882 2835 m2

228 2848 255 2870 ⁵⁵
271 2851 422 2887 maceria
436 2865 475 2887 ex
488 2852 635 2888 materia
648 2866 730 2888 corr.
748 2852 788 2888 Bi
803 2855 862 2888 m2

228 2899 256 2922 ⁵⁶
270 2903 379 2939 esurit
393 2917 432 2939 ex
445 2904 561 2940 exurit
574 2917 656 2940 corr.
674 2904 714 2940 Bi

228 2953 256 2975 ⁵⁷
270 2956 398 3004 pugnis
414 2959 451 2992 in
467 2956 652 3004 margadd.
670 2957 710 2992 Bi
725 2960 783 2993 m2

228 3005 255 3027 ⁵⁸
270 3007 403 3044 obtutu
418 3010 495 3051 Mo;
511 3008 643 3045 obtuto
658 3009 698 3044 Bi

228 3058 256 3080 ⁵⁹
270 3073 413 3109 gentem
429 3091 436 3098 .
452 3091 459 3098 .
475 3091 482 3098 .
499 3091 506 3098 .
520 3062 666 3098 metiare
680 3076 746 3098 om.
764 3064 830 3098 Mo

227 3110 257 3132 ⁶⁰
270 3127 390 3161 praees
405 3127 444 3149 ex
456 3127 596 3161 praeces
611 3128 694 3150 corr.
712 3114 751 3150 Bi
767 3117 825 3150 m2

227 3163 254 3185 ⁶¹
269 3167 554 3210 VANITAS'Bi3
569 3169 714 3204 VANA
730 3169 920 3204 GLORIA
935 3169 1001 3204 Mo
