2124 3464
173 163 228 203 58
1805 166 1943 199 PART
1968 167 1981 199 I

259 310 299 352 A
323 310 491 352 Messer
514 298 776 365 Bongiannif
794 304 936 351 lasciai
960 303 1039 350 che
1062 304 1422 350 continuamente
1448 304 1606 350 aviasse
1629 303 1740 350 oltre
1762 302 1838 364 piu
1862 302 1986 359 fanti,

174 373 396 422 credendo
414 391 507 420 non
527 374 565 420 ci
583 372 695 420 fusse
715 387 866 433 questa
884 371 1112 428 difficulta‚
1130 371 1171 419 la
1188 371 1286 432 qual
1304 389 1416 418 sono
1437 386 1478 418 et
1496 372 1594 418 Pier
1608 371 1789 418 Vectori
1807 386 1849 418 et
1866 389 1986 432 ques-

173 444 206 490 ti
226 443 324 490 altri
344 443 434 490 savi
456 443 500 488 in
522 456 674 502 questa
692 441 909 488 sententia
926 440 1005 487 che
1027 439 1189 487 cessera
1209 458 1335 487 come
1357 439 1384 486 il
1406 458 1564 500 campo
1586 454 1739 487 nostro
1762 439 1873 487 fusse
1896 440 1985 501 qui,

171 511 333 573 perche
358 511 508 571 d'ogni
532 509 698 571 luogho
726 528 779 557 ne
803 508 1013 556 verrebbe
1037 508 1147 556 delle
1169 508 1450 569 vectuvaglie.
1476 508 1507 555 Il
1530 507 1690 569 perche
1716 507 1737 555 ὲ
1761 523 1887 556 tanto
1909 507 1985 569 piu

174 581 416 628 necessario
442 579 468 626 il
494 597 652 640 campo
676 597 815 639 venga
837 593 879 625 et
903 596 988 625 con
1010 592 1220 639 presteza‚
1246 577 1448 624 havendo
1471 595 1494 624 a
1518 576 1607 624 fare
1630 578 1704 638 qui
1727 576 1987 624 abondanza

173 649 286 696 dove
314 648 335 695 ὲ
362 662 586 695 strecteza.
614 652 677 693 Ex
704 651 865 694 Sancto
892 647 1162 693 Geminiano
1190 646 1258 693 die
1290 650 1336 693 13
1365 645 1578 693 Octobris
1611 650 1728 692 1479.
1760 645 1987 692 Bartholo-

174 735 295 764 meus
318 716 449 763 Scala.

1055 857 1106 898 70

537 928 614 967 TO
638 928 753 966 THE
774 929 934 966 DIECI
957 928 1019 965 DI
1041 928 1209 965 BALIA
1231 929 1296 966 IN
1317 927 1625 966 FLORENCE

672 997 754 1034 San
777 995 1063 1046 Gimigmmo,
1088 997 1134 1034 13
1160 993 1357 1034 October
1381 997 1485 1033 1479

531 1089 640 1128 Dieci
660 1091 772 1140 Resp.
794 1091 852 1136 25,
873 1087 940 1128 fol.
960 1091 1043 1128 326.
1065 1087 1249 1139 Original.
1271 1089 1493 1139 Secretary’s
1514 1086 1628 1127 hand.

171 1193 401 1254 Magnifici
426 1193 598 1240 domini
627 1193 725 1239 mei.
756 1196 925 1252 Questa
949 1210 1042 1239 sera
1067 1193 1141 1253 qui
1168 1191 1189 1238 ὲ
1213 1206 1328 1239 stato
1353 1210 1445 1238 uno
1471 1191 1759 1252 grandissimo
1785 1191 1984 1252 pericolo

169 1280 250 1323 per
271 1262 311 1309 la
332 1276 545 1309 strecteza
568 1261 636 1308 del
659 1279 771 1322 pane
796 1275 837 1308 et
860 1275 1026 1308 venuto
1052 1261 1096 1307 in
1121 1259 1240 1321 gran¹
1264 1275 1386 1321 parte
1408 1259 1477 1321 pel
1503 1259 1724 1307 disordine
1750 1259 1888 1316 d’ieri,
1914 1259 1982 1307 del

171 1331 296 1392 quale
316 1331 359 1377 vi
381 1330 563 1378 demmo
585 1331 718 1386 aviso;
742 1344 783 1377 et
802 1329 823 1377 ὲ
843 1348 923 1390 per
942 1347 1131 1376 crescere
1150 1344 1191 1376 et
1209 1347 1289 1390 per
1308 1328 1525 1376 condurre
1547 1343 1698 1389 questa
1716 1343 1832 1376 terra
1849 1346 1872 1375 a
1891 1346 1984 1375 uno

168 1399 368 1460 pericolo
390 1413 604 1455 extremo,
624 1397 785 1459 perche
808 1416 899 1444 non
921 1399 959 1445 ci
982 1397 1003 1445 ὲ
1023 1415 1149 1458 pane,
1170 1397 1435 1458 pochissima
1458 1397 1609 1453 farina,
1631 1411 1673 1444 et
1691 1396 1826 1457 pochi
1846 1397 1981 1457 grani.

170 1472 248 1515 Ma
270 1486 349 1528 per
373 1468 638 1528 riparatione
664 1466 701 1513 al
726 1481 926 1527 presente
950 1465 1148 1526 pericolo
1174 1465 1201 1512 ὸ
1227 1480 1378 1526 questa
1400 1483 1493 1512 sera
1515 1466 1680 1526 scripto
1708 1479 1749 1512 et
1774 1464 1985 1512 mandato

169 1554 262 1583 uno
282 1535 477 1582 volando
496 1549 617 1582 tucta
634 1549 764 1581 nocte
784 1552 807 1581 a
823 1539 991 1581 Messer
1007 1535 1265 1594 Bongianni,
1288 1533 1366 1580 che
1387 1533 1634 1580 domattina
1652 1533 1802 1580 mandi
1819 1536 1855 1580 e'
1876 1533 1984 1580 muli

170 1604 238 1651 del
263 1622 422 1664 campo
447 1621 470 1650 a
491 1602 686 1650 Castello
710 1603 970 1649 Fiorentino
995 1617 1036 1649 et
1059 1602 1264 1649 mandine
1289 1601 1508 1662 qualcuno
1533 1601 1709 1648 caricho
1730 1600 1774 1648 di
1795 1619 1908 1662 pane
1932 1600 1987 1648 da

169 1676 254 1719 San
272 1673 502 1719 Casciano.
522 1676 576 1718 Et
597 1689 620 1719 a
637 1670 832 1718 Castello
850 1671 1110 1717 Fiorentino
1129 1670 1157 1717 ὸ
1175 1671 1353 1731 scripto,
1375 1684 1416 1717 et
1432 1670 1570 1717 saravi
1587 1669 1628 1717 la
1643 1669 1804 1716 lectera
1816 1683 1985 1716 stanoc·

170 1755 212 1787 te
240 1758 263 1787 a
289 1740 412 1787 buon
443 1757 520 1786 ora
547 1739 626 1786 che
652 1739 827 1800 prepari
855 1738 923 1786 del
950 1756 1062 1799 pane
1090 1753 1131 1785 et
1159 1738 1268 1785 delle
1296 1737 1447 1794 farine3
1475 1752 1517 1785 et
1545 1737 1793 1785 domattina
1819 1737 1985 1784 mando

170 1812 316 1855 Corso
337 1807 450 1855 della
466 1812 589 1855 Rena
608 1826 630 1854 a
647 1807 770 1854 buon
791 1825 868 1854 ora
885 1825 908 1854 a
925 1806 1119 1854 Castello
1139 1807 1398 1854 Fiorentino
1416 1805 1576 1867 perche
1595 1806 1700 1853 aiuti
1718 1823 1741 1853 a
1760 1805 1848 1853 fare
1866 1823 1986 1866 ques—

169 1891 213 1924 ta
232 1877 555 1938 preparatione,
580 1877 625 1922 in
649 1875 787 1923 modo
811 1875 904 1932 che,
927 1875 1131 1922 venendo
1153 1879 1189 1922 e’
1214 1875 1335 1931 muli,
1358 1876 1539 1936 possino
1565 1875 1750 1922 caricare
1770 1891 1900 1921 sanza
1919 1891 1985 1921 so-

168 1960 375 2006 prastare‚
401 1959 442 1992 et
465 1944 545 1991 che
566 1945 690 1991 sieno
715 1945 790 2005 qui
813 1944 978 1991 doman
1001 1943 1055 1991 da
1075 1962 1167 1991 sera
1190 1943 1233 1990 di
1256 1943 1312 1991 di.
1337 1948 1390 1990 Et
1415 1944 1559 1990 insino
1583 1961 1606 1990 a
1629 1942 1794 1990 doman
1819 1942 1873 1990 da
1891 1960 1985 1989 sera

170 2032 256 2061 con
278 2028 430 2074 questa
450 2031 659 2074 speranza
680 2014 950 2074 pascieremo
974 2027 1124 2073 questa
1145 2012 1311 2073 brigata
1332 2027 1373 2060 et
1394 2012 1681 2059 manderemo
1702 2026 1847 2059 scorta
1867 2010 1986 2059 soffi-

170 2083 312 2130 ciente
334 2082 413 2130 che
437 2100 528 2129 non
553 2100 606 2129 ne
630 2082 884 2142 intervenga
906 2100 1031 2129 come
1055 2082 1145 2138 ieri3
1166 2080 1326 2142 perche
1349 2080 1496 2142 quello
1520 2099 1666 2128 errore
1687 2080 1711 2128 a
1732 2080 1876 2128 molto
1898 2081 1984 2128 aiu—

169 2166 264 2198 tato
282 2165 438 2212 questo
458 2150 680 2198 disordine
701 2165 742 2198 et
760 2150 971 2211 pericolo,
994 2165 1035 2197 et
1053 2150 1076 2197 a
1095 2149 1212 2197 facto
1230 2151 1339 2197 tucti
1357 2151 1497 2211 questi
1518 2149 1721 2197 huomini
1744 2149 1888 2196 molto
1905 2148 1982 2209 piu

170 2220 418 2279 ristrignere
435 2234 476 2266 et
493 2220 614 2280 quasi
631 2219 797 2279 gittarsi
813 2219 857 2264 in
876 2218 1181 2279 disperatione.
1202 2209 1247 2265 C)
1263 2219 1417 2265 scritto
1432 2236 1592 2265 ancora
1608 2236 1631 2264 a
1646 2222 1814 2264 Messer
1829 2218 1983 2277 Bongi-

170 2289 274 2335 anni
293 2306 372 2348 per
391 2288 536 2335 insino
558 2285 653 2334 che2
677 2305 769 2334 non
790 2287 811 2334 ὲ
831 2287 944 2334 altro
962 2287 1304 2348 provedimento
1325 2286 1368 2334 di
1387 2286 1670 2347 vectovaglia‚
1690 2304 1782 2333 non
1804 2286 1890 2333 avii
1906 2285 1983 2346 piu

170 2356 280 2403 fanti
304 2357 349 2402 in
375 2374 460 2416 qua
482 2374 506 2403 a
527 2354 634 2403 noi.3
661 2359 763 2402 Con
788 2355 848 2402 lui
872 2374 947 2402 ero
972 2370 1133 2402 restato
1153 2355 1312 2416 perche
1337 2369 1604 2402 certamente
1624 2354 1842 2402 faremmo
1866 2353 1982 2414 qual·

170 2424 250 2471 che
273 2424 435 2484 grande
458 2424 636 2484 sgorbio
662 2438 703 2470 et
727 2442 750 2471 a
772 2424 875 2484 ogni
900 2441 1000 2470 cosa
1022 2423 1043 2470 ὲ
1068 2423 1211 2470 molto
1235 2423 1411 2483 miglior
1435 2422 1623 2470 rimedio
1647 2422 1726 2469 che
1750 2422 1832 2469 alla
1854 2421 1983 2478 farne3

170 2507 211 2539 et
235 2510 258 2539 a
281 2492 518 2539 ciaschuno
541 2510 644 2552 pare
666 2510 746 2552 per
767 2491 807 2538 la
831 2491 944 2538 fame
968 2491 1095 2538 lecita
1116 2492 1218 2551 ogni
1243 2509 1354 2538 cosa.
1380 2494 1518 2551 Prego
1540 2490 1578 2537 le
1601 2491 1797 2551 Signorie
1821 2494 1981 2537 Vostre

167 2561 363 2621 pensiate
383 2560 494 2607 bene
515 2578 538 2607 a
557 2574 712 2621 questo
732 2578 831 2607 caso
850 2574 891 2607 et
911 2561 1128 2607 aiutatene
1147 2577 1272 2607 come
1291 2577 1393 2620 pare
1414 2577 1436 2606 a
1454 2559 1540 2606 voi.
1564 2559 1657 2618 Qui
1678 2576 1770 2606 non
1791 2557 1812 2605 ὲ
1832 2557 1983 2605 denari

168 2647 211 2676 se
238 2647 329 2676 non
357 2628 490 2689 quelli
515 2629 594 2676 che
620 2628 813 2676 arrechai
837 2629 894 2685 io,
922 2628 1000 2675 che
1026 2629 1087 2674 mi
1110 2646 1223 2675 sono
1249 2642 1426 2675 trovato
1451 2646 1474 2675 a
1497 2627 1555 2675 tal
1580 2628 1762 2674 convito
1788 2626 1901 2674 dove
1923 2626 1983 2674 s’e

168 2715 295 2758 speso
331 2697 408 2758 piu
445 2697 524 2744 che
561 2697 766 2744 abbiamo
803 2696 921 2744 facto
954 2711 1112 2744 stasera
1144 2711 1293 2753 conto,
1331 2695 1499 2743 benche
1534 2710 1701 2756 apunto
1738 2694 1813 2742 nol
1847 2713 1980 2756 posso

170 2784 331 2813 ancora
354 2765 582 2813 intendere
605 2765 685 2812 che
709 2766 747 2812 ci
771 2765 792 2812 ὲ
817 2765 860 2812 di
884 2765 1099 2812 forestieri
1121 2764 1196 2825 piu
1222 2764 1265 2812 di
1289 2764 1406 2812 mille
1431 2778 1674 2811 settecento
1695 2763 1863 2810 bocche
1885 2763 1984 2810 vive

170 2849 211 2881 et
234 2852 326 2881 non
350 2852 373 2881 a
394 2833 626 2881 condocta.
650 2837 733 2880 Per
752 2833 793 2880 la
812 2834 955 2894 prima
978 2833 1110 2880 credo
1131 2834 1304 2894 potervi
1326 2832 1417 2879 dire
1438 2832 1514 2893 piu
1538 2832 1575 2879 el
1596 2831 1869 2893 particulare.

250 3178 261 3203 f
278 3185 481 3232 Bongianni
498 3183 758 3231 Gianfigliazzi,
779 3183 986 3220 Florentine
1003 3183 1234 3230 commissary
1255 3183 1293 3218 in
1310 3181 1372 3219 the
1390 3195 1492 3230 camp
1511 3193 1546 3219 at
1563 3182 1784 3218 S.Casciano.
