2124 3464
101 194 331 228 PRIVATE
357 193 585 227 LETTERS
1846 182 1899 223 31

101 333 147 379 in
169 330 308 379 verita
327 349 371 378 se
395 348 449 378 ne
474 329 614 377 hebbe
637 329 802 390 sdegno
826 343 867 376 et
890 328 1139 398 dispiacere‚
1161 327 1321 389 perche
1342 342 1488 388 sapete
1511 331 1678 375 Messer
1699 327 1914 374 Galeotto

100 417 173 447 era
190 399 334 446 molto
355 413 504 446 amato
522 397 635 445 dalla
651 396 890 444 comunita.
897 387 1024 443 bEssi
1047 396 1190 443 molto
1208 395 1379 457 parlato
1398 395 1441 442 di
1462 410 1618 456 questo
1637 413 1750 452 caso,
1772 410 1814 442 et
1831 413 1911 456 per

101 469 286 528 rispetto
304 466 417 514 della
431 466 690 514 scelerateza
705 480 747 513 et
762 483 842 526 per
860 466 1043 526 rispetto
1060 464 1128 512 del
1147 464 1326 524 luogh03
1349 478 1391 511 et
1408 478 1553 524 sapete
1574 463 1601 510 il
1618 463 1788 524 populo
1812 481 1907 511 nos-

99 551 186 592 tro,
212 550 381 596 quanto
404 535 465 582 sia
488 548 737 610 sospettoso
765 548 807 580 et
832 551 856 580 a
879 547 1028 594 queste
1055 551 1152 580 cose
1179 532 1223 580 di
1249 533 1488 592 Lunigiana
1513 546 1681 592 quanto
1705 533 1749 578 vi
1776 531 1909 579 habbi

99 603 306 658 l’occhio3
335 617 377 649 et
402 619 563 649 ancora
588 601 668 648 che
693 602 816 648 sieno
841 600 1010 661 piccole
1036 618 1149 656 cose,
1177 618 1269 647 non
1294 617 1407 647 sono
1434 600 1622 660 riputate
1646 599 1816 660 piccole
1840 599 1911 660 pel

98 671 198 718 sito.
223 673 377 731 Sapete
399 660 438 716 le
462 669 696 716 chiamano
721 668 759 716 le
781 683 909 729 porte
933 668 977 715 di
1000 669 1108 724 Pisa,
1134 683 1175 715 et
1198 667 1243 715 di
1265 685 1350 728 qua
1372 667 1427 714 da
1446 671 1600 727 Magra
1620 670 1653 724 s'
1658 685 1682 714 3
1702 685 1909 728 persuaso

100 739 204 800 ogni
227 756 320 785 uno
345 737 424 785 che
448 737 590 784 debba
612 752 865 798 apartenere
887 755 911 784 a
933 737 1022 783 noi.
1047 741 1101 783 Et
1125 735 1440 783 nondimeno
1426 753 1448 783 e
1472 750 1573 783 nata
1593 735 1669 796 qui
1692 734 1808 783 fama
1831 735 1911 782 che

100 806 122 854 ὲ
149 806 262 854 fatto
286 824 310 854 3
334 806 551 867 petitione
577 805 646 852 del
673 808 801 852 Duca
826 805 870 852 di
895 804 1099 861 Milano,c
1125 819 1167 852 et
1193 804 1272 852 che
1298 808 1465 851 Messer
1490 803 1747 851 Christiano
1774 803 1832 864 gli
1860 803 1915 851 da

100 874 244 936 quella
260 874 443 930 forteza‚
460 873 505 921 di
522 873 602 921 che
619 891 712 921 non
727 872 1012 934 potrebbono
1034 891 1169 920 essere
1184 873 1340 934 peggio
1358 872 1558 920 contenti
1575 871 1646 919 chi
1661 871 1715 919 la'
1734 871 1912 928 ntende‚

99 958 142 991 et
158 942 289 990 fanne
305 943 380 1003 qui
397 942 465 990 col
480 941 651 1003 popolo
671 956 842 989 cotesto
858 941 1153 989 Illustrissimo
1171 942 1351 1002 Signore
1368 958 1456 988 una
1472 940 1756 1001 grandissima
1770 940 1912 1001 perdi-

99 1026 155 1059 ta.
182 1015 242 1058 La
266 1010 365 1072 qual
391 1028 491 1058 cosa
516 1010 538 1057 ὲ
565 1011 744 1071 cagione
767 1009 1007 1071 principale
1035 1009 1103 1057 del
1128 1010 1221 1056 mio
1246 1010 1446 1066 scrivere,
1470 1008 1631 1070 perche
1657 1008 1840 1056 essendo
1867 1009 1912 1055 io

98 1094 226 1127 tanto
249 1078 538 1127 affectionato
559 1078 641 1126 alla
661 1096 738 1126 sua
762 1078 1053 1126 Illustrissima
1076 1079 1274 1139 Signoria
1297 1092 1339 1125 et
1363 1077 1709 1139 dispiacendomi
1732 1091 1860 1124 tanto
1883 1077 1912 1123 il

97 1149 259 1195 sentire
285 1165 386 1195 cosa
411 1147 491 1195 che
516 1147 547 1194 li
572 1148 689 1209 possi
718 1146 818 1194 dare
844 1147 987 1194 carico
1013 1165 1041 1194 o
1069 1146 1304 1194 diminuire
1332 1147 1407 1207 qui
1431 1145 1471 1193 la
1495 1164 1571 1193 sua
1596 1145 1910 1202 benivolentia,

99 1235 192 1264 non
213 1216 273 1263 ho
291 1231 455 1277 potuto
475 1216 565 1263 fare
583 1215 627 1263 di
647 1234 739 1263 non
758 1216 801 1262 vi
819 1216 1019 1272 scrivere3
1039 1230 1081 1262 et
1098 1216 1239 1276 parmi
1261 1233 1348 1262 una
1367 1229 1552 1262 ventura
1571 1215 1616 1261 in
1636 1229 1792 1275 questo
1811 1232 1911 1262 caso

98 1285 179 1332 che
198 1286 272 1332 voi
294 1285 337 1331 vi
356 1285 544 1331 troviate
563 1283 673 1331 costi
690 1283 851 1344 perche
871 1283 931 1330 ho
952 1302 975 1330 a
994 1283 1065 1330 chi
1082 1301 1214 1344 posso
1234 1284 1419 1330 scrivere
1439 1283 1740 1339 liberamente‚
1760 1297 1802 1330 et
1820 1283 1909 1339 voi,

96 1371 177 1414 per
196 1353 237 1400 13
257 1367 406 1399 vostra
427 1353 711 1413 reputazione
735 1366 777 1398 et
798 1351 1013 1407 auctorita
1033 1351 1156 1408 costi,
1178 1366 1332 1412 potere
1353 1351 1464 1398 bene
1487 1351 1724 1411 adoperare
1744 1350 1790 1397 lo
1811 1351 1910 1397 scri-

97 1438 199 1467 vere
222 1421 327 1467 mio.
354 1423 508 1480 Sapete
531 1420 559 1465 il
583 1419 836 1467 cancelliere
858 1437 882 1466 3
902 1420 1084 1466 Firenze
1108 1419 1130 1466 ὲ
1151 1419 1192 1466 13
1214 1419 1346 1479 fogna
1369 1418 1437 1465 del
1459 1418 1642 1479 popolo.
1671 1422 1712 1464 A
1734 1418 1796 1465 lui
1818 1436 1913 1479 par-

97 1488 202 1535 lano
222 1488 352 1535 molti
371 1503 413 1535 et
432 1506 603 1549 aprono
625 1487 653 1534 il
671 1487 770 1534 loro
790 1502 1021 1548 concepto.
1044 1491 1092 1534 Io
1111 1505 1203 1534 non
1222 1487 1378 1534 dubito
1398 1486 1478 1534 che
1498 1487 1573 1547 qui
1592 1486 1659 1533 da’
1677 1486 1910 1547 principali

97 1556 138 1604 13
158 1574 234 1604 sua
255 1556 547 1603 Illustrissima
568 1557 767 1616 Signoria
785 1573 957 1616 sempre
980 1555 1035 1603 ha
1055 1555 1110 1603 ad
1128 1573 1252 1602 avere
1273 1555 1420 1616 quello
1441 1554 1521 1602 che
1542 1554 1686 1611 vorra3
1707 1573 1780 1602 ma
1798 1554 1910 1602 bene

98 1624 232 1672 credo
255 1624 335 1672 che
358 1639 527 1686 quanto
546 1624 623 1685 pisi
644 1624 749 1685 pub,
774 1639 901 1671 tanto
921 1623 998 1685 pisi
1022 1623 1162 1671 debbe
1183 1623 1294 1671 bene
1314 1641 1495 1685 pensare
1518 1623 1666 1685 quello
1690 1623 1770 1670 che
1792 1623 1848 1680 fa,
1871 1638 1912 1670 et

97 1693 306 1754 guardare
329 1694 405 1754 qui
426 1693 481 1740 da
501 1694 645 1740 carico
667 1696 704 1740 e'
726 1692 957 1753 principali
980 1707 1022 1740 et
1043 1710 1203 1740 ancora
1224 1692 1265 1739 13
1284 1710 1360 1740 sua
1382 1691 1673 1739 Illustrissima
1697 1692 1907 1752 Signoria.

97 1765 149 1808 Se
181 1762 237 1810 vi-
255 1761 383 1822 parra
414 1761 632 1822 adunque,
666 1761 724 1821 gli
756 1760 891 1808 farete
921 1760 1156 1808 manifesto
1188 1775 1343 1822 questo
1375 1761 1468 1807 mio
1500 1761 1686 1807 scrivere
1718 1775 1760 1807 et
1790 1778 1911 1821 preg—

97 1829 328 1877 <h›eretelo
352 1829 432 1876 che
455 1829 573 1890 vogli
598 1829 709 1876 bene
731 1847 912 1890 pensare
938 1830 983 1875 in
1007 1843 1162 1890 questo
1186 1847 1285 1876 caso
1308 1843 1350 1876 et
1374 1846 1466 1876 non
1491 1828 1580 1876 fare
1602 1828 1678 1889 pisi
1703 1843 1840 1875 conto
1866 1828 1911 1875 di

97 1897 353 1958 Vergoletta
374 1897 453 1945 che
475 1898 510 1944 si
533 1915 759 1958 convenga
778 1897 860 1944 alla
879 1897 1094 1958 grandeza
1115 1897 1227 1944 della
1245 1915 1321 1944 sua
1340 1898 1551 1957 Signoria,
1577 1896 1631 1943 ne
1653 1896 1753 1958 quel
1774 1911 1912 1944 conto

98 1966 178 2014 che
202 1984 257 2014 ne
280 1966 323 2014 fa
345 1967 420 2028 qui
444 1966 471 2013 il
494 1966 678 2027 popolo,
706 1966 775 2014 del
798 1965 896 2027 qual
920 1965 961 2013 la
981 1965 1367 2015 suaillustrissima
1390 1966 1588 2026 Signoria
1611 1965 1752 2013 debbe
1774 1983 1911 2013 essere

97 2049 225 2082 tanto
246 2034 323 2095 pit‘l
348 2036 465 2082 savia
487 2050 655 2095 quanto
678 2034 700 2081 ὲ
724 2035 943 2095 maggiore
968 2034 1009 2081 la
1029 2053 1105 2082 sua
1129 2034 1396 2081 Excellentia
1418 2034 1498 2081 che
1522 2034 1562 2081 13
1582 2033 1795 2094 popolare
1822 2034 1912 2081 bas-

96 2120 206 2149 seza.
229 2106 312 2149 Per
329 2103 436 2158 Dio,
457 2107 626 2149 Messer
643 2105 851 2158 Tomaso,
875 2102 1109 2162 adoperate
1129 2102 1227 2163 quel
1248 2102 1360 2149 bene
1381 2102 1460 2149 che
1479 2116 1645 2162 potete,
1667 2101 1746 2148 che
1769 2101 1791 2148 ὲ
1812 2119 1913 2148 cosa

98 2170 178 2217 che
198 2171 392 2230 importa
413 2171 531 2226 assai3
555 2184 596 2217 et
615 2170 659 2217 di
680 2184 835 2230 questo
854 2171 946 2217 mio
967 2171 1166 2226 scrivere,
1186 2169 1368 2217 essendo
1390 2169 1503 2217 fatto
1522 2187 1545 2216 3
1563 2169 1652 2216 fine
1673 2169 1718 2216 di
1736 2169 1848 2216 bene
1869 2184 1911 2216 et

96 2256 177 2298 per
202 2238 248 2285 10
278 2256 428 2285 amore
458 2253 499 2285 et
528 2237 763 2285 affectione
793 2238 872 2285 che
902 2239 945 2284 io
972 2253 1107 2298 porto
1137 2256 1160 2285 3
1187 2252 1358 2285 cotesto
1387 2237 1683 2285 Illustrissimo
1713 2238 1909 2298 Signore,

99 2304 207 2353 nonl
236 2324 289 2353 ne
310 2307 372 2353 sia
393 2321 543 2353 cavata
563 2305 671 2353 altra
691 2306 1053 2367 interpretatione
1075 2305 1154 2353 che
1177 2305 1214 2353 al
1237 2306 1330 2353 rnio
1354 2305 1456 2353 fine.
1479 2310 1543 2352 Ex
1564 2305 1800 2353 Florentia.
1823 2306 1910 2352 Die

97 2393 157 2420 xv
177 2374 391 2421 Octobris
419 2379 537 2422 1471.
563 2374 900 2422 Bartholomeus
922 2374 1042 2422 Scala
1062 2374 1358 2422 Cancellarius
1379 2373 1672 2421 Florentinus.

178 2823 194 2848 ¹³
209 2831 274 2867 On
287 2829 350 2867 the
364 2829 512 2867 murder
526 2829 568 2867 of
580 2829 751 2867 Galeotto
768 2829 1051 2878 Campofregoso
1070 2829 1140 2867 and
1153 2829 1215 2868 the
1230 2829 1437 2867 Florentine
1450 2830 1668 2878 occupatiori
1682 2829 1724 2867 of
1736 2829 1910 2877 Virgolet-

97 2893 144 2924 ta,
160 2895 212 2918 on
226 2880 290 2918 the
305 2881 369 2919 left
385 2881 483 2919 bank
499 2881 540 2919 of
553 2881 615 2919 the
630 2885 763 2929 Magra,
780 2895 837 2919 see
854 2885 1030 2926 Lorenzo,
1047 2885 1185 2925 Lettere,
1203 2885 1228 2925 I,
1243 2885 1390 2925 470-71,
1409 2893 1496 2919 note
1512 2885 1544 2925 2,
1560 2880 1631 2919 and
1645 2880 1708 2918 the
1723 2880 1914 2928 following

99 2946 197 2972 note.

179 2996 193 3010 ⁰
210 2991 387 3029 Galeazzo
405 2993 522 3029 Maria
538 2991 671 3029 Sforza.
690 2991 858 3029 Whereas
874 2991 936 3029 the
953 2991 1151 3040 Malaspina
1167 2991 1208 3030 of
1222 2991 1446 3036 Villafranca,
1466 2991 1551 3029 who
1568 2991 1748 3040 possessed
1769 2992 1911 3029 ancient

99 3043 211 3092 rights
225 3056 265 3082 to
279 3044 488 3093 Virgolena,
505 3059 599 3082 were
611 3044 798 3093 protected
811 3045 860 3093 by
874 3044 936 3083 the
949 3045 1121 3083 Milanoee
1135 3044 1234 3093 (who
1249 3044 1457 3094 recaptured
1471 3046 1499 3082 it
1512 3046 1552 3082 in
1568 3048 1654 3082 1478
1668 3044 1739 3082 and
1752 3043 1911 3082 restored

99 3097 127 3134 it
138 3108 178 3134 to
192 3095 265 3134 this
275 3096 427 3145 family),
440 3096 503 3134 the
517 3096 701 3135 Marchese
714 3096 880 3135 Gabriele
892 3096 1090 3146 Malaspina
1103 3111 1174 3135 was
1186 3096 1373 3146 protected
1384 3097 1434 3145 by
1447 3096 1618 3134 Florence
1630 3096 1701 3134 and
1710 3095 1910 3145 supported

100 3147 308 3187 Florentine
325 3149 487 3187 interests
505 3150 545 3186 in
560 3148 623 3187 the
641 3150 847 3198 Lunigiana.
867 3152 908 3186 In
928 3153 1013 3187 1478
1032 3150 1060 3187 it
1078 3163 1148 3187 was
1167 3148 1315 3188 retaken
1331 3149 1379 3198 by
1397 3148 1513 3187 Milan
1530 3148 1600 3187 and
1617 3148 1777 3187 restored
1793 3160 1833 3186 to
1851 3148 1914 3186 the

99 3200 299 3250 Malaspina
315 3200 357 3239 of
371 3200 597 3239 Villafranca.
