2060 3450
140 167 312 201 POEMS

1014 307 1068 348 35

906 403 990 449 Mo,
1011 400 1076 441 fol.
1096 404 1175 441 22r.

340 545 516 587 Mentre
537 539 690 600 volgea
710 539 821 600 degli
844 539 970 586 occhi
991 539 1029 586 le
1052 538 1286 586 fiammelle

425 611 568 655 Come
593 626 646 655 ne
667 608 832 668 scorgie
856 611 1000 654 Amor
1021 606 1148 654 detro
1169 606 1206 654 al
1229 608 1321 654 mio
1342 608 1438 663 sire,

424 680 527 723 Una
548 694 656 723 voce
678 675 832 723 lontan
856 676 916 722 mi
937 693 1069 736 parve
1090 675 1213 722 udire

424 743 521 791 Che
543 743 666 791 disse:
692 744 839 790 “Mira
861 743 943 790 hor
965 744 1040 790 noi
1063 761 1189 790 corne
1210 744 1317 790 siam
1340 743 1496 790 belle.”

338 879 526 926 Volsimi
551 879 718 926 allhora
740 882 811 926 ov’
837 896 953 935 eran,
973 896 1053 939 per
1071 878 1251 935 vedelle,

422 950 539 994 Sette
558 948 750 1007 pregiate
772 946 919 993 donne
944 947 988 992 in
1010 946 1074 993 sul
1098 946 1246 993 fiorire

423 1015 484 1060 Di
504 1014 603 1061 loro
626 1014 708 1070 etit,
730 1013 783 1061 ηέ
806 1014 842 1061 el
864 1015 1003 1077 δειραὶ,
1025 1015 1068 1061 ἰο
1091 1014 1235 1070 ridire,

422 1085 473 1129 Se
496 1082 571 1129 nol
595 1082 766 1129 dictassi
787 1086 932 1129 Amor
953 1081 1022 1129 ch’
1045 1100 1117 1129 era
1136 1100 1221 1129 con
1244 1081 1336 1129 elle.

337 1219 399 1264 Di
419 1218 462 1265 sle
485 1218 705 1265 cantando
727 1218 883 1265 havien
905 1217 1022 1265 facto
1041 1218 1280 1278 ghirlanda,

422 1291 476 1333 Et
497 1287 683 1333 teniensi
702 1304 782 1347 per
802 1304 904 1334 man
926 1286 965 1333 le
988 1286 1134 1333 donne
1157 1301 1292 1343 sante,

422 1354 618 1401 Dolceza
639 1372 662 1401 a
683 1354 754 1401 chi
776 1354 898 1401 nullo
922 1354 1034 1402 altro
1056 1354 1180 1418 dolce·
1200 1354 1221 1401 ὲ
1242 1373 1357 1415 pare.

338 1494 483 1538 Amor
505 1509 559 1538 ne
580 1490 774 1538 satisfece
795 1509 819 1538 a
840 1491 927 1538 mia
948 1490 1181 1547 domanda,

422 1563 475 1606 Et
498 1558 620 1606 disse:
647 1558 849 1606 “Ancille
871 1576 953 1606 son
974 1576 1050 1606 sua
1071 1573 1184 1606 tutte
1205 1562 1412 1620 quante'';

422 1630 505 1674 Per
525 1627 643 1674 ch'io
666 1645 758 1674 non
779 1645 910 1688 posso
932 1628 1009 1688 poi
1031 1627 1144 1674 altro
1163 1645 1356 1688 pensare.

1012 1803 1065 1844 36

900 1900 984 1946 Mo,
1005 1897 1071 1938 fol.
1091 1901 1175 1938 22v.

337 2039 383 2082 O
406 2036 494 2083 mia
513 2037 682 2096 sospiti,
709 2036 788 2083 che
811 2035 878 2083 dal
901 2054 979 2083 cor
998 2037 1143 2084 venite

421 2107 503 2150 Per
524 2103 614 2160 dar,
637 2104 783 2160 credo,
805 2104 842 2151 al
863 2122 944 2151 suo
967 2104 1069 2152 foco
1092 2104 1314 2165 refrigero,

422 2175 462 2217 Α
484 2173 558 2218 voi
581 2186 732 2219 trovar
750 2172 979 2219 Madonna
1000 2172 1042 2220 fa
1063 2173 1281 2229 mestiero‚

420 2243 471 2286 Se
492 2258 572 2300 per
592 2255 743 2300 questa
763 2241 941 2300 cagione
964 2239 1079 2288 fuori
1101 2241 1249 2288 uscite.

336 2375 514 2422 Veduto
538 2375 692 2423 havete
712 2375 750 2423 le
773 2376 946 2423 mortal’
972 2375 1109 2423 ferite:

422 2448 483 2490 Ite
504 2443 698 2491 volando
721 2459 762 2491 et
783 2444 962 2491 diteneli
984 2444 1009 2490 il
1031 2463 1150 2501 vero,

422 2514 467 2558 O
489 2529 567 2558 ver
587 2511 655 2558 ch’
679 2511 760 2559 ella
781 2512 1004 2559 mandasse
1026 2530 1086 2559 un
1110 2513 1367 2572 messagiero

420 2581 505 2626 De'
527 2579 637 2635 suoi,
661 2597 705 2626 se
727 2597 819 2626 non
842 2579 1033 2627 credesse
1054 2579 1153 2640 quel
1176 2580 1255 2627 che
1277 2579 1378 2627 dite.

335 2716 599 2762 Troverrete
619 2733 711 2778 unq
738 2716 897 2778 arcierq
917 2716 962 2761 in
983 2715 1091 2763 sulla
1111 2731 1240 2776 porta

422 2783 548 2829 Ritto
570 2783 614 2828 in
636 2786 699 2830 su'
724 2782 900 2839 limitar,
922 2784 1176 2839 victorioso,

421 2850 573 2897 Perch’
598 2850 695 2913 altr}
715 2851 892 2898 incauto
913 2850 1072 2898 dentro
1094 2869 1184 2898 non
1207 2852 1240 2898 si
1264 2866 1412 2898 metta.

338 2986 497 3044 Questi
520 2986 709 3032 convien
732 2985 811 3033 che
832 2987 893 3033 sia
913 2986 953 3033 la
973 3001 1119 3034 vostra
1139 3001 1295 3043 scorta3

422 3057 456 3099 E
480 3053 506 3099 ’l
528 3053 852 3114 preg‹h›errete‚
874 3072 916 3101 se
938 3055 981 3101 vi
1003 3053 1060 3101 fia
1080 3055 1265 3115 piat030,

423 3121 519 3168 Che
540 3122 653 3184 pass}
673 3122 810 3185 anche}
831 3140 854 3169 a
874 3122 945 3169 llei
968 3122 994 3168 il
1018 3140 1095 3169 cor
1115 3122 1247 3169 d'una
1267 3137 1413 3169 saetta.

1702 1302 1740 1333 10

1700 2799 1738 2830 10

1844 158 1935 198 457
