2124 3464
119 175 350 208 PRIVATE
376 174 605 208 LETTERS
1870 172 1927 211 55

1000 318 1054 359 67

649 387 727 426 ΤΟ
750 387 1039 426 LUCREZIA
1060 388 1151 426 DE'
1172 389 1401 427 MEDICP

714 453 939 500 Florence,
963 457 1012 494 12
1033 457 1208 507 August
1232 458 1337 495 1479

200 549 314 587 ΜΑΡ
342 550 462 595 80,78.
490 547 677 600 Original.
703 547 942 601 Autograph.
976 551 1093 589 Verso:
1122 548 1358 601 ‘Magnificae
1383 550 1501 590 Matri
1526 565 1643 598 meae,
1670 550 1848 591 dominae

201 604 395 644 Lucretiae
415 603 461 644 de
479 603 664 644 Medicis?

115 713 264 756 Mater
294 727 391 756 mea
425 708 670 769 magnifica.
707 713 1042 770 L’apportatore
1076 709 1098 757 ὲ
1131 710 1366 758 Girolamo
1402 711 1617 768 Barbiere,
1651 711 1852 772 figliuolo
1889 712 1933 760 di

115 777 270 824 buono
297 777 431 837 padre
457 792 499 824 et
523 777 613 824 cosi
640 777 684 824 di
708 778 857 825 buona
883 793 1025 839 gente.
1050 780 1162 826 Dice
1187 779 1267 826 che
1292 779 1475 826 essendo
1499 795 1655 850 vacato
1679 799 1771 828 uno
1795 781 1931 842 luogo

115 845 223 892 d’un
244 845 453 892 donzello
473 845 555 892 alla
572 847 878 902 Mercatantia‚
895 846 1176 894 desiderebbe
1196 847 1344 908 quello
1363 848 1542 908 luogho.
1569 853 1603 895 E
1621 866 1751 896 senza
1770 849 1931 910 moglie

115 928 157 960 et
180 913 415 960 volentieri
440 913 617 961 farebbe
642 932 743 961 cosa
765 915 808 961 vi
834 914 945 962 fusse
970 930 1102 975 grata.
1126 919 1177 962 Se
1203 915 1314 963 fusse
1341 916 1378 963 el
1403 916 1590 977 bisogno
1617 932 1784 973 vostro,
1810 936 1863 964 ve
1887 917 1933 965 lo

116 981 425 1029 raccomando.
448 985 623 1042 Questo
645 982 759 1039 dico,
777 982 938 1044 perche
957 983 1018 1030 lui
1040 983 1134 1031 dice
1153 984 1232 1031 che
1250 985 1326 1032 voi
1347 984 1392 1032 lo
1411 985 1556 1032 volete
1577 985 1679 1032 dare
1697 1003 1721 1033 a
1738 1004 1831 1033 uno
1852 986 1933 1034 che

113 1049 255 1110 tolghi
278 1068 366 1097 una
388 1049 594 1098 fanciulla
612 1069 693 1111 per
713 1050 802 1098 fare
821 1069 845 1098 a
866 1051 1010 1112 quella
1030 1051 1235 1100 fanciulla
1255 1053 1399 1113 quella
1419 1053 1635 1101 limosina.
1662 1058 1931 1102 Raccoman-

114 1117 239 1165 dorni
261 1136 285 1165 a
306 1119 393 1165 voi.
418 1122 459 1164 A
482 1118 526 1165 di
552 1123 602 1164 12
624 1119 823 1179 d'agosto
850 1124 968 1166 1479.
994 1120 1331 1168 Bartholomeus
1353 1121 1474 1168 Scala
1493 1140 1517 1168 a
1537 1122 1699 1169 Pinthi.

995 1262 1048 1303 68

658 1331 736 1371 To
758 1332 1038 1372 LORENZO
1061 1334 1151 1372 DE'
1172 1334 1385 1373 MEDICI

708 1399 934 1447 Florence,
958 1404 1007 1441 16
1028 1403 1203 1453 August
1227 1405 1332 1442 1479

194 1494 308 1531 ΜΑΡ
322 1495 370 1532 37
374 1496 469 1540 ,633.
487 1493 673 1545 Original.
689 1494 928 1547 Autograph.
951 1497 1068 1535 Verso:
1084 1495 1303 1548 ‘Magnifico
1320 1497 1405 1536 viro
1421 1497 1625 1537 Laurentio
1642 1496 1688 1537 de
1703 1497 1846 1538 Medici

194 1549 294 1601 patri
314 1564 401 1589 meo
421 1562 458 1589 et
479 1549 712 1590 benefactori
731 1551 961 1603 praecipuo.’
983 1551 1147 1591 Recd.16
1166 1554 1313 1604 August
1339 1556 1442 1593 1479.
1461 1552 1574 1601 Scala,
1596 1557 1643 1593 74
1661 1556 1751 1602 [51].

110 1652 349 1712 Magnifice
369 1668 495 1713 pater
513 1654 587 1700 mi.
611 1655 705 1713 Qui
727 1654 749 1701 ὲ
768 1669 884 1701 stato
904 1655 1087 1715 qualche
1107 1655 1152 1702 di
1165 1660 1335 1716 Jacopo
1356 1656 1410 1703 da
1428 1658 1622 1717 Perugia,
1646 1657 1857 1705 mandato
1876 1658 1931 1705 da

109 1724 279 1784 Messer
303 1721 451 1768 Pietro
475 1721 645 1778 Paulo‚²
668 1740 748 1783 per
773 1722 1000 1770 intendere
1025 1723 1173 1784 quello
1201 1724 1332 1771 habbi
1359 1743 1383 1771 a
1408 1724 1511 1781 fare,
1538 1726 1869 1786 appressandosi
1898 1726 1926 1772 il

109 1803 265 1849 tempo
283 1788 364 1836 che
385 1789 574 1836 harebbe
594 1808 618 1836 a
633 1791 783 1837 venire
803 1791 857 1838 ad
874 1793 1110 1839 exercitare
1126 1792 1162 1839 el
1181 1810 1263 1839 suo
1283 1792 1449 1840 officio.
1470 1798 1581 1840 Non
1602 1794 1662 1841 ho
1681 1809 1839 1855 saputo
1860 1813 1927 1841 ex·

107 1856 296 1916 pedirlo,
322 1875 414 1903 non
438 1857 643 1904 havendo
664 1859 824 1905 notitia
846 1859 958 1906 della
976 1874 1125 1907 vostra
1147 1860 1476 1917 deliberatione,
1499 1861 1579 1908 che
1600 1861 1721 1909 l’arei
1744 1862 1863 1909 facto
1884 1878 1926 1909 et

108 1924 302 1971 levatovi
321 1940 473 1985 questa
491 1926 606 1972 noia.
629 1930 756 1973 Hora
775 1926 835 1973 lui
856 1926 878 1973 ὲ
897 1927 1054 1974 voluto
1074 1929 1223 1975 venire
1243 1946 1266 1975 a
1284 1929 1358 1975 voi
1379 1944 1421 1976 et
1440 1929 1495 1976 ha
1512 1929 1670 1976 voluto
1689 1930 1730 1977 la
1748 1931 1836 1977 mia
1854 1930 1929 1977 let-

108 2007 214 2039 tera.
235 1993 323 2039 Voi
345 2011 399 2040 ne
420 1993 645 2054 piglierete
666 1994 765 2055 quel
787 1996 908 2042 savio
927 1996 1094 2056 partito
1114 1997 1158 2042 vi
1176 1996 1303 2057 parra
1324 2012 1367 2044 et
1387 2015 1456 2045 me
1479 1998 1687 2045 aviserete
1705 2016 1749 2045 se
1772 1998 1881 2046 haro
1903 2017 1926 2046 a

109 2060 199 2108 fare
219 2061 333 2108 circa
353 2076 509 2122 questo
530 2080 558 2109 o
579 2062 693 2110 altro
713 2063 866 2110 alcuna
887 2058 1021 2111 cosa.b
1043 2068 1084 2111 A
1104 2065 1178 2112 voi
1202 2066 1263 2111 mi
1286 2066 1593 2113 raccomando.
1617 2071 1682 2113 Ex
1703 2066 1928 2125 Florentia

108 2128 178 2176 die
206 2134 255 2176 16
276 2131 463 2190 Augusti
493 2135 611 2178 1479.

192 2201 269 2245 Ser
305 2199 498 2259 Baptista
531 2199 787 2256 Nachianti,
827 2202 979 2248 notaio
1018 2202 1063 2248 in
1100 2202 1382 2259 cancelleria,c
1419 2203 1440 2250 ὲ
1477 2203 1631 2251 buono
1672 2204 1842 2251 huomo
1882 2220 1923 2252 et

107 2265 262 2313 buono
283 2268 437 2314 notaio
456 2282 497 2314 et
515 2285 538 2314 a
555 2269 629 2315 voi
647 2286 775 2316 servo
794 2268 946 2316 fedele.
963 2270 1158 2317 Essendo
1178 2286 1328 2318 morto
1345 2275 1422 2318 Ser
1439 2272 1756 2320 Bartholomeo
1777 2274 1921 2330 Corsi,

108 2335 262 2381 notaio
291 2350 446 2382 nostro
474 2335 556 2396 agli
584 2340 707 2383 Octo
734 2352 776 2384 et
804 2338 956 2384 notaio
984 2338 1053 2385 all’
1082 2343 1191 2386 Arte
1219 2339 1286 2386 de’
1317 2339 1610 2397 Chiavaiuoli‚
1641 2340 1924 2388 desiderebbe

107 2402 251 2462 quella
273 2407 382 2450 Arte
407 2403 474 2450 de’
499 2404 792 2461 Chiavaiuoli;
819 2420 860 2452 et
882 2406 927 2452 in
951 2406 1089 2453 verita
1109 2407 1359 2467 heneficium
1384 2408 1486 2455 hene
1508 2408 1727 2456 locaretur.
1754 2400 1788 2455 12:
1810 2424 1926 2457 stato

107 2471 325 2518 continuo
355 2486 397 2518 et
422 2486 488 2519 sta
514 2490 538 2519 a
563 2474 738 2530 servire,
767 2492 858 2520 non
887 2474 1083 2522 curando
1110 2475 1147 2522 el
1173 2476 1385 2536 pericolo;
1416 2491 1458 2523 et
1485 2495 1611 2524 come
1641 2477 1700 2524 ho
1728 2477 1873 2534 decto,
1901 2478 1923 2525 ὲ

106 2553 222 2586 stato
237 2557 409 2600 sempre
430 2555 471 2587 et
489 2540 510 2587 ὲ
527 2556 692 2588 vostro.
714 2546 762 2589 Io
777 2560 829 2589 ve
847 2542 892 2589 lo
912 2543 1218 2591 raccomando.
1238 2545 1435 2592 Servitor
1450 2545 1788 2593 Bartholomeus
1806 2546 1927 2594 Scala

107 2624 131 2653 a
151 2607 314 2654 Pinthi.

187 2806 199 2820 ²
224 2803 403 2846 Lucrezia,
429 2802 494 2841 nee
518 2804 768 2849 Tornabuoni‚
794 2819 864 2843 was
891 2808 1056 2844 Lorenzo
1078 2806 1134 2844 de’
1160 2806 1322 2845 Medici’s
1347 2807 1504 2852 mother,
1529 2822 1548 2846 a
1570 2808 1737 2857 practica]
1763 2809 1922 2847 business

105 2867 254 2891 woman
269 2854 340 2892 and
356 2867 500 2903 patron,
517 2870 552 2893 as
570 2856 651 2894 well
670 2871 704 2894 as
722 2871 742 2894 a
757 2858 880 2895 writer
894 2857 935 2895 of
950 2857 1116 2907 religious
1132 2859 1232 2908 plays
1249 2859 1320 2897 and
1337 2874 1446 2904 verse,
1461 2874 1518 2898 see
1536 2860 1599 2898 the
1615 2861 1868 2899 introduction
1881 2874 1921 2899 to

106 2906 172 2944 her
186 2910 318 2946 Lettere
334 2908 383 2957 by
402 2910 439 2946 P.
457 2909 650 2954 Salvadori,
670 2910 852 2955 Florence,
874 2915 971 2956 1993,
991 2916 1092 2950 3—45.

186 2970 198 2984 ²
217 2966 336 3004 Pietro
356 2966 466 3004 Paolo
486 2968 641 3005 Ranieri.

185 3018 201 3042 ¹³
223 3027 295 3062 For
317 3027 512 3063 Lorenzo‘s
535 3026 647 3074 reply,
669 3041 725 3065 see
746 3028 931 3066 Pr0tocolli
949 3028 1007 3066 del
1025 3033 1188 3077 carteggio
1211 3029 1250 3067 di
1270 3033 1423 3068 Lorenzo
1445 3030 1472 3068 il
1488 3031 1684 3079 Magnfico,
1708 3031 1762 3069 ed.
1787 3035 1839 3069 M.
1861 3031 1918 3069 del

106 3076 246 3120 Piazzo,
267 3076 449 3121 Florence,
471 3081 569 3121 1956,
589 3081 645 3122 95,
663 3078 768 3123 Scala,
788 3083 833 3117 74
850 3083 932 3126 [69],
953 3093 1040 3118 note
1056 3084 1112 3118 42.

186 3139 199 3153 ⁰
215 3149 272 3172 ser
291 3136 438 3173 Battista
454 3135 493 3173 di
506 3139 642 3185 Jacopo
663 3137 866 3176 Nachiante
885 3153 956 3176 was
976 3142 1121 3188 Notary
1140 3139 1181 3177 of
1197 3140 1259 3178 the
1279 3142 1373 3178 Otto
1392 3140 1430 3178 di
1450 3141 1607 3179 Guardia
1627 3141 1669 3179 of
1686 3141 1808 3179 which
1825 3142 1922 3180 Scala

105 3200 176 3223 was
194 3186 285 3224 then
301 3201 320 3224 a
337 3188 510 3232 member,
528 3202 585 3226 see
603 3188 709 3226 letter
725 3193 779 3233 64,
798 3202 885 3227 note
902 3190 945 3238 a).
