2124 3458
127 173 309 207 ESSAYS
1828 165 1918 206 389

126 310 309 357 vertices
328 310 510 370 iugaque
534 323 798 369 occupasset,
820 308 940 355 venti
962 307 1231 369 dissipavere.
1257 311 1384 367 Quae
1406 308 1583 369 quidem
1603 326 1692 355 sese
1714 326 1804 369 quo
1827 323 1927 356 nata

126 392 216 425 erat
237 377 338 424 loco
359 378 394 424 si
419 376 624 424 humilius
650 377 948 432 continuisset,
971 376 1117 436 potuit
1141 374 1441 423 diuturnius¹³⁹
1463 393 1631 423 servare
1653 376 1923 436 dignitatem.

911 515 976 558 86.
1002 515 1141 558 Locus

960 579 1023 635 Bi,
1044 585 1094 625 4r

124 687 249 730 ‹A›er
268 682 522 743 Aetherque
541 681 594 729 de
613 682 779 742 generis
801 682 915 729 inter
934 699 977 729 se
999 681 1226 729 nobilitate
1246 681 1572 729 contendebant
1593 681 1926 743 detulerantque

124 751 179 799 ad
203 752 306 797 Irim
331 751 690 798 controversiam.
718 754 812 810 Ipsa
835 749 1028 797 adstabat
1053 749 1193 797 iudex.
1222 751 1356 810 Igitur
1378 767 1478 797 cum
1505 750 1643 797 multa
1668 750 1770 797 hinc
1795 764 1924 810 atque

125 818 226 866 inde
254 836 338 879 pro
367 836 443 865 sua
473 819 654 878 quisque
685 835 810 864 causa
837 817 1146 873 disseruissent,
1180 818 1255 864 Iris
1286 818 1416 864 ‘itane
1446 818 1545 864 estis
1573 817 1734 873 ambo‚'
1769 818 1925 878 inquit,

125 890 334 934 ‘vestrum
360 885 487 933 obliti
510 903 657 946 genus,
685 903 775 946 quo
798 903 876 932 vos
902 885 1009 931 nihil
1036 884 1221 932 differtis
1242 885 1348 932 olim
1376 887 1393 932 ?
1415 885 1498 932 Sed
1522 899 1722 932 naturam
1748 903 1924 946 quoque

125 969 293 1001 mutare
315 953 437 1001 locus
457 968 602 1014 potest
625 967 666 1000 et
688 971 772 1014 qua
793 971 859 1000 res
880 952 1049 1000 futurae
1070 953 1155 1000 sint
1179 952 1279 1000 dare
1300 952 1633 1000 conditionem.'

886 1093 951 1136 87.
976 1088 1162 1136 Morbus

958 1157 1021 1213 Bi,
1042 1163 1093 1204 4r

123 1262 206 1306 Per
224 1259 311 1306 oris
333 1259 571 1319 ingressum
592 1258 779 1305 Morbus
800 1275 844 1305 se
863 1258 908 1304 in
928 1258 1092 1305 viscera
1108 1272 1411 1318 penetraverat
1428 1272 1470 1304 et
1490 1258 1730 1304 miserrime
1751 1272 1925 1318 torque-

122 1327 209 1374 bat.
240 1330 355 1386 Ergo
385 1325 647 1386 Aesculapio
677 1323 1032 1386 supplicabant¹⁴⁰
1064 1325 1516 1386 advolutabanturque
1546 1343 1642 1372 arae
1671 1340 1712 1372 et
1741 1343 1924 1372 munera

123 1394 425 1456 imponebant.
455 1393 631 1453 Quibus
656 1394 797 1441 victus
820 1393 874 1441 ad
895 1408 1184 1454 postremum,
1194 1392 1241 1418 ¹⁴¹
1270 1393 1400 1440 ‘unde
1427 1394 1637 1454 ingressus
1664 1408 1740 1450 est,
1766 1393 1923 1440 eodem

122 1477 170 1510 ut
193 1462 461 1523 regrediatur
478 1461 658 1509 tandem
678 1461 866 1509 Morbus
889 1479 1059 1509 necesse
1081 1465 1172 1518 est,'
1196 1461 1420 1522 respondit
1444 1461 1560 1509 deus.

894 1602 959 1644 88.
984 1598 1155 1657 Magica

914 1666 977 1721 Bi,
998 1671 1134 1712 4v-5r

121 1772 469 1815 ‹C>onvenerant
490 1767 605 1815 forte
625 1767 958 1814 mathematicus
976 1782 1105 1828 atque
1122 1782 1273 1815 orator
1289 1782 1331 1815 et
1350 1767 1684 1815 mathematicus
1700 1768 1824 1828 prior
1840 1785 1923 1814 ser-

122 1853 303 1883 monem
329 1836 390 1883 sic
416 1836 583 1883 inierat.
611 1836 741 1882 ‘Mira
764 1853 893 1896 supra
919 1853 985 1883 res
1008 1853 1162 1883 omnes
1187 1836 1358 1896 Magica
1380 1835 1490 1882 mihi
1515 1835 1654 1883 videri
1676 1835 1816 1883 solet.'
1847 1839 1922 1882 ‘At

121 1905 265 1951 oratio
287 1903 426 1960 mihi‚’
454 1903 679 1964 respondit
704 1918 867 1960 orator,
893 1904 978 1951 ‘cui
1001 1903 1149 1951 divina
1170 1900 1335 1951 certe¹⁴²
1361 1904 1485 1964 origo
1509 1918 1586 1960 est,
1607 1904 1643 1951 si
1666 1903 1837 1951 vatibus
1861 1918 1923 1951 est

121 1971 244 2028 fides,
264 1972 477 2032 missaque
498 1972 543 2018 in
563 1986 697 2019 terras
714 1971 769 2019 ad
782 1989 910 2019 usum
932 1971 1199 2019 mortalium.
1222 1972 1571 2019 Incantationem
1591 1986 1752 2028 autem,
1771 1972 1850 2019 etsi
1869 1972 1922 2019 ab

121 2039 362 2086 immortali
378 2040 645 2100 principium
665 2054 727 2086 est
741 2040 921 2100 generis,
938 2054 1086 2086 tamen
1103 2039 1359 2087 mortalibus
1377 2054 1521 2087 ortam
1534 2039 1788 2100 parentibus
1803 2054 1923 2087 autu-

120 2122 258 2163 mant3
288 2122 330 2154 et
359 2111 578 2154 Venerem
610 2107 877 2155 descendisse
909 2107 1172 2168 quandoque
1202 2109 1248 2154 in
1279 2122 1412 2155 terras
1440 2108 1575 2155 animi
1605 2108 1741 2168 gratia
1769 2125 1922 2168 vagan—

120 2190 297 2236 temque
320 2175 571 2236 aliquandiu
595 2193 756 2222 amasse
778 2174 1005 2223 Affectum
1027 2190 1156 2237 atque
1176 2193 1228 2223 ex
1250 2194 1303 2223 eo
1322 2177 1537 2237 peperisse
1559 2176 1771 2223 Maniam.
1793 2179 1921 2235 Quae

120 2261 221 2290 cum
247 2243 518 2299 adolevisset,
544 2244 690 2304 nupsit
714 2244 840 2304 patri.
866 2243 998 2291 Unde
1023 2258 1085 2291 est
1110 2259 1206 2291 orta
1228 2245 1399 2304 Magica
1421 2259 1463 2291 et
1486 2244 1712 2305 Cupidini,
1738 2245 1921 2291 Veneris

120 2310 229 2367 filio,
254 2311 308 2358 ad
329 2308 688 2358 enutriendam¹⁴³
715 2311 826 2359 data.
849 2315 976 2371 Quae
998 2311 1324 2372 pulchritudine
1349 2327 1501 2372 postea
1522 2326 1644 2359 tanta
1664 2311 1746 2359 fuit
1769 2327 1817 2359 ut
1841 2327 1922 2359 tra·

118 2380 230 2426 xerit
257 2380 302 2426 in
331 2379 669 2426 admirationem
698 2379 866 2427 formae
894 2397 1048 2427 omnes
1074 2395 1236 2440 gentes,
1264 2394 1311 2427 ut
1339 2395 1381 2427 et
1408 2394 1456 2427 tu
1481 2379 1615 2440 paulo
1644 2394 1744 2427 ante
1770 2381 1919 2427 mirari

119 2447 305 2503 dicebas,
329 2461 370 2494 et
392 2447 518 2494 durat
542 2446 658 2494 fama
678 2462 790 2495 astra
810 2465 986 2508 quoque
1010 2462 1139 2508 atque
1159 2448 1334 2495 umbras
1359 2447 1623 2508 quandoque
1645 2447 1699 2495 ad
1718 2466 1762 2495 se
1783 2448 1920 2495 visen·

119 2514 221 2562 dam
252 2530 381 2575 atque
413 2515 715 2562 admirandam
746 2516 1023 2563 convertisse.
1057 2516 1177 2562 Hinc
1210 2515 1395 2563 cimbala
1425 2530 1466 2562 et
1497 2530 1678 2571 curetes,
1711 2515 1813 2562 hinc
1846 2516 1921 2576 qui

119 2597 267 2630 amant
290 2582 449 2630 furoris
470 2597 627 2643 petunt
650 2583 854 2639 remedia,
877 2601 985 2644 quae
1007 2598 1054 2631 ut
1077 2584 1271 2631 invenire
1294 2601 1386 2630 non
1405 2598 1602 2644 possunt,
1629 2583 1917 2630 nihilominus

119 2651 199 2711 ipsi
222 2651 445 2698 somniant
472 2669 581 2711 quae
604 2652 786 2712 cupiunt
812 2652 1182 2712 intemperanter.’
1206 2652 1291 2698 Vix
1315 2669 1422 2698 vero
1445 2651 1779 2699 mathematicus
1802 2651 1921 2698 dedit

119 2715 341 2766 manus.¹⁴⁴
366 2718 450 2766 Sed
470 2719 562 2766 veri
582 2720 646 2766 vis
667 2718 764 2780 plus
785 2734 943 2780 potest.

899 2859 965 2902 89.
990 2855 1144 2902 Gratia

925 2923 988 2979 Bi,
1010 2928 1117 2970 5r-v

118 3022 269 3069 ‹M›ale
291 3022 432 3069 cultus
455 3041 554 3083 ager
574 3022 792 3070 ‘Referam
812 3041 919 3070 vero
939 3023 1048 3079 tibi,’
1074 3024 1229 3084 inquit,
1252 3024 1312 3069 ‘in
1334 3038 1549 3084 tempore,
1573 3041 1601 3070 o
1622 3023 1811 3079 Colone,
1835 3041 1924 3083 gra-

118 3093 255 3136 t1am.’
