2124 3464
125 169 354 203 PRIVATE
380 168 607 202 LETTERS
1833 160 1915 201 111

125 324 218 354 rare
237 324 347 367 quae
370 306 631 353 Lucensium
654 319 755 352 sunt
779 301 824 350 in
847 322 938 351 rem
961 322 1009 351 ac
1027 305 1061 351 si
1083 304 1440 351 Florentinorum
1466 304 1629 365 aliquid
1650 319 1757 351 esset
1780 322 1929 351 curan-

116 374 244 421 dum.
269 373 342 420 Ad
362 390 581 420 summam
606 373 666 419 ita
684 372 816 419 velim
837 371 1128 433 persuadeatis
1149 372 1274 419 vobis
1299 389 1368 419 me
1391 371 1513 419 nullo
1536 371 1650 428 loco,
1675 372 1798 419 nullo
1821 386 1928 419 tem-

122 460 245 504 pore,
271 441 400 488 nullis
426 440 628 497 fortunis,
653 455 867 501 quantum
891 440 1003 487 vires
1024 454 1248 501 poterunt,
1271 454 1437 487 vestrae
1459 439 1636 487 utilitati
1659 458 1708 487 ac
1728 439 1929 500 dignitati

123 528 212 558 esse
229 509 498 557 defuturum.
519 513 595 556 Me
611 509 743 556 etiam
761 522 890 569 atque
906 509 1038 555 etiam
1054 508 1179 555 vobis
1196 508 1438 569 plurimum
1460 508 1741 555 commendo.
1762 508 1927 555 Valete.

122 582 186 624 Ex
209 577 376 625 Palatio
399 592 552 624 nostro
574 576 833 623 Florentino
856 575 924 623 die
945 595 1003 622 xx
1023 576 1293 623 Novembris
1321 580 1438 623 1481.

989 718 1068 758 124

510 788 589 827 TO
606 789 838 838 JACOBO
860 788 1235 828 GHIVIZZANO
1258 790 1323 827 IN
1343 789 1537 828 LUCCA

819 859 841 894 7
862 855 1104 895 December
1128 858 1229 895 1481

204 952 288 997 Mo,
312 948 379 989 fol.
403 952 532 988 2lr—v.
553 948 666 988 Draft
688 948 739 1000 by
762 948 888 988 Scribe
908 951 957 996 A,
982 948 1134 988 headed:
1160 949 1346 988 ‘Domino
1370 948 1506 988 Iacobo
1533 948 1775 988 Ghivizano.‘
1797 951 1842 988 In

205 1020 333 1057 marg.:
350 1004 569 1057 ‘Magnifico
587 1018 623 1044 et
637 1004 841 1044 clarissimo
858 1005 974 1057 equiti
988 1005 1146 1044 Lucensi
1160 1005 1334 1044 Domino
1346 1004 1489 1054 Jacobo
1505 1004 1734 1052 Ghivizano‚
1749 1005 1847 1057 patri

205 1074 251 1157 319
263 1060 496 1156 blelgpgagtori
516 1075 603 1100 meo
624 1060 928 1112 singularissimo,
953 1062 1099 1100 Lucae.’
1118 1060 1244 1112 Partly
1265 1060 1323 1100 ed.
1345 1061 1384 1099 in
1403 1063 1591 1108 Lorenzo,
1611 1063 1761 1108 Latere,
1778 1063 1843 1108 VI,

120 1219 358 1281 Magnifice
380 1235 421 1267 et
441 1219 674 1267 clarissime
695 1237 838 1280 eques,
857 1234 983 1280 pater
1000 1234 1041 1266 et
1059 1219 1315 1266 benefactor
1332 1220 1406 1266 mi.
1428 1220 1496 1266 Mi
1515 1219 1646 1266 duole
1668 1219 1747 1266 che
1769 1220 1813 1266 io
1834 1238 1927 1266 non

118 1289 282 1349 potetti
307 1287 561 1348 rispondere
588 1287 667 1334 alle
691 1302 837 1334 vostre
860 1305 940 1348 per
962 1288 1050 1334 mia
1072 1288 1366 1348 occupationi,
1394 1286 1447 1334 ne
1472 1287 1554 1334 alla
1575 1288 1718 1348 prima
1743 1287 1812 1334 col
1836 1305 1928 1334 cor-

120 1355 238 1403 bello
262 1355 373 1403 delle
396 1355 654 1403 melarancie
678 1355 758 1402 che
782 1356 843 1402 mi
868 1354 1096 1412 mandasti,
1120 1355 1164 1402 di
1186 1355 1265 1402 che
1288 1356 1332 1402 vi
1355 1356 1565 1416 ringratio
1587 1384 1601 1390 -
1622 1370 1786 1416 troppo
1810 1356 1855 1402 vi
1878 1357 1929 1402 ri·

120 1424 298 1472 cordate
317 1423 361 1471 di
382 1442 467 1480 me,
489 1438 531 1471 et
547 1423 732 1485 priegho
754 1423 879 1471 Iddio
898 1424 959 1470 mi
981 1423 1051 1471 dia
1067 1424 1203 1484 gratia
1221 1423 1265 1471 di
1281 1438 1435 1485 potere
1456 1423 1639 1485 qualche
1657 1423 1779 1471 volta
1798 1425 1929 1471 corri-

118 1492 336 1553 spondere
361 1492 537 1539 almeno
560 1492 606 1538 in
629 1491 811 1552 qualche
831 1506 954 1552 parte
975 1495 1012 1539 a’
1036 1491 1240 1539 beneficii
1261 1493 1444 1539 ricevuti
1465 1492 1520 1539 da
1537 1493 1613 1539 voi
1635 1520 1649 1526 -
1670 1492 1724 1539 ne
1746 1492 1929 1539 all'altra

120 1561 315 1607 ricevuta
330 1560 400 1620 pel
414 1574 574 1608 *vostro
594 1559 808 1606 cavallaro
825 1578 904 1620 per
921 1559 959 1606 le
979 1578 1077 1607 cose
1098 1559 1142 1606 di
1161 1560 1360 1620 Bargha.²
1378 1559 1454 1607 Gli
1473 1559 1542 1607 die
1563 1560 1756 1607 anchora
1772 1559 1813 1607 la
1831 1578 1926 1607 vos-

119 1642 187 1675 tra
206 1646 230 1675 a
250 1628 456 1675 Antonio
479 1622 628 1675 Puccib
648 1645 729 1688 per
749 1627 892 1689 quella
912 1627 1150 1675 medesima
1170 1629 1363 1688 cagione,
1386 1642 1428 1675 et
1447 1627 1637 1689 parlomi
1659 1627 1859 1675 Nicholo
1884 1627 1928 1675 di

120 1697 325 1743 Antonio
345 1695 580 1756 Martegli.c
597 1700 709 1743 Non
730 1695 789 1743 ho
807 1710 970 1757 potuto
990 1695 1243 1757 rispondere
1263 1697 1408 1743 insino
1429 1714 1453 1743 a
1471 1696 1581 1743 hora
1597 1714 1677 1757 per
1695 1697 1781 1743 mie
1801 1714 1926 1743 occu-

118 1765 290 1825 pationi
310 1764 563 1825 public<h›e:
590 1764 850 1825 rispondero
873 1764 911 1811 al
931 1779 1145 1825 presente.

205 1832 281 1879 Gli
308 1832 511 1879 huomini
540 1832 584 1879 di
610 1832 790 1892 Bargha,
814 1832 947 1893 quelli
972 1832 1052 1879 che
1075 1833 1110 1879 si
1134 1833 1365 1893 partirono
1390 1832 1434 1879 di
1460 1833 1549 1893 qui,
1574 1833 1857 1893 promissorio
1887 1847 1929 1879 et

119 1900 201 1948 alla
220 1901 419 1961 Signoria
442 1915 483 1947 et
504 1918 528 1947 a
550 1918 619 1947 me
640 1901 789 1947 venIre
813 1900 922 1947 costi
944 1915 986 1947 et
1007 1900 1096 1947 fare
1117 1915 1283 1961 quanto
1304 1901 1347 1947 vi
1367 1901 1531 1961 scripsi,
1556 1915 1598 1948 et
1619 1900 1673 1948 da
1695 1918 1764 1948 me
1786 1900 1923 1947 vollo-

120 1986 180 2016 no
199 1986 287 2016 una
306 1968 461 2015 lettera
476 1968 556 2015 che
575 1968 855 2015 l'addirizassi
876 1968 957 2016 alla
973 1968 1306 2029 Magnificentia
1321 1973 1493 2025 Vostra3
1515 1983 1556 2016 et
1575 1969 1619 2016 io
1638 1968 1679 2016 la
1697 1968 1780 2016 feci
1798 1983 1839 2016 et
1857 1970 1927 2016 sti·

120 2037 206 2084 mai
228 2036 308 2084 che
327 2054 408 2097 per
428 2036 527 2097 quel
550 2036 688 2084 modo
711 2055 804 2084 non
823 2037 1065 2084 solamente
1087 2038 1122 2084 si
1144 2037 1294 2084 levassi
1314 2038 1384 2084 via
1403 2038 1506 2098 ogni
1529 2038 1832 2094 contentione,
1856 2055 1928 2084 ma

119 2104 493 2152 reconciliassonsi
523 2123 566 2152 se
596 2104 749 2152 alcuna
777 2106 953 2166 ruggine
985 2105 1088 2153 fussi
1117 2120 1219 2153 nata
1244 2106 1290 2152 in
1319 2120 1470 2166 questa
1498 2106 1786 2153 contentione
1815 2105 1926 2153 costi

119 2191 205 2220 con
223 2174 328 2220 tutti
346 2174 434 2230 voi,
454 2191 581 2220 come
600 2173 936 2221 dimostravono
956 2173 1112 2221 havere
1130 2173 1273 2235 voglia
1291 2173 1334 2221 di
1354 2173 1455 2222 fare.
1474 2178 1528 2222 Et
1548 2178 1750 2222 Lorenzo
1769 2189 1811 2221 et
1829 2174 1927 2222 altri

118 2241 198 2289 che
217 2241 263 2288 lo
284 2242 489 2289 intesono
512 2241 739 2289 n'ebbono
759 2243 942 2303 piacere.
963 2246 1041 2289 Ho
1059 2260 1188 2303 preso
1209 2242 1498 2290 admiratione
1518 2242 1597 2290 che
1617 2261 1709 2290 non
1731 2242 1926 2290 habbino

118 2309 232 2356 fatto
250 2309 399 2370 quello
420 2309 464 2356 di
485 2309 564 2357 che
586 2311 862 2357 ricevettono
881 2310 1253 2358 comandamento
1274 2310 1386 2358 dalla
1402 2312 1600 2371 Signoria
1621 2326 1663 2358 et
1682 2311 1781 2358 loro
1803 2310 1928 2358 affer-

118 2395 313 2424 morono
330 2377 478 2424 volere
495 2377 599 2433 fare3
618 2392 659 2424 et
675 2395 768 2425 non
783 2395 915 2438 posso
935 2378 1109 2425 credere
1123 2378 1203 2425 che
1219 2378 1317 2425 loro
1334 2379 1458 2426 sieno
1474 2393 1601 2426 tanto
1616 2379 1744 2426 tondi
1760 2379 1805 2426 di
1820 2379 1923 2439 pelo

118 2444 198 2492 che
218 2463 311 2492 non
330 2445 376 2492 lo
398 2445 592 2492 habbino
614 2445 732 2492 facto
749 2445 793 2492 di
809 2447 886 2506 poi
905 2445 985 2493 che
1006 2447 1066 2492 mi
1085 2447 1292 2502 scrivesti,
1310 2464 1354 2493 se
1372 2446 1483 2493 bene
1501 2447 1645 2507 prima
1664 2446 1831 2494 fussino
1851 2465 1925 2493 vo-

118 2512 199 2560 luti
218 2530 355 2560 essere
373 2531 396 2559 a
415 2513 582 2573 Bargha
600 2528 642 2560 et
657 2514 734 2573 poi
753 2514 917 2570 venire,
938 2513 1187 2561 havendolo
1203 2515 1346 2574 prima
1365 2514 1483 2561 facto
1500 2529 1612 2561 noto
1630 2532 1654 2561 a
1672 2532 1778 2561 casa.
1798 2518 1850 2561 Se
1866 2532 1927 2561 sa-

119 2598 260 2627 ranno
279 2581 432 2628 venuti
452 2595 494 2628 et
513 2580 631 2628 facto
648 2580 796 2642 quello
816 2580 895 2628 che
917 2581 1126 2629 hebbono
1147 2582 1193 2628 in
1213 2581 1605 2638 comandamento,
1621 2582 1745 2629 n'aro
1764 2581 1926 2642 grande

117 2649 287 2709 piacere
302 2648 464 2710 perche
482 2663 602 2696 tutto
619 2664 775 2710 questo
792 2667 891 2697 caso
906 2650 941 2697 si
960 2650 1097 2711 quieti
1114 2664 1155 2697 et
1172 2650 1212 2697 la
1227 2654 1387 2697 Vostra
1402 2649 1735 2711 Magnificentia
1751 2668 1805 2698 ne
1824 2668 1925 2697 con-

198 2902 211 2916 ²
229 2899 295 2935 On
310 2897 383 2935 this
399 2897 551 2946 dispute,
569 2912 626 2936 see
646 2901 822 2942 Lorenzo,
839 2901 977 2942 Lettere,
995 2902 1046 2936 cit.

198 2950 214 2975 '²
230 2958 293 2994 See
309 2955 415 2994 letter
433 2959 508 3000 121,
527 2969 614 2994 note
631 2956 674 3004 a).

198 3017 212 3032 ⁶
229 3014 386 3052 Niccolo
406 3014 593 3052 Martelli’s
611 3014 716 3053 uncle
736 3015 896 3063 Ugolino
916 3029 986 3053 was
1006 3029 1025 3053 a
1042 3016 1205 3053 member
1223 3015 1265 3053 of
1280 3015 1343 3053 the
1363 3018 1456 3054 Otto
1474 3015 1513 3054 di
1531 3017 1666 3054 Pratica
1684 3028 1719 3054 at
1736 3015 1809 3054 this
1826 3017 1926 3060 time,

119 3068 214 3104 Otto
230 3065 386 3110 Delib.l,
404 3066 468 3104 fol.
485 3070 565 3110 38v3
582 3081 634 3104 on
648 3066 831 3115 problems
845 3066 1001 3105 suffered
1017 3067 1066 3116 by
1082 3067 1237 3105 Niccolo
1254 3067 1325 3105 and
1340 3067 1395 3105 his
1410 3067 1535 3116 family
1551 3080 1586 3105 at
1601 3067 1664 3105 the
1680 3067 1792 3105 hands
1808 3067 1850 3105 of
1862 3067 1925 3105 the

118 3117 253 3155 Medici
274 3119 416 3166 regime‚
437 3132 494 3155 see
515 3120 709 3162 A.Brown,
732 3121 909 3156 ‘Lorenzo
930 3118 1001 3157 and
1022 3118 1146 3156 Public
1166 3120 1336 3168 Opim'on
1354 3120 1393 3156 in
1414 3119 1596 3157 Florence:
1616 3119 1679 3157 the
1699 3119 1866 3168 problem
1887 3119 1930 3157 of

118 3170 355 3218 opposition,’
373 3170 413 3206 in
427 3173 581 3208 Lorenzo
597 3169 624 3207 il
635 3170 820 3218 Magnifice
837 3184 854 3208 e
870 3170 897 3208 il
907 3184 968 3208 suo
986 3170 1127 3215 mondo,
1142 3170 1196 3209 ed.
1216 3170 1533 3219 G.C.Garfagnini,
1552 3170 1734 3215 Florence,
1754 3175 1852 3215 1994,
1870 3175 1925 3208 71.
