2118 3444
190 148 277 189 172
1816 155 1955 189 PART
1979 156 1993 190 I

185 294 288 354 lego,
311 293 434 354 quod
455 293 541 340 dici
562 292 793 340 contendis
814 308 1033 354 oportere,
1057 293 1108 340 ab
1130 292 1427 354 frequentiore
1447 293 1665 341 scribendi
1685 312 1765 341 usu
1786 295 1999 342 revocasti

186 377 233 409 ut
259 363 344 409 isto
367 363 454 409 iam
478 361 683 422 exemplo
706 375 748 408 et
770 375 1008 422 compremo
1034 376 1075 408 et
1097 361 1277 418 redemo,
1302 376 1349 409 ut
1373 361 1454 409 alia
1477 361 1615 409 multa
1633 363 1998 423 praetermittam,

187 448 279 477 non
298 433 534 491 comprimo
554 444 595 477 et
610 429 774 477 redimo
792 429 1028 476 dicendum
1044 430 1111 477 sit.
1130 434 1183 477 Et
1202 429 1380 490 quidem
1398 430 1477 477 ista
1493 429 1672 477 fortasse
1690 430 1857 487 melius3
1876 445 1918 478 at
1934 431 1995 477 in-

187 498 317 559 digna
335 513 451 546 certe
467 513 534 545 tot
554 499 640 545 iam
657 498 876 558 tantisque
893 497 1192 545 studiosorum
1216 497 1448 545 hominum
1470 498 1863 559 digladiationibus.
1882 498 1999 546 Adu-

185 567 402 615 lescentem
423 585 599 627 quoque
620 566 762 614 dicere
778 581 820 613 te
836 584 919 627 pro
933 565 1189 614 adolescente
1207 567 1341 614 aiunt.
1361 570 1511 626 Quam
1531 585 1611 627 ego
1628 567 1887 628 opinionem
1908 581 1999 615 tan-

186 650 282 683 tum
317 635 436 682 abest
466 650 514 682 ut
544 635 733 695 probem
765 649 813 682 ut
846 634 1102 682 tetrasticho
1130 635 1261 682 etiam
1293 633 1450 691 olim,²¹
1483 653 1583 682 cum
1617 653 1669 682 ex
1699 634 1790 682 aliis
1822 653 1998 696 quoque

187 703 304 750 idem
327 703 603 759 audivissem,
629 704 711 750 sim
733 717 1002 763 prosecutus.
1030 707 1189 763 Neque
1213 702 1403 750 alienum
1427 702 1536 749 mihi
1561 721 1679 750 nunc
1700 702 1876 750 videtur
1895 704 1931 751 si
1955 703 2000 751 id

187 769 307 819 hoc22
332 771 434 818 loco
457 789 716 832 apposuero.

473 874 695 935 Nunquid
717 874 967 921 adulescens
988 878 1086 919 ἀπο
1109 880 1196 931 τῆς
1218 878 1393 931 οὐρᾶς,
1417 889 1464 922 ut
1487 874 1654 931 adulor,

591 943 706 990 Fiet?
730 946 769 989 A
793 942 928 990 cauda
948 939 1130 990 nobile²³
1158 961 1323 990 nomen
1346 943 1448 990 erit?

472 1015 699 1068 Αἰσχρόν
722 1015 854 1056 τοῦτ’
878 1015 1012 1056 ἐστιν
1038 1029 1216 1059 nomen.
1241 1011 1359 1058 Tolli
1382 1029 1484 1103 ergo
1504 1011 1763 1073 pudendum

591 1083 780 1136 Censeo,
804 1079 1011 1140 quodque
1034 1079 1178 1127 adolet
1199 1081 1424 1141 Papiriane
1459 1098 1581 1127 voca.

270 1181 399 1228 Plura
430 1196 531 1228 sunt
568 1181 694 1228 huius
729 1182 910 1241 generis,
944 1179 1087 1241 quae²⁴
1118 1182 1354 1241 praeterire
1385 1199 1502 1228 nunc
1536 1199 1706 1228 necesse
1739 1195 1800 1228 est
1834 1199 1888 1228 ne
1920 1180 1997 1229 fiat

185 1249 366 1297 fortasse
384 1249 609 1296 fastidium
630 1249 732 1296 hinc
750 1249 999 1296 lectoribus.
1020 1252 1341 1296 Fer-ruminator
1355 1264 1518 1306 tamen,
1537 1249 1589 1296 de
1606 1267 1696 1310 quo
1714 1263 1762 1296 tu
1780 1263 1871 1296 tam
1889 1249 1997 1296 mul-

184 1326 260 1374 ta,g
288 1317 499 1365 dicendus
526 1332 587 1364 est
614 1318 748 1378 prius;
780 1317 901 1378 quod
927 1317 1112 1364 verbum
1140 1318 1267 1364 sicuti
1296 1335 1495 1378 asperum
1526 1332 1680 1365 natura
1704 1318 1996 1378 pronuntiatu

184 1401 261 1442 est,
283 1387 344 1433 ita
363 1387 509 1433 minus
532 1404 611 1433 usu
634 1385 883 1433 emollitum
909 1386 1109 1433 arbitror.
1132 1386 1232 1433 Nisi
1254 1404 1307 1433 eo
1326 1387 1504 1447 proprie
1526 1386 1660 1433 utaris
1680 1400 1722 1433 et
1743 1386 1996 1433 necessitate

183 1454 460 1514 significandi
480 1454 683 1514 quadam,
703 1468 751 1501 ut
770 1453 831 1500 illi
851 1454 931 1514 ipsi
950 1472 1140 1514 quorum
1163 1453 1291 1501 affers
1307 1455 1560 1501 testimonia
1578 1453 1791 1501 factitasse
1810 1453 1920 1500 mihi
1937 1454 1997 1501 vi-

184 1522 359 1579 dentur,
381 1521 639 1583 fugiendum
663 1536 738 1569 est.
760 1521 833 1569 Ad
853 1521 953 1569 alias
973 1523 1091 1569 enim
1114 1540 1259 1569 rerum
1281 1537 1406 1569 notas
1428 1522 1595 1570 duriter
1612 1521 1883 1569 transfertur.
1904 1526 1959 1570 Et
1977 1539 2002 1568 r

184 1591 364 1652 quidem
390 1591 537 1638 littera
559 1605 714 1638 natura
740 1609 888 1652 aspera
913 1605 988 1638 est:
1016 1596 1253 1648 τραχύνει
1281 1596 1367 1636 καῖ
1393 1596 1484 1648 τήν
1509 1594 1675 1647 ἁκοην
1705 1588 1798 1638 ait²⁵
1824 1591 1995 1651 Diony-

182 1654 305 1707 sius.h
338 1663 498 1707 Poetae
528 1677 704 1720 quoque
737 1674 778 1706 et
808 1660 888 1720 ipsi
920 1674 1048 1720 atque
1078 1674 1286 1716 oratores,
1317 1660 1352 1707 si
1383 1659 1560 1720 quando
1592 1660 1637 1705 in
1669 1677 1734 1706 res
1763 1658 1997 1706 inciderint

181 1728 316 1790 paulo
345 1728 582 1785 crudiores,
612 1743 659 1776 ut
687 1746 755 1776 eas
783 1729 1029 1789 exprimant
1058 1728 1384 1776 accomodatius
1412 1742 1698 1789 asperentque
1724 1727 1881 1785 verbis,
1911 1745 1996 1775 cre-

183 1797 302 1844 brius
326 1798 523 1844 inserunt
548 1815 616 1844 eas
637 1796 852 1844 dictiones
872 1815 981 1858 quae
1004 1798 1093 1844 eius
1113 1797 1211 1844 soni
1232 1796 1328 1858 plus
1353 1796 1526 1844 habent.
1548 1797 1591 1844 Si
1612 1797 1731 1844 enim
1752 1797 1995 1857 geminave-

184 1867 253 1922 ris,
283 1865 427 1913 multo
456 1867 597 1926 rugire
625 1865 800 1913 videtur
827 1866 1031 1926 asperior,
1059 1866 1123 1913 uti
1151 1866 1196 1912 in
1223 1879 1332 1913 terra
1359 1865 1552 1912 accidere
1575 1864 1774 1912 videmus
1801 1879 1843 1912 et
1866 1882 1992 1922 serra,

183 1935 305 1981 cuius
333 1952 387 1981 ne
414 1933 526 1981 ferre
552 1933 731 1994 quidem
756 1933 991 1981 stridorem
1019 1952 1141 1981 aures
1166 1933 1444 1994 quorundam
1471 1948 1667 1994 possunt.
1699 1932 1824 1992 Quid
1849 1935 1993 1981 curro?

182 2007 351 2049 Nonne
373 2003 607 2063 strepitum
629 2003 760 2049 etiam
779 2020 882 2063 prae
901 2020 944 2049 se
964 2002 1140 2050 videtur
1159 2001 1270 2049 ferre
1288 2003 1580 2049 currentium?
1603 2001 1728 2061 Quid
1747 1999 1888 2049 item²⁶
1909 2019 1993 2049 car·

182 2073 241 2118 ri?
256 2075 384 2118 Num
403 2070 669 2118 canthorum
686 2071 807 2131 quasi
825 2070 994 2131 fragore
1010 2070 1202 2131 quodam
1217 2070 1491 2131 pertundunt
1509 2070 1665 2117 auditi?
1682 2074 1745 2116 Ex
1762 2069 1919 2117 eodem
1934 2070 1994 2116 vi-

183 2139 345 2186 dentur
377 2137 569 2199 genere27
604 2157 730 2192 error,
765 2157 942 2193 marrae,
979 2137 1186 2195 susurri,²⁸
1223 2139 1348 2192 harri,
1382 2138 1542 2192 horror,
1568 2138 1748 2199 ferrum,
1785 2152 1921 2185 terror
1950 2152 1992 2185 et

184 2207 438 2254 huiusmodi
465 2222 681 2264 sexcenta,
705 2225 813 2268 quae
839 2205 1130 2254 enumerare29
1154 2207 1206 2254 ab
1230 2225 1274 2254 re
1298 2222 1373 2254 est.
1398 2206 1526 2254 Adde
1548 2206 1669 2267 quod
1693 2206 1802 2254 adeo
1825 2205 1992 2253 obsole-

182 2290 279 2323 tum
299 2291 411 2336 puto
432 2291 480 2323 ut
500 2277 573 2322 vix
594 2294 615 2323 e
634 2275 834 2336 plurimis
857 2294 996 2323 unum
1019 2276 1212 2323 invenias
1234 2276 1308 2336 qui
1317 2274 1643 2336 ferruminandi
1662 2275 1753 2322 vim
1775 2289 1993 2322 naturam·

182 2362 266 2405 que
290 2362 408 2391 nunc
430 2344 558 2405 plane
581 2359 727 2392 teneat
749 2359 820 2392 aut
843 2344 959 2391 unde
980 2345 1033 2391 sit
1057 2342 1290 2391 ductum.³0
1312 2348 1432 2391 Nam
1456 2345 1491 2391 si
1515 2344 1660 2391 Livius
1671 2343 1894 2404 ferrumen
1914 2361 1991 2404 po-

181 2414 265 2460 suit
285 2431 368 2473 pro
387 2413 612 2469 bitumine,
632 2427 705 2460 aut
723 2413 916 2460 bitumen
935 2427 996 2460 est
1003 2412 1225 2473 ferrumen
1244 2427 1315 2460 aut
1333 2412 1450 2460 aliud
1467 2412 1676 2473 quiddam
1694 2429 1775 2472 ego
1791 2412 1990 2472 ignorare

183 2499 252 2528 me
285 2480 440 2537 fateor,
475 2499 616 2542 neque
649 2482 797 2528 inveni
830 2481 985 2537 adhuc,
1018 2482 1096 2528 etsi
1128 2481 1317 2528 multum
1353 2480 1513 2541 diuque
1546 2477 1882 2541 quaesiverim‚³¹
1916 2480 1992 2540 qui

180 2550 289 2596 scire
322 2549 366 2596 id
397 2567 440 2596 se
471 2547 807 2610 profiteretur.³²
842 2553 1111 2610 Quanquam
1134 2548 1542 2609 ferruminationem
1578 2542 1886 2595 iurisconsultii
1916 2565 1990 2594 vo·

182 2632 282 2664 cant
303 2635 404 2664 cum
426 2617 592 2664 ferrum
615 2617 733 2664 ferro
752 2617 820 2664 vel
840 2632 1068 2677 argentum
1091 2632 1271 2677 argento
1290 2631 1362 2664 aut
1383 2616 1464 2664 alia
1484 2614 1689 2677 quaevis³³
1714 2615 1907 2663 eiusdem
1927 2633 1993 2676 ge-

182 2686 296 2732 neris
322 2685 497 2732 metalla
518 2687 707 2732 invicem
732 2686 985 2745 iunguntur,
1013 2685 1169 2732 eodem
1194 2703 1294 2732 cum
1319 2703 1408 2745 quo
1434 2686 1634 2731 iunctura
1656 2683 1732 2731 fiat
1755 2683 1990 2739 mediante;

262 2937 272 2962 f
291 2943 497 2991 According
517 2955 557 2980 to
578 2944 744 2987 Priscian,
767 2944 971 2991 Papirianus
992 2954 1107 2980 wrote
1127 2956 1146 2980 a
1166 2941 1271 2980 work
1290 2944 1358 2979 ‘De
1378 2940 1659 2990 orthographia':
1680 2940 1987 2989 Pauly-Wiaeowa,

180 2994 523 3043 Real-Encyclopddie
538 2995 601 3032 der
615 2994 810 3032 klassz‘schen
827 2994 1248 3042 Altertumswissenschafi,
1269 2997 1416 3031 XVIII.3
1438 2992 1552 3041 (1949)
1571 2992 1639 3030 col.
1662 2996 1758 3030 1001.

262 3058 276 3080 ὅ
288 3056 349 3091 See
365 3053 550 3091 Poliziano
563 3065 602 3091 to
617 3052 723 3097 Scala,
738 3056 790 3101 Ly
807 3056 882 3097 129,
895 3067 950 3101 ep.
965 3056 1042 3090 V.1:
1059 3055 1132 3090 ‘Me
1146 3066 1288 3101 quoque
1302 3066 1372 3090 esse
1387 3051 1565 3100 quendam
1581 3082 1587 3089 .
1606 3082 1613 3088 .
1629 3050 1988 3088 .ferruminatorem.'

262 3106 278 3171 ’Β
296 3114 495 3161 Dionysius
515 3112 556 3151 of
573 3112 848 3156 Halicarnassus,
867 3115 922 3150 De
938 3115 1179 3161 compositione
1196 3112 1391 3155 verborum,
1410 3125 1484 3160 cap.
1506 3114 1558 3148 14:
1578 3113 1715 3155 ιτραχύ
1724 3122 1782 3145 νει
1802 3110 1844 3145 δέ
1864 3112 1907 3144 τό
1929 3111 1977 3154 ρ.’

262 3175 269 3189 ¹
288 3170 414 3207 Paulus
434 3171 473 3206 in
490 3170 552 3207 the
569 3172 695 3218 Digest‚
717 3173 875 3207 6.1.23.5.
