2118 3444
154 172 336 206 ESSAYS
1857 162 1949 202 297

239 312 390 368 Quam
410 308 575 363 beatus,
596 308 671 367 qui
689 322 783 354 tuas
802 307 1024 367 cognoscit
1046 305 1243 353 fallacias!
1264 309 1414 365 Quam
1435 306 1605 353 beatior
1622 307 1696 366 qui
1715 306 1768 352 de
1786 306 1871 353 tuis

239 393 331 422 non
348 390 469 422 curat
484 374 718 422 blanditiis!
736 377 782 421 O
798 391 928 435 quam
945 374 1228 429 beatissimus,
1247 374 1321 434 qui
1336 373 1389 420 de
1402 388 1445 420 te
1458 373 1569 420 bene
1584 374 1779 434 privatus
1794 387 1870 420 est.

238 442 404 491 Melior
423 457 485 490 est
508 442 749 503 negotiatio
770 442 859 489 eius
882 456 1075 502 argento,
1098 456 1139 489 et
1160 459 1267 488 auro
1287 442 1522 502 purissimo
1547 440 1713 488 fructus
1735 442 1837 488 eius.

153 550 421 593 Enumerare
444 562 620 606 quoque
643 544 743 592 licet
764 562 816 592 ex
838 544 903 591 his
924 562 1034 605 quos
1056 544 1290 605 antiquitas
1310 544 1442 591 etiam
1464 543 1676 591 admirata
1695 558 1772 600 est,
1793 544 1868 604 qui
1889 543 1956 591 vel

153 614 324 662 bonum
355 628 547 661 mortem
577 612 644 660 vel
674 627 789 660 certe
818 630 909 660 non
938 612 1103 660 malum
1134 630 1178 660 re
1205 613 1295 674 ipsa
1324 608 1673 660 iudicaverunt.⁵¹
1704 612 1794 659 Etsi
1824 611 1882 659 ob
1913 611 1957 659 id

154 683 296 744 ipsum
324 699 416 729 non
441 681 647 729 laudandi
669 681 745 729 sed
767 682 1089 742 vituperatione
1113 680 1231 742 digni
1255 695 1370 738 sunt,
1397 677 1551 742 quod⁵²
1579 698 1670 728 non
1697 679 1953 758 fugiendum

153 766 215 798 est
236 769 258 798 e
280 751 370 798 vita
388 750 464 798 sed
484 750 736 798 abeundum
757 767 858 797 cum
882 750 1002 811 quasi
1025 750 1218 811 receptui
1239 767 1391 797 canere
1412 749 1564 797 iubet
1554 764 1794 810 1mperator
1815 750 1955 796 omni-

152 837 228 866 um
246 822 382 875 Deus,
400 819 475 879 qui
490 836 571 866 nos
589 818 674 865 huc
690 832 899 879 tanquam
916 817 971 865 ad
982 835 1174 894 pugnam
1192 817 1381 909 aliquam
1398 817 1557 865 milites
1572 832 1806 879 propterea
1822 817 1955 865 demi-

151 887 205 934 sit
228 901 291 943 ut,
316 904 408 933 non
432 886 605 933 deserto
627 886 728 933 loco
751 904 891 947 neque
914 886 1043 946 tergis
1064 882 1244 942 versis,⁵3
1270 887 1458 933 victores
1480 885 1658 933 tandem
1680 900 1892 947 perpetua
1914 901 1956 933 et

153 956 298 1016 quiete
317 969 358 1002 et
375 954 513 1015 gloria
533 955 653 1015 quasi
672 954 994 1015 triumphantes
1014 953 1271 1010 frueremur,
1291 969 1440 1002 tamen
1459 954 1679 1002 declarant
1696 954 1757 1001 illi
1777 954 1957 1015 quidem

153 1037 345 1070 mortem
364 1041 457 1069 non
477 1037 707 1083 tantopere
725 1022 1092 1069 extimescendam
1111 1040 1212 1078 esse,
1233 1040 1374 1083 neque
1390 1023 1425 1069 si
1444 1023 1539 1083 quis
1558 1041 1610 1069 ex
1630 1022 1709 1070 hac
1726 1040 1835 1083 quae
1852 1023 1960 1070 veri-

151 1108 200 1137 us
226 1108 346 1137 mors
371 1105 433 1137 est
458 1090 513 1137 ad
535 1090 653 1137 illam
678 1091 732 1137 sit
756 1091 892 1137 vitam
917 1105 1157 1146 revocatus,
1182 1090 1283 1137 ideo
1307 1090 1549 1137 dolendum
1575 1090 1696 1151 quod
1720 1090 1838 1138 bona
1863 1090 1956 1138 reli-

152 1159 309 1219 querit,
330 1158 406 1205 sed
426 1158 575 1219 potius
600 1157 721 1219 quod
743 1175 824 1205 nos
847 1157 986 1205 relicti
1005 1176 1153 1205 sumus
1178 1158 1564 1219 ingemiscendum.
1590 1162 1663 1206 Est
1689 1159 1807 1206 enim
1832 1159 1954 1220 opin-

152 1227 253 1274 ione
278 1244 375 1273 mea
398 1226 541 1273 multo
564 1244 718 1273 eorum
741 1244 834 1273 sors
858 1226 1028 1283 melior,
1051 1226 1221 1287 quibus,
1247 1228 1367 1288 quasi
1390 1226 1732 1274 laboriosissimo
1759 1227 1953 1288 quodam

150 1294 328 1342 vivendi
346 1312 528 1342 munere
547 1294 772 1355 completo
789 1309 831 1342 et
848 1294 1031 1342 decurso
1048 1296 1203 1356 spatio,
1221 1295 1338 1343 unde
1356 1295 1627 1343 discesserint
1645 1296 1691 1342 in
1708 1295 1876 1343 caelum
1895 1314 1955 1343 re-

150 1362 298 1410 volare
317 1363 564 1439 contigerit,
584 1362 763 1424 quando
782 1362 960 1424 quidem
981 1378 1023 1411 et
1039 1364 1208 1425 sapiens
1229 1363 1299 1411 ille
1318 1363 1626 1411 Hebraeorum
1648 1382 1722 1412 rex
1741 1363 1951 1412 Salomon

151 1432 196 1478 in
214 1449 269 1479 eo
284 1431 465 1479 libello
454 1449 499 1478 in
518 1449 608 1508 quo
627 1431 919 1479 calamitatem
935 1431 1068 1480 deflet
1086 1431 1300 1480 humanae
1319 1432 1592 1480 condicionis
1612 1434 1746 1494 magis
1763 1433 1955 1481 laudavit

150 1514 352 1547 mortuos
374 1518 506 1561 quam
527 1501 724 1548 viventes
744 1515 786 1548 et
806 1499 1046 1548 feliciorem
1067 1516 1255 1562 utroque
1278 1501 1484 1549 iudicavit
1505 1502 1579 1563 qui
1600 1501 1801 1549 nondum
1827 1517 1952 1550 natus

149 1583 271 1616 esset.
275 1561 333 1591 ω’
359 1568 437 1616 Iob
464 1583 611 1616 autem
634 1569 687 1616 de
709 1569 839 1616 vulva
860 1587 903 1616 se
928 1569 1135 1617 eductum
1160 1571 1368 1631 queritur:
1396 1571 1625 1627 ‘Utinam,’
1655 1571 1811 1631 inquit,
1838 1574 1954 1618 ‘·con

147 1651 348 1697 sumptus
372 1654 509 1683 essem
530 1655 585 1684 ne
607 1636 759 1684 oculos
781 1655 851 1684 me
873 1637 1086 1684 videret.'c
1088 1638 1315 1697 ccQuibus
1338 1638 1445 1685 illud
1466 1638 1598 1685 Sileni
1618 1638 1758 1686 simile
1781 1638 1956 1686 videtur

149 1704 203 1751 ad
223 1704 395 1751 Midam
415 1722 499 1765 pro
524 1706 877 1752 manumissionis
904 1705 1117 1762 mercede,
1140 1724 1229 1767 quo
1252 1724 1396 1767 regem
1420 1706 1610 1763 edocuit,
1635 1710 1748 1754 ‘Esse
1772 1707 1951 1768 quidem

150 1771 322 1819 homini
348 1773 570 1833 optimum
596 1791 688 1819 non
713 1774 842 1829 nasci,
866 1774 1120 1834 proximum
1148 1775 1475 1834 quamprimum
1503 1768 1710 1822 mori.’ddd
1732 1775 1951 1822 Fabulosi-

147 1840 277 1886 ssima
298 1839 476 1900 quidem
496 1858 670 1900 semper
690 1840 771 1887 fuit
792 1842 1040 1901 antiquitas,
1060 1856 1208 1888 tamen
1229 1843 1375 1888 nescio
1397 1860 1487 1902 quo
1505 1857 1637 1902 pacto
1659 1842 1754 1889 illae
1775 1861 1952 1903 quoque

148 1924 218 1954 me
246 1906 416 1954 fabulae
442 1925 765 1969 nonnunquam
795 1908 1026 1965 delectant,
1050 1923 1091 1956 et
1118 1909 1172 1956 ad
1194 1910 1330 1956 vitam
1355 1909 1531 1957 videtur
1554 1910 1828 1971 quarundam
1856 1929 1951 1971 cog-

148 1975 261 2022 nitio
285 1993 377 2022 non
402 1975 579 2023 inutilis.
607 1976 787 2023 Cleobis
812 1976 990 2037 quidem
1013 1992 1055 2024 et
1078 1978 1191 2034 Bito,
1213 1978 1271 2025 ob
1293 1979 1503 2039 pietatem
1526 1996 1626 2026 cum
1651 1997 1675 2026 a
1697 1975 1811 2026 dea⁵⁴
1833 1997 1952 2040 prae-

148 2043 287 2090 mium
308 2047 563 2103 [peterunt],
580 2043 774 2091 referunt
793 2059 999 2101 mortem,
1017 2045 1301 2106 Trophonius
1321 2047 1426 2093 item
1445 2061 1574 2107 atque
1591 2047 1835 2107 Agamedes
1849 2062 1949 2107 post

147 2111 327 2158 tertium
347 2111 464 2158 diem
485 2111 540 2159 ad
557 2111 789 2159 aedificato
807 2113 852 2159 in
871 2112 1057 2174 Delphis
1078 2113 1276 2174 Apollini
1297 2114 1466 2175 templo
1486 2114 1734 2162 mercedem
1751 2130 1951 2176 petentes

147 2180 312 2226 mortui
342 2180 566 2240 reperti.eee
591 2184 759 2228 Nonne
788 2181 832 2228 id
859 2199 939 2228 nos
967 2182 1178 2229 instruere
1204 2182 1411 2230 videntur
1435 2198 1483 2230 ut
1511 2198 1702 2231 mortem
1732 2184 1864 2231 etiam
1890 2184 1950 2231 di-

146 2247 252 2294 vino
274 2248 532 2295 testimonio
553 2263 872 2309 anteponamus
894 2250 1028 2297 vitae?
1046 2250 1129 2297 Sed
1149 2250 1253 2298 haec
1271 2251 1450 2312 quidem
1471 2252 1679 2308 ornatius,
1702 2267 1750 2299 ut
1772 2253 1946 2313 opinor,

146 2333 170 2362 a
189 2316 381 2363 Graecis.
402 2320 502 2363 Nos
524 2316 749 2364 audiamus
767 2332 1097 2379 spectemusque
1120 2333 1292 2366 nostros
1315 2334 1444 2380 atque
1463 2337 1487 2367 a
1506 2319 1662 2367 fabulis
1683 2320 1948 2368 recedamus.

145 2383 302 2430 Paulus
331 2385 464 2440 enim,
497 2385 530 2431 is
560 2385 634 2445 qui
663 2399 810 2445 raptus
841 2386 886 2431 in
915 2386 1082 2433 caelum
1111 2404 1265 2434 arcana
1291 2388 1377 2434 Dei
1405 2387 1586 2444 viderat,
1614 2389 1727 2435 vitae
1756 2388 1949 2435 taedium

147 2450 276 2498 habet
309 2466 350 2498 et
380 2451 556 2499 dissolvi
590 2453 710 2513 cupit
742 2467 783 2500 et
814 2471 901 2500 esse
933 2472 1033 2501 cum
1066 2447 1301 2502 Christo.fff
1331 2455 1451 2502 Idem
1482 2455 1534 2502 de
1565 2474 1654 2517 quo
1684 2456 1818 2517 paulo
1850 2471 1949 2504 ante

147 2520 421 2566 mentionem
463 2519 659 2576 fecimus,
699 2520 991 2569 divinissimus
1034 2523 1350 2583 Hieronymus,
1392 2523 1548 2584 quibus
1589 2524 1732 2571 verbis
1771 2543 1947 2585 quoque

145 2587 296 2633 animo
321 2604 342 2633 e
365 2588 455 2634 vita
476 2587 715 2647 egreditur?
738 2593 848 2635 Non
869 2607 1061 2649 possum,
1090 2608 1190 2636 cum
1215 2590 1337 2637 illum
1363 2591 1473 2651 lego,
1499 2609 1590 2638 non
1616 2592 1805 2639 multum
1832 2592 1949 2639 dam-

146 2671 248 2700 nare
268 2653 347 2701 hos
366 2655 440 2715 qui
457 2669 547 2702 tam
565 2655 649 2702 late
664 2670 816 2716 patent
835 2656 1049 2704 humanos
1069 2672 1241 2705 nostros
1261 2676 1441 2715 errores,
1461 2659 1535 2719 qui
1553 2660 1685 2706 etiam
1702 2659 1947 2707 conducere

143 2721 354 2782 praeficas
375 2740 484 2783 quae
507 2723 681 2784 lugeant
704 2742 752 2771 ac
769 2723 975 2785 plangant
1000 2727 1317 2774 consuevimus.
1346 2726 1419 2774 Ille
1441 2745 1548 2774 vero
1569 2745 1659 2788 quo
1681 2743 1813 2788 pacto
1835 2746 1948 2775 mor-

223 2934 271 2959 m,
291 2940 419 2979 Eccloe
439 2945 552 2979 4:2-3.

224 3003 264 3018 00⁶
276 2999 346 3045 Job
367 3003 476 3037 10:18.

223 3051 272 3076 *ω
290 3056 348 3095 Cf.
369 3059 510 3102 Cicero,
533 3060 718 3108 TuscDisp.
740 3059 957 3104 I,xlviii‚ll4.

224 3119 263 3133 “²
279 3115 365 3153 [bisi.
386 3116 510 3160 Lxlvii,
531 3120 686 3161 11³,114.

224 3166 253 3192 m
271 3172 390 3221 Philip
407 3176 489 3211 1:23.
