2118 3444
185 161 275 202 312
1796 165 1934 199 PART
1959 165 1990 198 V

915 307 976 350 19.
1003 302 1274 362 Ingratitudo

184 412 368 464 Dentes,
385 408 459 468 qui
476 422 516 454 et
533 405 816 454 conficiendo
832 405 932 453 cibo
949 420 990 453 et
1005 405 1231 466 saporibus
1250 404 1543 466 exprimendis
1560 419 1746 452 aetatem
1761 423 1991 466 consump-

184 490 344 532 serant,
374 476 652 522 vacationem
682 474 763 521 sibi
795 492 818 521 a
845 473 1006 534 palato,
1038 474 1107 520 cui
1136 474 1433 529 inservierant,
1462 473 1802 533 postulaverant.
1834 477 1994 534 Neque

186 559 301 591 aetas
320 542 458 589 modo
479 557 568 589 erat
590 543 635 588 in
655 559 793 597 causa,
813 559 966 588 verum
989 540 1095 588 illud
1116 559 1290 601 quoque
1312 537 1658 587 obversabatur⁵⁰
1679 541 1829 587 animo
1850 540 1993 588 multo

186 611 414 658 molestius
441 610 563 671 quod
588 609 698 657 adeo
721 609 918 656 diuturni
944 608 1170 669 fidelisque
1193 609 1357 655 servitii
1382 626 1435 655 ne
1459 608 1697 655 verborum
1724 607 1903 669 quidem
1927 607 1998 655 ali-

186 697 319 740 quam
337 697 360 726 a
374 678 522 739 palato
539 679 721 738 gratiam
739 677 793 724 ad
808 695 903 724 eam
921 677 1037 724 diem
1055 677 1406 737 reportavissent3
1425 676 1568 723 nullos
1583 694 1627 723 se
1645 677 1901 723 recusavisse
1918 694 1995 723 un—

186 766 319 809 quam
339 747 523 803 labores,
546 745 762 807 intrepide
781 763 954 806 semper
973 745 1123 792 adiisse
1143 746 1293 792 omnia
1310 744 1515 805 pericula,
1538 744 1660 791 nullo
1681 744 1860 792 tandem
1878 744 1994 801 loco,

186 815 311 863 nullo
335 830 551 876 tempore,
578 814 707 862 nullis
731 813 920 861 fortunis
945 828 1017 861 aut
1040 814 1195 861 animis
1218 827 1290 860 aut
1313 812 1524 860 industria
1548 827 1589 860 et
1610 812 1774 860 viribus
1798 811 1996 860 defuisse.

185 884 357 932 Multos
374 902 425 931 ex
441 883 836 939 commilitonibus,
858 883 932 943 qui
947 882 1168 930 laboribus
1186 881 1339 929 durare
1356 900 1447 929 non
1463 882 1722 943 potuissent,
1741 881 1993 929 occubuisse

187 953 411 1013 inglorios,
441 951 680 999 nonnullos
707 966 779 998 aut
804 951 964 998 morbo
990 950 1216 997 confectos
1239 965 1311 997 aut
1333 950 1571 1011 pugnando
1598 949 1758 997 fractos
1781 949 1996 997 cecidisse.

185 1021 275 1069 Sibi
292 1021 520 1082 perpaucis
539 1021 625 1067 iam
642 1020 717 1080 qui
734 1034 959 1075 restarent,
976 1034 1104 1079 atque
1122 1018 1186 1066 his
1203 1018 1381 1079 quidem
1399 1018 1572 1065 obtritis
1590 1033 1631 1065 et
1647 1017 1881 1065 debilitatis
1896 1018 1994 1065 viri-

185 1090 266 1137 bus
300 1090 494 1150 quietem
526 1089 685 1148 negari,
718 1105 864 1148 quam,
897 1083 1108 1148 quando51
1143 1101 1285 1134 cetera
1313 1087 1625 1147 obsequiorum
1660 1087 1854 1147 praemia
1883 1085 1997 1133 dees-

185 1173 296 1214 sent,
326 1158 418 1204 sine
452 1157 608 1217 insigni
642 1171 748 1203 nota
778 1155 1100 1216 ingratitudinis
1132 1173 1223 1202 non
1252 1173 1390 1216 posse.
1425 1158 1543 1202 Cum
1576 1169 1805 1215 negaretur
1833 1169 1996 1211 tamen,

185 1227 347 1273 sensim
372 1243 392 1272 e
415 1226 563 1272 castris
584 1224 759 1284 digressi
781 1223 1119 1284 transfugerunt.
1143 1228 1206 1269 Ex
1228 1241 1281 1270 eo
1301 1241 1401 1270 cum
1425 1223 1532 1269 nihil
1555 1222 1740 1283 amplius
1763 1223 1998 1283 quicquam

187 1294 465 1354 elegantioris
490 1293 729 1353 voluptatis
754 1292 807 1339 ad
828 1292 1023 1352 palatum
1049 1291 1304 1347 deferretur,
1327 1290 1554 1351 transfugii
1580 1292 1745 1338 crimen
1770 1290 1824 1337 ad
1845 1293 1998 1337 Parcas

187 1362 358 1409 detulit.
383 1365 502 1408 Cum
525 1360 620 1408 illae
642 1360 759 1407 aliud
779 1374 954 1420 agerent
974 1377 1114 1420 neque
1136 1360 1330 1406 revocari
1352 1358 1407 1406 ad
1425 1376 1596 1406 causam
1617 1358 1880 1406 audiendam
1897 1376 1995 1419 pos-

186 1445 298 1486 sent,
320 1429 501 1477 tandem
522 1429 669 1485 sensit,
694 1429 772 1475 etsi
795 1428 1021 1484 inutiliter,
1046 1442 1198 1474 mutua
1221 1445 1307 1474 esse
1330 1428 1490 1474 amoris
1513 1426 1662 1474 officia
1683 1441 1901 1487 oportere.

988 1569 1055 1611 20.
1080 1563 1205 1611 Fides

188 1669 348 1716 Inierat
369 1686 470 1715 cum
495 1667 627 1715 corde
649 1668 739 1714 vita
759 1666 913 1714 foedus
936 1666 1000 1713 his
1023 1665 1369 1713 condicionibus:
1399 1668 1627 1726 ‘Perpetua
1647 1679 1741 1712 esto
1761 1665 1875 1712 vitae
1896 1682 1998 1712 cum

188 1737 321 1784 corde
339 1737 534 1784 societas.
554 1735 641 1783 Sub
664 1735 820 1783 eodem
838 1753 1011 1796 semper
1028 1749 1147 1782 tecto
1165 1734 1424 1781 excubanto.
1444 1733 1632 1781 Eosdem
1653 1734 1816 1780 amicos
1837 1732 1998 1780 hostes-

189 1823 273 1866 que
299 1805 505 1852 habento.
531 1808 643 1851 Non
668 1803 881 1850 discedito
904 1804 1138 1864 quicquam
1164 1821 1185 1849 e
1208 1820 1283 1849 sua
1305 1802 1404 1849 sede
1429 1820 1516 1849 cor.
1544 1806 1654 1848 Rem
1676 1801 1898 1862 publicam
1924 1818 2004 1861 per

189 1874 415 1920 ministros
436 1873 589 1933 gerito.
611 1877 710 1919 Nec
728 1871 893 1919 ferrum
915 1886 1159 1919 attrectato.
1177 1871 1219 1918 Si
1235 1885 1408 1932 praeter
1426 1870 1499 1917 has
1517 1869 1799 1917 condiciones
1819 1868 1926 1930 quid
1942 1883 2001 1916 at-

188 1943 384 1998 tentarit,
413 1940 713 1988 dissolvendae
740 1941 959 1987 societatis
986 1940 1100 1987 vitae
1127 1940 1191 1986 ius
1220 1954 1325 1986 esto.
1355 1939 1398 1986 Si
1426 1938 1571 1986 morbi
1600 1937 1765 1985 bellum
1795 1936 2000 1994 inferant,

189 2010 416 2057 auxiliares
451 2010 641 2056 invicem
675 2027 759 2069 pro
793 2008 958 2055 viribus
995 2008 1238 2054 mittunto.'
1275 2010 1392 2054 Cum
1429 2021 1575 2053 autem
1607 2005 1740 2067 paulo
1773 2019 1873 2066 post
1908 2005 1999 2052 vita

188 2093 364 2125 strenue
388 2076 650 2138 proeliando
676 2076 911 2137 gloriosam
941 2076 1192 2136 oppetiisset
1221 2089 1425 2122 mortem.
1454 2077 1586 2130 ‘Vos,'
1617 2073 1723 2121 dum
1752 2087 2000 2120 moreretur

190 2147 348 2206 inquit,
374 2145 463 2202 ‘dii,
488 2145 718 2192 foederum
741 2159 869 2191 testes
890 2144 1008 2191 eritis
1030 2161 1121 2190 non
1145 2142 1363 2203 diffugisse
1388 2161 1472 2198 me,
1494 2142 1570 2189 sed
1591 2141 1821 2189 cecidisse.'

983 2284 1049 2326 21.
1076 2283 1211 2327 Casus

188 2389 297 2432 Duo
321 2384 430 2445 pulli
457 2384 695 2445 gallinacei,
721 2401 822 2430 cum
849 2384 964 2430 inter
986 2401 1028 2430 se
1053 2382 1133 2429 sibi
1159 2381 1323 2429 bellum
1351 2380 1619 2437 indixissent,
1646 2381 1691 2426 in
1717 2397 1923 2441 campum
1949 2378 2003 2426 ad

188 2471 382 2514 pugnam
406 2452 738 2500 descenderunt.
759 2452 850 2498 Diu
872 2451 1149 2511 multumque
1172 2451 1286 2497 inter
1302 2468 1345 2497 se
1364 2449 1530 2506 luctati,
1550 2467 1650 2496 cum
1671 2448 1859 2496 adversis
1876 2465 2001 2508 saepe

188 2521 443 2582 pectoribus
471 2521 807 2576 concurrissent,
835 2519 1014 2566 tandem
1038 2518 1275 2579 pugnando
1303 2517 1399 2565 fessi
1424 2518 1595 2564 stabant
1621 2517 1797 2563 immoti
1823 2515 2002 2577 quidem

188 2608 278 2637 sese
305 2604 463 2636 mutuo
491 2589 746 2649 aspicientes
773 2602 916 2648 atque,
941 2601 988 2634 ut
1014 2587 1216 2643 arbitror,
1243 2586 1426 2633 feriendi
1451 2599 1672 2646 captantes
1696 2585 1999 2645 opportunita-

190 2673 295 2705 tem.
323 2662 386 2704 Ita
410 2653 623 2704 intentis⁵2
650 2671 698 2703 ut
725 2674 778 2703 ne
803 2655 1030 2716 palpebras
1056 2654 1233 2716 quidem
1259 2653 1490 2701 oculorum
1518 2653 1809 2708 dimoverent,
1832 2651 1999 2713 praedo

191 2726 368 2773 advenit
400 2721 585 2785 vulpes53
624 2739 665 2771 et
698 2738 875 2784 captum
909 2741 960 2770 ex
992 2723 1275 2770 bellatoribus
1310 2722 1494 2769 alterum
1527 2720 1678 2768 catulis
1711 2737 1851 2767 escam
1884 2719 1998 2766 tulit.

191 2793 320 2840 Alter
341 2811 441 2840 cum
466 2792 520 2839 ad
539 2792 715 2852 gallum,
740 2792 814 2852 qui
836 2809 937 2838 cum
960 2790 1123 2837 familia
1143 2808 1218 2837 sua
1241 2790 1365 2836 omni
1386 2788 1619 2849 gallinacea
1638 2787 1766 2848 longe
1787 2801 2003 2848 spectave-

192 2876 271 2918 rat,
291 2861 526 2908 incolumis
544 2859 815 2921 perfugisset,
836 2859 977 2919 inquit
996 2858 1142 2919 gallus:
1165 2861 1329 2917 ‘Quam
1349 2857 1506 2904 diversi
1522 2874 1647 2917 saepe
1666 2856 1804 2903 exitus
1822 2854 2000 2902 eosdem

192 2947 313 2976 casus
337 2932 546 2976 manent.'

968 3067 1034 3109 22.
1061 3061 1229 3122 Religio

193 3171 415 3222 Lemures,
434 3165 590 3221 larvae,
610 3182 757 3211 manes
777 3164 1052 3211 divinitatem
1070 3162 1323 3210 invidebant
1341 3161 1501 3208 laribus
1518 3175 1646 3221 atque
1663 3177 1785 3220 aegre
1802 3158 2000 3206 ferebant
