2124 3464
213 177 269 216 54
1844 181 1983 214 PART
2008 182 2022 214 1

1095 324 1147 365 65

758 394 835 434 To
859 394 1137 434 LORENZO
1161 395 1250 433 DE’
1272 395 1483 434 MEDICI

857 461 987 511 [after
1009 465 1061 501 24
1077 461 1179 514 July
1203 465 1306 502 1479
1332 464 1383 511 21²

568 554 681 592 MAP
702 555 847 601 37‚588‚
869 552 1010 604 allegati
1036 555 1050 591 1
1074 552 1147 592 and
1166 555 1200 592 2.
1222 551 1406 604 Original.
1427 552 1665 605 Autograph.

211 658 380 701 Messer
404 653 609 700 Antonio
637 652 691 700 da
713 646 1043 699 Montecatinob
1070 652 1124 699 ha
1149 652 1203 699 da
1226 651 1314 699 fare
1339 670 1423 699 con
1450 670 1540 699 uno
1565 670 1670 712 gran
1696 653 1824 699 tristo
1848 652 1870 700 ὲ
1893 671 2023 713 preso

212 740 235 769 a
266 725 410 769 Prato.
442 721 673 768 Farassene
706 720 853 782 quello
884 720 1014 768 vorra
1045 720 1174 767 decto
1202 725 1369 767 Messer
1399 721 1614 767 Antonio.
1650 720 1756 767 Cosi
1789 720 1846 781 gli
1876 735 2027 782 potete

212 790 301 838 fare
323 789 592 851 rispondere.

298 863 357 905 La
383 859 525 905 moria
554 858 609 905 da
634 863 656 905 3
688 857 732 904 di
760 858 805 904 in
834 876 919 918 qua
947 857 967 904 ὲ
997 857 1169 918 meglio.
1203 862 1262 904 La
1288 857 1601 904 deliberatione
1631 857 1747 904 dello
1773 857 1953 918 Spedale
1983 857 2027 905 di

210 931 379 974 Messer
410 925 651 973 Bonifatioc
684 925 705 973 ὲ
736 940 847 973 stata
879 926 1127 982 necessaria,
1160 940 1201 972 et
1233 925 1254 972 ὲ
1285 940 1404 986 grata
1434 926 1537 972 assai
1569 925 1606 972 al
1636 925 1820 986 popolo,
1857 925 2026 973 benche

211 994 433 1056 qualcuno
459 1012 550 1041 non
576 994 597 1041 ὲ
621 993 711 1041 cosi
734 994 821 1041 ben
846 1008 1072 1041 contento.
1098 998 1176 1041 Ma
1197 993 1390 1041 volendo
1415 1008 1671 1041 contentare
1694 994 1904 1054 ogniuno,
1933 1012 2025 1041 non

209 1062 478 1124 pioverebbe
500 1063 599 1109 mai.
620 1062 750 1122 Vogli
772 1063 864 1109 Dio
883 1080 975 1109 non
995 1062 1166 1122 bisogni
1188 1062 1276 1109 fare
1294 1080 1454 1109 ancora
1472 1062 1584 1122 degli
1603 1062 1701 1109 altri
1717 1062 2024 1123 provedimen—

210 1132 256 1178 ti.
281 1135 322 1177 A
344 1131 419 1178 voi
443 1131 504 1177 mi
528 1130 836 1178 raccomando.

1093 1274 1145 1314 66

756 1343 834 1382 TO
857 1343 1136 1383 LORENZO
1159 1344 1248 1382 DE’
1271 1345 1482 1383 MEDICI

813 1410 901 1451 n.d.
925 1410 1039 1462 [beg.
1061 1413 1235 1462 August
1260 1414 1364 1451 1479
1390 1412 1423 1459 ?]

293 1502 407 1540 MAP
436 1503 581 1548 22,334.
612 1499 797 1552 Original.
826 1499 1064 1552 Autograph.
1100 1503 1216 1540 Verso:
1247 1499 1495 1552 ‘[Magnifico]
1523 1500 1619 1540 Viro
1648 1500 1851 1540 Laurentio
1880 1499 1941 1549 [de

293 1556 468 1605 M]edicis
489 1557 588 1609 patri
607 1570 643 1597 et
664 1556 928 1605 [benleactori
947 1559 1060 1597 meo.’
1082 1556 1220 1597 Recd.2
1241 1559 1388 1609 August
1414 1560 1529 1597 1479?

211 1658 477 1717 Ingurgitavi
494 1675 564 1703 me
582 1675 684 1703 meo
704 1656 841 1703 modo
860 1656 1091 1713 miraculis,
1112 1658 1331 1713 Laurenti,
1350 1675 1490 1717 neque
1506 1657 1669 1703 librum
1690 1656 1820 1713 hunc,
1840 1657 1919 1703 nisi
1936 1657 2023 1717 ple-

212 1743 305 1781 nus,
327 1725 455 1785 potui
475 1743 498 1772 a
516 1743 585 1772 me
605 1724 840 1772 dimittere.
858 1726 901 1772 Si
918 1724 970 1772 ab
992 1724 1118 1772 rebus
1138 1726 1303 1785 magnis
1321 1726 1406 1772 tuis
1425 1739 1599 1772 tanturn
1617 1724 1793 1772 dabitur
1809 1725 1889 1772 otii
1906 1739 1954 1772 ut
1972 1739 2021 1772 tu

210 1811 388 1854 quoque
411 1811 512 1840 eum
533 1794 671 1854 possis
694 1793 848 1853 legere,
870 1793 978 1839 nihil
1001 1811 1155 1840 eorum
1179 1812 1287 1854 quae
1309 1793 1405 1840 fieri
1426 1808 1579 1840 natura
1600 1811 1691 1840 non
1711 1808 1895 1854 possunt
1919 1793 2024 1840 desi-

210 1861 393 1909 derabis.
419 1865 567 1918 Certe,
1256 1856 1258 1859 ⁵

295 1966 519 2012 Dominus
546 1964 787 2012 mortificat
812 1979 853 2012 et
875 1964 1083 2022 vivificat3
1107 1964 1226 2013 ducit
1250 1965 1304 2013 ad
1324 1964 1487 2013 inferos
1511 1980 1552 2013 et
1576 1964 1757 2013 reducit.
1781 1966 1937 2012 Domi-

296 2052 376 2081 nus
393 2052 633 2094 pauperem
655 2033 757 2081 facit
775 2048 816 2081 et
836 2033 958 2090 ditat,
977 2033 1177 2081 humiliat
1198 2049 1239 2081 et
1256 2034 1465 2081 sublevat.
1485 2035 1669 2081 Suscitat
1690 2034 1742 2081 de
1756 2034 1937 2095 pulvere

295 2120 481 2162 egenum
503 2116 545 2149 et
563 2102 615 2149 de
633 2117 824 2149 stercore
845 2102 982 2149 elevat
999 2120 1238 2163 pauperem
1257 2117 1304 2150 ut
1323 2102 1468 2150 sedeat
1486 2120 1586 2150 cum
1605 2102 1877 2163 principibus
1899 2117 1940 2150 et

293 2170 454 2217 solium
482 2170 643 2230 gloriae
669 2185 828 2217 teneat.
854 2171 1043 2217 Domini
1070 2171 1188 2217 enim
1213 2186 1313 2218 sunt
1342 2170 1537 2218 cardines
1561 2185 1700 2217 terrae
1725 2185 1766 2217 et
1788 2171 1936 2231 posuit

294 2256 424 2299 super
448 2256 522 2285 eos
547 2238 715 2285 orbem.
743 2238 877 2285 Pedes
898 2253 1151 2285 sanctorum
1176 2257 1356 2286 suorum
1382 2239 1584 2295 servabit,
1609 2253 1650 2285 et
1673 2239 1797 2299 impii
1822 2253 1939 2285 tene-

294 2306 382 2353 bris
414 2307 711 2353 conticescent
741 2307 842 2367 quia
872 2325 963 2353 non
995 2307 1039 2353 in
1071 2306 1331 2354 fortitudine
1360 2325 1435 2354 sua
1467 2306 1749 2354 roborabitur
1779 2307 1859 2363 vir,
1889 2321 1937 2354 ut

295 2379 440 2431 Anna,
463 2375 673 2422 Samuelis
694 2390 846 2431 mater,
868 2376 912 2421 in
933 2376 1082 2422 Primo
1105 2379 1273 2435 Regum
1295 2368 1441 2422 canit.b
1462 2375 1582 2432 Vale,
1604 2390 1645 2422 et
1666 2393 1735 2422 me
1755 2374 1836 2422 tibi
1855 2375 1935 2436 ipsi

295 2443 572 2490 commenda.
599 2443 936 2490 Bartholomeus
960 2443 1090 2490 Scala.

289 2653 301 2667 ²
320 2652 361 2685 In
377 2650 469 2686 view
488 2648 529 2686 of
542 2648 605 2686 the
622 2648 718 2687 dates
736 2648 777 2686 of
791 2649 854 2687 the
871 2649 962 2687 edict
981 2649 1135 2687 referred
1150 2661 1189 2687 to
1208 2649 1292 2687 here
1310 2649 1376 2697 (see
1396 2661 1482 2686 note
1498 2648 1529 2697 c)
1550 2648 1692 2697 below),
1711 2648 1810 2686 thffie
1826 2661 1902 2686 two
1920 2660 2023 2686 notes

207 2715 291 2749 may
311 2702 350 2738 in
367 2700 437 2739 fact
456 2700 545 2739 have
564 2701 656 2739 been
673 2702 820 2739 written
836 2701 960 2739 earlier
974 2701 1063 2739 than
1078 2701 1184 2739 letter
1200 2705 1253 2746 64,
1271 2713 1311 2739 to
1330 2701 1452 2739 which
1466 2701 1554 2750 they
1572 2715 1629 2739 are
1647 2700 1820 2739 attached.

288 2754 303 2779 Β
323 2759 565 2798 Ambassador
588 2759 629 2798 of
648 2760 773 2798 Ercole
793 2760 922 2805 d'Este‚
943 2760 1039 2798 duke
1059 2760 1100 2798 of
1119 2764 1272 2805 Ferrara,
1294 2762 1333 2797 in
1353 2760 1534 2798 Florence.
1556 2761 1623 2798 His
1643 2759 1763 2798 letters
1782 2772 1822 2798 to
1843 2759 1906 2797 the
1924 2759 2021 2798 duke

207 2812 305 2850 from
323 2815 463 2860 August
485 2816 571 2850 1478
590 2824 629 2850 to
647 2814 787 2860 August
809 2816 895 2850 1484
912 2827 969 2850 are
987 2812 1040 2850 ed.
1060 2812 1284 2861 A.Cappelli,
1303 2815 1454 2850 ‘Lettere
1469 2812 1507 2850 di
1523 2814 1712 2856 Lorenzo‚’
1728 2814 1807 2850 Atti
1822 2826 1840 2850 e
1853 2815 2020 2850 Memorie

207 2864 297 2902 della
312 2866 592 2913 R.Deputa2ione
609 2864 648 2902 di
664 2867 775 2902 storia
791 2867 909 2902 Patria
922 2876 985 2913 per
1000 2864 1031 2902 le
1045 2867 1213 2902 Province
1227 2864 1399 2902 Modenesi
1417 2879 1434 2902 e
1448 2867 1636 2908 Parmensi,
1656 2867 1680 2908 1,
1702 2867 1799 2908 1893,
1820 2867 1966 2901 252—69.

290 2927 302 2942 ε
318 2925 383 2960 On
397 2926 441 2959 22
457 2922 528 2960 and
542 2926 586 2960 24
598 2922 681 2971 July
700 2926 785 2961 1479
801 2922 863 2960 the
880 2925 974 2960 Otto
989 2922 1027 2961 di
1042 2923 1200 2961 Guardia
1215 2922 1329 2961 issued
1344 2937 1390 2960 an
1405 2922 1496 2960 edict
1511 2922 1589 2960 that
1604 2922 1676 2960 ‘chi
1688 2922 1707 2960 ὲ
1721 2922 1909 2960 amorbato
1927 2936 1946 2959 e
1960 2921 2020 2959 chi

208 2989 273 3022 per
292 2974 463 3012 l'avenire
484 2975 684 3012 amorbasse
709 2989 812 3023 possa
835 2987 869 3012 et
889 2989 909 3012 a
929 2974 980 3012 lui
1000 2976 1051 3012 sia
1070 2974 1177 3012 lecito
1199 2974 1355 3012 l'andare
1377 2974 1446 3012 allo
1467 2974 1606 3022 spedale
1628 2974 1666 3012 di
1685 2988 1815 3011 messer
1839 2973 2021 3011 Bonifatio

209 3031 312 3076 Lupo
331 3040 438 3076 posto
459 3029 498 3064 in
516 3029 572 3065 via
588 3027 626 3066 di
643 3030 712 3065 San
731 3027 862 3072 Gallo’,
882 3030 967 3065 ASF
986 3030 1079 3065 Otto
1097 3027 1134 3065 di
1153 3027 1310 3065 Guardia
1329 3027 1505 3076 (repubb.)
1526 3031 1580 3071 52,
1598 3027 1677 3065 fols.
1700 3030 1847 3071 15r‚18r.

290 3090 301 3104 ²
318 3088 331 3121 Ι
346 3085 427 3122 read
444 3087 489 3122 ‘2’
505 3085 664 3133 changed
676 3097 716 3123 to
734 3086 794 3133 ‘ij’‚
810 3097 876 3122 not
891 3087 959 3122 ‘21'
975 3099 1010 3123 as
1026 3086 1064 3122 in
1076 3085 1241 3123 Archivz'o
1254 3085 1402 3123 Mediceo
1415 3088 1538 3122 avanti
1555 3085 1581 3122 il
1590 3087 1792 3133 Principale.
1810 3087 2022 3128 Inventam,

210 3141 250 3182 II,
270 3141 398 3182 Rome,
421 3142 519 3182 1955,
540 3142 582 3176 29
603 3138 729 3186 (1479,
750 3138 910 3186 ago.21').

289 3189 304 3214 ¹³
324 3198 337 3231 1
355 3196 465 3243 Kings
485 3198 597 3233 2:609.
