2118 3444
135 271 341 322 PART
380 273 428 321 V
1655 267 1931 316 ESSAYS

1031 774 1050 814 1

470 844 745 884 EPISTOLA
766 844 843 882 DE
863 843 1051 882 SECTIS
1072 837 1604 882 PHILOSOPHORUM¹

988 913 1093 950 1458

219 1003 292 1052 M²,
311 1004 395 1044 fols.
418 1007 633 1051 119r-129r3
651 1002 708 1051 L²,
727 1003 811 1043 fols.
830 1006 1001 1050 28r-46r,
1017 1005 1101 1050 Mo,
1120 1002 1204 1042 fols.
1222 1005 1368 1042 38-40v
1384 1001 1626 1054 (incomplete
1647 1001 1855 1053 autogr-aph

220 1060 318 1100 draft
333 1060 476 1100 headed
493 1058 751 1111 ‘mcccclviii’).
770 1058 838 1099 Ed.
854 1059 999 1099 L.Stein
1018 1058 1096 1110 (St),
1114 1057 1567 1105 ‘Handschriftenfunde,'
1587 1060 1741 1104 540-51,
1757 1056 1859 1097 from

220 1114 276 1164 L²‚
297 1131 333 1156 as
351 1115 417 1156 the
434 1115 548 1155 work
565 1115 610 1155 of
627 1114 930 1155 Giovanbattista
950 1114 1217 1166 Buoninsegni.
1239 1113 1302 1154 Cf.
1319 1113 1420 1154 Scala
1439 1116 1583 1153 263-66
1602 1115 1788 1161 [183-84].

136 1219 343 1280 Philippo
367 1217 662 1266 Borrhomeo²
688 1219 877 1265 Comiti¹
896 1218 1080 1265 salutem
1103 1217 1221 1264 dicit.

135 1287 294 1335 Scribis
315 1287 527 1334 audivisse
550 1304 574 1333 a
594 1285 818 1333 nonnullis
843 1286 918 1346 qui
939 1285 1041 1332 hinc
1062 1285 1116 1332 ad
1133 1300 1176 1332 te
1197 1284 1393 1346 quotidie
1413 1285 1596 1332 veniunt
1616 1282 1937 1345 philosophari³

137 1373 207 1402 me
229 1356 435 1416 coepisse,
460 1372 540 1401 nec
558 1355 721 1415 paucis,
743 1368 792 1401 ut
814 1353 1141 1414 Neoptolemus
1164 1353 1280 1414 apud
1299 1347 1532 1409 Ennium,b
1553 1352 1629 1399 sed
1652 1352 1767 1399 hisce
1787 1351 1941 1399 studiis

135 1438 283 1470 totum
306 1441 394 1470 esse
414 1422 627 1478 deditum;
646 1436 966 1483 proptereaque
985 1440 1009 1469 a
1028 1439 1098 1469 me
1115 1422 1227 1482 petis
1246 1436 1295 1468 ut
1314 1439 1446 1482 quam
1463 1422 1743 1482 potissimum
1767 1421 1937 1481 opinio-

137 1509 239 1538 nem
257 1509 414 1552 sequar
430 1508 649 1551 quamque
669 1491 714 1536 in
733 1490 944 1537 familiam
961 1489 1330 1551 philosophorum
1355 1504 1519 1536 memet
1537 1489 1801 1536 contulerim
1822 1489 1946 1536 certi-

136 1577 260 1606 orem
290 1558 459 1605 faciam.
486 1559 717 1605 Existimas
745 1559 878 1614 enim,
906 1576 955 1605 ac
979 1576 1086 1605 vero
1111 1558 1303 1618 quidem,
1333 1557 1378 1604 id
1403 1575 1491 1604 esse
1518 1558 1603 1604 iam
1629 1557 1801 1617 pridem
1831 1557 1941 1603 mihi

136 1627 442 1674 constitutum.
466 1630 587 1673 Nam
610 1643 869 1687 quacunque
889 1644 985 1686 agas
1005 1625 1057 1672 de
1077 1643 1135 1682 re,
1157 1626 1238 1672 nisi
1257 1626 1477 1686 principio
1500 1624 1637 1672 finem
1659 1624 1879 1685 quendam
1900 1639 1942 1671 et

136 1709 347 1755 tanquam
379 1695 551 1754 signum
587 1694 641 1741 ad
670 1693 791 1755 quod
824 1693 982 1741 referas
1011 1694 1162 1741 omnia
1192 1694 1405 1750 statueris,
1437 1692 1602 1740 errans⁴
1635 1711 1683 1740 ac
1712 1690 1941 1754 tanquam⁵

134 1763 363 1823 peregrina
383 1763 528 1809 omnis
550 1777 611 1809 est
631 1780 805 1822 semper
822 1761 969 1809 futura
989 1763 1276 1822 investigatio.
1298 1761 1437 1808 Addis
1458 1762 1503 1807 in
1520 1762 1754 1822 postremis
1776 1776 1839 1817 ut,
1859 1762 1941 1808 nisi

135 1830 395 1877 laboriosius
419 1830 529 1876 mihi
549 1830 751 1877 videatur
768 1847 879 1877 onus
901 1847 925 1877 a
944 1844 986 1877 te
1006 1847 1093 1877 esse
1114 1830 1385 1890 impositum,
1410 1829 1463 1876 de
1484 1829 1775 1876 nobilioribus
1798 1829 1939 1890 philo-

134 1898 381 1959 sophorum
411 1899 538 1945 sectis
566 1898 705 1959 deque
733 1916 882 1945 earum
911 1899 1027 1945 inter
1050 1916 1093 1945 se
1122 1897 1371 1945 differentia
1397 1897 1561 1958 aliquid
1588 1897 1643 1944 ad
1668 1912 1711 1944 te
1737 1897 1938 1944 scribam.

135 1966 356 2013 Videntur
372 1967 491 2013 enirn
509 1966 619 2013 adeo
634 1966 795 2013 similes
814 1981 944 2027 atque
959 1965 1195 2027 implicitae
1212 1967 1327 2013 inter
1341 1984 1384 2012 se
1400 1980 1448 2013 ut
1465 1967 1597 2013 etiam
1615 1965 1942 2026 diligentissime

136 2034 432 2082 consideranti
455 2035 499 2080 in
523 2052 613 2095 quo
636 2035 825 2081 maxime
847 2034 1091 2095 discrepent
1114 2052 1206 2081 non
1229 2033 1352 2081 facile
1373 2048 1589 2095 appareat.

219 2107 341 2150 Nam
363 2117 404 2150 et
423 2102 675 2150 Leonardus
694 2103 917 2159 Aretinus‚
937 2103 1005 2149 vir
1020 2120 1121 2150 sane
1139 2102 1294 2150 doctus
1313 2117 1355 2150 et
1373 2102 1555 2163 elegans,
1576 2103 1622 2148 in
1640 2101 1789 2149 libello
1809 2120 1942 2163 quem

136 2171 370 2231 appellavit
391 2174 565 2218 Graeco
582 2171 800 2218 vocabulo
820 2174 1089 2232 nagog-icon?
1110 2171 1465 2218 conciliationem
1488 2170 1707 2232 quandam
1728 2170 1831 2218 fecit
1847 2170 1942 2232 phi·

135 2239 427 2299 losophorum
451 2254 580 2299 atque
597 2239 773 2286 illorum
795 2240 983 2286 maxime
1002 2257 1191 2300 quorum
1209 2254 1391 2300 putatur
1404 2240 1621 2286 sententia
1634 2240 1938 2300 praestantior.

135 2307 251 2352 Mihi
274 2325 381 2353 vero
402 2307 671 2353 laboriosum
697 2307 835 2354 videri
859 2307 966 2353 nihil
988 2322 1149 2367 potest,
1174 2325 1274 2354 cum
1296 2325 1393 2354 sum
1416 2308 1462 2353 in
1487 2307 1715 2354 hominem
1740 2308 1941 2354 amicissi-

137 2392 260 2420 mum
282 2374 542 2435 obsequium
565 2374 815 2430 collaturus,
837 2392 885 2421 ac
902 2392 967 2421 res
985 2375 1087 2435 ipsa,
1107 2375 1159 2422 de
1178 2393 1262 2435 qua
1277 2375 1407 2422 scribi
1426 2393 1449 2421 3
1468 2393 1537 2421 me
1555 2376 1632 2430 vis,
1653 2393 1744 2421 non
1765 2374 1943 2435 indigna

136 2459 224 2488 esse
245 2442 446 2489 videatur
464 2460 595 2502 quam
618 2443 742 2489 omni
763 2442 911 2489 studio
932 2442 1196 2503 indagemus.
1219 2447 1331 2489 Non
1354 2444 1472 2489 enim
1491 2460 1648 2503 pamm
1671 2442 1868 2489 conferet
1888 2442 1943 2489 ad

137 2509 434 2556 inveniendam
454 2511 674 2556 veritatem
697 2528 744 2557 ea
762 2528 1014 2570 cognoscere
1033 2509 1159 2571 quae⁶
1180 2528 1203 2557 3
1222 2508 1381 2557 multis⁷
1400 2510 1751 2557 excellentissimis
1768 2511 1867 2557 viris
1885 2510 1942 2557 di-

135 2594 253 2623 versa
278 2592 318 2624 et
343 2575 481 2637 plane⁸
507 2578 717 2624 contraria
742 2577 793 2624 de
819 2579 904 2624 vita
928 2592 968 2625 et
996 2578 1200 2634 moribus,
1226 2578 1276 2625 de
1303 2578 1593 2625 occultissimis
1619 2592 1790 2625 naturae
1816 2578 1952 2634 rebus,

136 2644 272 2705 deque
294 2662 341 2691 ea
360 2646 522 2692 ratione
542 2663 649 2705 quae
668 2660 760 2692 tota
779 2660 839 2692 est
859 2646 901 2691 in
921 2645 1176 2706 disputando
1198 2647 1311 2706 (nam
1332 2647 1376 2692 in
1395 2647 1468 2693 tris
1487 2646 1560 2693 has
1576 2660 1715 2706 partes
1733 2646 1876 2692 omnis
1894 2660 1954 2693 est

134 2711 409 2772 philosophia
428 2713 662 2772 distributa)
686 2711 899 2773 explicata9
917 2728 1015 2760 sunt
1037 2713 1209 2760 infinitis
1227 2731 1361 2774 paene
1380 2713 1684 2760 voluminibus.

215 2960 228 2974 ²
254 2955 433 3004 Probably
459 2955 600 3004 Filippo
626 2959 836 3000 Borromeo,
862 2958 988 2994 Count
1011 2956 1053 2994 of
1075 2959 1211 3000 Arona,
1236 2956 1360 2994 Scala’s
1385 2956 1522 2994 former
1544 2969 1676 3005 patron
1700 2958 1739 2993 in
1762 2956 1889 3000 Milan,
1915 2957 1942 2994 is

136 3007 317 3051 intended3
336 3008 380 3046 cf.
399 3008 504 3052 Scala,
527 3012 646 3052 16,26³
667 3012 807 3055 [7‚190],
829 3021 914 3047 note
932 3013 987 3053 23,
1005 3009 1076 3047 and
1093 3013 1118 3053 Ι,
1139 3013 1168 3053 1,
1187 3022 1273 3047 note
1289 3009 1337 3057 d).

215 3059 231 3084 *²
250 3066 391 3108 Cicero,
409 3067 500 3114 Disp.
527 3068 612 3103 Tusc.
636 3069 711 3109 11,1,
729 3068 784 3103 De
802 3068 901 3103 Orat.
921 3069 1041 3109 Π,156.

216 3127 230 3142 ⁶
253 3123 440 3161 Leonando
465 3125 587 3167 Bruni‚
609 3127 811 3171 Isagogicon,
836 3124 889 3162 ed.
916 3127 964 3161 H.
989 3127 1118 3168 Baron,
1142 3124 1326 3162 Leonardo
1352 3126 1463 3162 Bruni
1484 3125 1650 3162 Aretino:
1672 3124 1938 3162 Humanistisch—

131 3174 393 3222 philosophisdaee
411 3175 587 3222 Sdnifien,
606 3178 729 3212 20-41.
