2124 3464
106 187 337 222 PRIVATE
362 187 591 221 LETTERS
1853 178 1911 218 29

107 325 351 373 miserrime
375 325 539 372 cruciat
562 338 814 384 enecatque.
838 322 1234 382 Quemadmodum
1261 322 1424 370 multos
1450 320 1622 369 modo¹⁸
1649 321 1740 369 dies
1763 340 1920 382 magna

106 394 243 442 animi
267 393 464 454 angustia
487 391 584 448 fuit,
607 409 660 439 ex
682 409 773 452 quo
796 391 990 438 intellexi
1012 389 1247 452 carptum¹⁹
1272 390 1400 438 fuisse
1425 390 1684 438 mandatum
1706 390 1919 438 Florenti-

107 479 215 510 num
236 461 359 523 quod
377 479 458 522 ego
477 478 731 521 rogaveram
750 474 880 521 atque
896 460 1152 521 scripseram
1171 477 1223 506 ex
1243 477 1345 507 meo
1364 458 1519 506 officio
1538 473 1580 506 et
1599 476 1795 515 munere,
1816 477 1918 506 cum

104 530 294 579 solemni
322 529 392 577 die
417 547 508 591 quo
532 543 595 577 est
620 528 819 576 Italicum
844 526 1032 576 foedus²⁰
1059 543 1321 575 renovatum
1347 527 1505 575 insulse
1532 525 1746 589 quidem²²
1772 528 1921 575 recita-

105 614 203 647 tum
226 613 303 655 est,
327 616 419 645 non
442 597 600 645 insulse
623 591 873 658 scriptum.d

190 667 306 727 Quis
331 667 450 714 enim
477 667 629 713 recitat
651 683 744 713 non
770 663 963 713 insulse²²
991 665 1113 726 quod
1137 663 1281 711 nihil²³
1307 679 1407 726 post
1433 680 1608 726 tempus
1631 664 1772 712 valeat
1796 666 1918 712 cuius

103 736 241 796 gratia
260 734 519 782 mandatum
541 736 625 782 est?
644 734 729 781 Sed
748 733 849 781 inde
869 733 1049 781 fortasse
1070 734 1299 781 occasione
1319 731 1529 794 sumpta²⁴
1550 733 1683 780 audio
1704 733 1918 780 exsibilas-

103 822 148 851 se
168 803 383 865 quosdam
406 817 448 850 et
468 802 711 864 explodisse
731 803 976 850 novitatem
997 816 1039 849 et
1059 801 1287 849 ridiculam
1307 816 1493 863 putasse.
1517 805 1698 861 Quaeso
1718 816 1776 858 te,
1793 816 1920 862 pater

105 872 371 927 doctissime,
400 871 508 932 quid
534 872 579 917 in
608 870 685 918 illo
713 872 839 918 novis
867 885 929 918 est
954 885 1129 931 praeter
1151 870 1305 917 verba?
1332 874 1493 917 Cetera
1517 888 1570 917 ex
1598 869 1790 917 formula
1815 885 1917 917 sunt

105 958 215 1001 quae
233 941 326 986 vim
347 939 551 995 habeant,
569 954 617 986 ut
636 939 878 986 doctissimi
897 939 1042 999 legum
1063 940 1322 999 interpretes
1339 953 1381 985 et
1399 938 1595 999 opifices,
1616 953 1663 985 ut
1683 939 1744 985 ita
1759 938 1917 994 dicam,

104 1026 253 1055 rerum
277 1007 432 1054 talium
456 1019 568 1068 quos
594 1007 726 1054 habui
750 1006 975 1054 consultos
999 1021 1286 1053 asseruerunt.
1311 1006 1457 1053 Verba
1482 1007 1617 1066 magis
1640 1007 1795 1053 Latina
1815 1021 1917 1053 sunt

104 1094 238 1137 quam
261 1075 445 1132 soleant,
470 1090 513 1122 et
534 1075 805 1136 paucissimis
832 1074 1082 1122 absolutum
1108 1074 1303 1122 versibus
1330 1074 1451 1135 quod
1475 1074 1637 1135 grande
1660 1074 1771 1121 solet
1795 1073 1917 1121 volu-

105 1162 209 1191 men
227 1162 354 1205 saepe
373 1143 611 1205 complere,
633 1143 755 1204 quod
774 1143 982 1190 omnibus
1004 1142 1093 1190 fere
1111 1144 1157 1189 in
1177 1142 1305 1190 rebus
1325 1161 1435 1204 quae
1454 1161 1479 1190 a
1496 1161 1567 1190 me
1585 1142 1839 1190 scribuntur
1859 1161 1923 1190 ac-

104 1212 224 1260 cidit.
247 1216 369 1259 Amo
393 1213 513 1259 enim
535 1212 813 1268 brevitatem,
836 1229 946 1273 quae
966 1212 1058 1258 sine
1083 1211 1348 1259 obscuritate
1368 1212 1423 1258 sit
1446 1229 1593 1258 rerum
1617 1211 1918 1267 dicendarum3

102 1298 411 1342 summamque
438 1278 611 1328 inesse²⁵
638 1281 683 1326 in
708 1298 758 1327 ea
778 1281 870 1326 vim
896 1277 980 1327 ac²⁶
1004 1279 1262 1340 dignitatem
1285 1298 1338 1327 ex
1360 1297 1640 1327 summorum
1668 1280 1802 1327 etiam
1826 1297 1919 1327 ora-

103 1364 255 1397 torum
289 1350 508 1397 sententia
539 1346 797 1396 existimo.²⁷
829 1348 914 1396 Sed
946 1349 1173 1396 mittamus
1207 1363 1418 1405 oratores;
1452 1349 1672 1409 graviores
1707 1348 1918 1396 habemus

103 1415 364 1465 brevitatis²⁸
396 1432 596 1465 auctores
625 1435 735 1478 quos
768 1418 1005 1464 imitemur.
1037 1417 1270 1477 Evangelia
1298 1432 1415 1464 certe
1446 1432 1595 1464 nostra
1624 1418 1770 1477 gravia
1799 1432 1916 1473 sunt,

102 1486 234 1547 plena
258 1487 384 1533 omni
411 1487 637 1546 sapientia,
666 1486 790 1532 omni
819 1485 1063 1542 divinitate;
1089 1500 1238 1532 tamen
1263 1485 1372 1532 nihil
1402 1500 1464 1532 est
1489 1486 1703 1546 scriptum
1730 1485 1915 1546 planius,

104 1552 250 1601 nihil²⁹
279 1554 466 1601 brevius.
495 1553 622 1613 Quid
646 1553 851 1614 grandius
877 1554 1064 1614 reperias
1089 1553 1317 1614 disciplina
1340 1551 1513 1610 Pauli‚³⁰
1539 1553 1646 1614 quid
1671 1553 1917 1601 admirabil-

103 1623 183 1679 ius,
207 1622 315 1683 quid
333 1623 544 1669 sanctius?
568 1626 717 1683 Atque
739 1640 789 1669 ea
808 1621 987 1683 quidem
1009 1623 1069 1669 ita
1085 1623 1246 1683 scripta
1266 1637 1328 1669 est
1350 1622 1556 1679 breviter,
1579 1623 1638 1669 ita
1658 1621 1847 1669 dilucide
1866 1637 1916 1669 ut

102 1691 249 1752 siquid
281 1690 512 1747 addideris,
544 1690 899 1738 dehonestaveris
930 1705 1059 1751 atque
1090 1689 1412 1751 implicaveris³¹
1448 1691 1712 1747 orationem3
1743 1691 1779 1737 si
1811 1690 1919 1751 quid

104 1758 357 1820 dempseris,
380 1758 434 1806 de
455 1758 666 1819 dignitate
688 1758 925 1806 detraxeris
944 1773 987 1806 et
1008 1759 1153 1806 minus
1177 1774 1371 1820 apertam
1394 1759 1626 1819 minusque
1651 1756 1914 1819 comptam³²

104 1825 393 1875 reddideris.³³
418 1827 545 1886 Quid
568 1845 672 1888 ergo
695 1827 936 1888 displicuit?
961 1831 1011 1873 In
1031 1828 1259 1874 sententiis
1281 1842 1397 1874 certe
1420 1827 1528 1873 nihil
1554 1842 1616 1874 est
1640 1827 1763 1888 quod
1786 1845 1919 1888 quen·

104 1913 238 1957 quam
263 1895 419 1943 debeat
446 1894 687 1943 offendere.
715 1896 875 1956 Agitur
900 1896 1016 1943 enim
1045 1895 1301 1943 Florentina
1326 1914 1392 1943 res
1417 1910 1459 1943 et
1484 1895 1663 1956 quidem
1688 1896 1781 1943 sine
1809 1896 1918 1942 iniu-

104 1962 202 2011 ria³⁴
221 1978 485 2011 ceterorum.
506 1967 654 2011 Datur
672 1963 727 2011 ad
741 1982 895 2025 pacem
917 1964 1174 2011 mandatum
1195 1979 1325 2025 atque
1344 1964 1593 2011 ostenditur
1614 1965 1916 2025 magistratum

103 2047 146 2080 et
163 2032 383 2094 populum
407 2047 609 2080 nostrum
632 2051 859 2094 nunquam
881 2051 906 2080 a
921 2051 1027 2094 pace
1046 2033 1244 2080 animum
1265 2034 1437 2094 gessisse
1458 2032 1663 2080 alienum.
1686 2037 1736 2079 In
1753 2033 1917 2080 summi

102 2100 330 2163 pontificis
351 2101 527 2149 laudem
549 2101 765 2158 adiicitur,
787 2101 923 2149 Paulo
946 2106 983 2148 Π
1002 2101 1215 2163 pontifice
1238 2103 1434 2150 maximo
1455 2116 1643 2149 vocante
1661 2101 1914 2163 legationes,

102 2185 151 2217 ut
178 2167 247 2217 is³⁵
272 2171 553 2231 potissimum
583 2170 852 2231 intelligatur
873 2186 1168 2231 procurat‹or›
1191 2171 1323 2232 pacis,
1349 2185 1398 2218 ut
1422 2186 1539 2218 certe
1564 2170 1647 2218 fuit
1673 2186 1803 2232 atque
1827 2188 1915 2218 esse

103 2238 255 2286 debuit
276 2257 329 2285 ex
346 2239 510 2286 summi
530 2238 818 2299 pontificatus
838 2238 992 2286 officio
1013 2240 1329 2300 vicariatusque
1349 2239 1487 2286 divini
1510 2257 1691 2286 munere
1713 2257 1804 2300 quo
1824 2239 1919 2286 fun-

101 2307 230 2367 gitur.
257 2311 425 2354 Verum
450 2307 730 2368 chirographi
757 2308 1003 2355 commovit
1028 2307 1242 2368 quosdam
1268 2307 1514 2364 insolentia,
1539 2322 1587 2355 ut
1613 2309 1915 2355 renuntiatum

103 2373 217 2422 est.³⁶
241 2379 302 2422 At
326 2376 409 2421 viri
434 2375 555 2422 docti
578 2390 701 2422 certo
722 2376 814 2422 scio
837 2375 1151 2436 probaverunt.
1179 2380 1242 2423 Ita
1264 2377 1382 2423 enim
1408 2391 1524 2423 recte
1546 2376 1847 2432 subscribitur,
1877 2391 1919 2423 et

103 2443 175 2490 illa
191 2443 468 2490 consuetudo
486 2461 571 2504 qua
587 2445 748 2490 notarii
766 2445 905 2504 rogati
919 2444 1198 2491 subscribunt
1217 2462 1330 2491 vana
1345 2459 1420 2491 est.
1437 2449 1549 2491 Non
1568 2445 1687 2491 enim
1706 2459 1917 2504 rogantur

104 2512 279 2567 notarii,
311 2511 388 2558 sed
419 2512 499 2572 ipsi
532 2526 687 2572 rogant
720 2511 841 2572 quod
871 2526 1024 2572 postea
1054 2512 1264 2559 mandant
1297 2512 1543 2559 litterarum
1575 2510 1917 2559 monirnentis.³⁷

103 2583 348 2640 Interrogat
384 2580 503 2626 enim
540 2579 682 2626 scriba
715 2579 851 2627 velint
889 2578 1160 2627 iubeantne³⁸
1198 2580 1305 2627 illud
1342 2580 1463 2641 quod
1499 2581 1653 2641 agitur,
1690 2581 1779 2628 sive
1816 2598 1917 2628 cum

101 2647 286 2708 populo,
306 2648 396 2694 sive
414 2665 515 2694 cum
535 2648 802 2708 magistratu,
820 2649 909 2695 sive
926 2666 1027 2695 cum
1047 2648 1245 2709 collegio,
1262 2650 1352 2696 sive
1368 2667 1469 2696 cum
1487 2650 1667 2709 privatis
1686 2650 1913 2709 negotium

102 2716 170 2762 sit.
196 2715 331 2776 quue
354 2716 537 2763 minime
562 2734 729 2763 novum
756 2731 831 2763 est.
856 2717 1060 2773 Romani,
1085 2735 1275 2777 quorum
1299 2717 1446 2777 lingua
1468 2718 1650 2773 utimur,
1676 2718 1735 2764 ita
1755 2716 1920 2764 factita-

104 2798 221 2840 mnt3
248 2798 290 2831 et
313 2785 595 2844 rogati0num
623 2784 724 2832 inde
750 2802 915 2832 nomen
940 2799 1016 2841 est,
1042 2785 1176 2846 quod,
1199 2786 1234 2832 si
1260 2786 1355 2846 quis
1381 2783 1527 2831 Livii³⁹
1551 2785 1783 2846 diligenter
1805 2785 1916 2846 legat

103 2851 270 2908 libros,e
294 2870 387 2899 non
411 2852 622 2913 indigebit
645 2851 730 2900 ut⁴⁰
753 2854 812 2900 ita
831 2871 919 2900 esse
941 2853 1087 2901 credat
1107 2854 1342 2901 assertione
1365 2868 1526 2901 nostra.

182 3086 199 3111 ‘¹
223 3091 300 3130 The
325 3092 451 3130 Italian
472 3096 608 3141 Laegue
632 3107 703 3131 was
727 3093 893 3131 renewed
916 3107 968 3131 on
989 3097 1034 3130 22
1056 3094 1258 3132 December
1285 3097 1372 3132 1470
1394 3106 1429 3131 at
1455 3097 1581 3131 Rome.
1608 3093 1685 3132 The
1710 3093 1918 3131 Florentine

102 3145 270 3183 mandate
288 3146 317 3183 'is
334 3145 452 3184 edited
470 3146 601 3190 below,
621 3149 697 3190 H:4;
715 3146 820 3190 Scala,
843 3150 975 3184 170-77
993 3150 1167 3193 [117-201

184 3207 197 3221 ²
215 3203 317 3250 Livy,
333 3203 394 3240 Ab
408 3203 492 3241 urbe
508 3203 658 3247 condita,
676 3207 824 3247 33.43.3;
844 3207 992 3247 33.25.8;
1011 3207 1159 3248 38.54.3‚
1179 3216 1245 3242 etc.
