2060 3450
191 199 284 240 480
1739 205 1876 239 PART
1902 206 1994 240 VIII

1087 349 1111 389 7

927 417 1265 457 TESTAMENT

870 489 920 525 25
942 485 1196 525 November
1220 488 1325 525 1484

399 581 489 619 ASF
509 578 685 619 Notarile
707 592 869 619 antecos.
895 582 1022 627 10198,
1043 578 1126 619 fols.
1146 582 1365 620 388r-389r.
1384 578 1496 627 Scala,
1518 582 1659 620 244-45
1680 582 1793 628 [1641.

192 689 240 730 In
262 685 349 730 Dei
371 684 552 730 nomine
577 701 717 730 amen.
743 687 880 730 Anno
902 683 1073 730 domini
1096 683 1147 730 ab
1170 684 1468 730 incarnatione
1490 683 1723 730 millesimo
1746 683 2000 744 quadringe-

190 753 304 799 simo
330 752 620 811 octingesimo
645 765 803 811 quarto
826 750 1066 798 indictione
1088 751 1216 798 tertia
1236 765 1277 798 et
1298 751 1366 798 die
1388 770 1476 797 xxv
1497 752 1655 798 mensis
1678 751 1962 799 Novembris.

191 859 357 901 Actum
382 855 426 900 in
445 853 610 915 palatio
629 853 916 901 dominorum
939 853 1185 901 Florentiae
1204 853 1503 919 praesentibus
1522 854 1703 901 testibus
1722 857 1798 901 Ser
1815 854 2001 902 Alexan-

191 923 273 970 dro
293 922 469 970 Rinaldi
491 923 685 969 Braccesi
703 937 744 969 et
763 925 840 969 Ser
858 922 1089 969 Leonardo
1109 922 1314 969 Iohannis
1334 922 1387 969 de
1407 922 1533 969 Colle
1555 937 1596 969 et
1615 926 1691 970 Ser
1709 922 1903 970 Iohanne
1922 926 2000 970 Ser

191 990 405 1037 Lodovici
425 991 650 1037 Giannuzi
669 1004 710 1037 et
728 993 805 1037 Ser
821 991 1024 1037 Antonio
1047 989 1251 1037 Iohannis
1270 989 1382 1037 della
1398 990 1533 1047 Valle,
1554 991 1734 1038 notariis
1753 990 1997 1039 Florentin-

192 1060 238 1115 is,
262 1073 303 1106 et
324 1059 511 1105 Cosimo
536 1059 648 1105 Pieri
669 1058 721 1105 de
742 1059 894 1105 Bonsis
918 1073 958 1105 et
979 1058 1263 1105 Christoforo
1286 1059 1398 1106 Pieri
1419 1058 1471 1106 de
1491 1060 1773 1119 Buonaguisis
1797 1073 1838 1106 et
1857 1062 1997 1106 Dom-

191 1128 309 1174 inico
332 1127 507 1174 Nannis
531 1127 690 1182 Corsii‚
716 1127 909 1173 mazerio
932 1126 1232 1174 dominorum.

191 1228 469 1276 Clarissimus
487 1229 555 1275 vir
571 1227 778 1275 dominus
796 1227 1099 1275 Bartolomeus
1116 1228 1321 1276 Iohannis
1335 1228 1468 1285 Scala,
1484 1228 1779 1276 Cancellarius
1795 1228 1997 1277 domino-

191 1315 289 1344 rum
304 1296 682 1353 Florentinorum,
701 1315 829 1344 suum
848 1311 1150 1358 nuncupatum
1169 1296 1366 1344 condidit
1382 1311 1693 1345 testamentum
1710 1298 1755 1344 in
1772 1297 1877 1345 haec
1890 1315 1999 1359 quae

189 1380 399 1413 secuntur
419 1365 566 1422 verba,
588 1365 804 1412 videlicet:

189 1472 293 1515 Post
317 1468 534 1528 generalia
559 1468 697 1528 legata
720 1486 865 1528 opera,
893 1467 998 1515 volo
1025 1468 1230 1515 heredem
1255 1486 1342 1515 esse
1369 1486 1517 1515 meum
1544 1468 1759 1516 Iulianum
1786 1468 1928 1516 filium
1955 1483 1998 1516 et

190 1536 297 1583 alios
328 1535 444 1582 filios
475 1554 597 1582 meos
627 1535 841 1582 masculos
872 1537 907 1582 si
937 1537 1011 1596 qui
1042 1535 1244 1596 deinceps
1273 1536 1382 1582 mihi
1413 1551 1694 1583 nascerentur
1720 1554 1772 1583 ex
1799 1536 1998 1597 legitimo

190 1604 480 1651 matrimonio
506 1604 652 1664 aequis
672 1603 965 1664 portionibus.

189 1706 230 1752 Si
258 1705 520 1752 decesserint
546 1704 626 1751 filii
653 1719 700 1752 ut
726 1723 855 1766 supra
881 1705 1059 1752 masculi
1085 1706 1176 1752 sine
1202 1705 1326 1766 prole
1354 1705 1603 1762 masculina,
1629 1705 1734 1753 volo
1761 1723 1883 1753 meos
1910 1723 1998 1753 esse

191 1773 371 1820 heredes
391 1773 630 1830 Thomam,
656 1773 896 1830 Andream,
921 1773 1133 1820 Carolum
1159 1791 1280 1821 meos
1303 1773 1455 1821 fratres
1475 1775 1620 1835 aequis
1639 1774 1921 1835 portionibus
1946 1774 1999 1822 de

189 1860 243 1888 eo
265 1841 387 1902 quod
410 1860 464 1888 eo
485 1856 686 1902 tempore
710 1860 802 1888 non
825 1856 932 1889 esset
955 1841 1203 1889 alienatum.

188 1945 230 1991 Si
260 1944 522 1991 decesserint
549 1943 629 1990 filii
660 1945 746 1991 mei
772 1945 863 1991 sine
894 1943 994 1991 filiis
1023 1944 1222 1992 masculis
1252 1959 1299 1992 ut
1326 1963 1467 2006 supra,
1498 1959 1545 1992 ut
1573 1946 1627 1992 sit
1654 1959 1920 2006 perventura
1945 1945 2000 1993 ad

189 2012 343 2060 fratres
366 2012 595 2069 hereditas,
619 2012 716 2073 lego
741 2030 793 2059 ex
816 2013 943 2060 bonis
968 2014 1074 2060 meis
1097 2013 1274 2073 singulis
1299 2013 1470 2060 filiabus
1495 2014 1614 2070 meis,
1639 2013 1854 2061 videlicet:
1876 2018 1998 2061 Nan-

189 2099 283 2138 nae,
300 2082 531 2142 Baptistae,
546 2082 811 2138 Franciscae,
828 2081 1101 2128 Alexandrae
1117 2096 1158 2129 et
1174 2083 1396 2129 Lucretiae
1411 2096 1452 2129 et
1467 2100 1518 2129 ex
1536 2082 1600 2129 his
1615 2082 1994 2143 superviventibus

188 2164 363 2197 tantum
386 2149 581 2197 florenos
604 2149 776 2210 larghos
799 2150 1012 2197 ducentos
1034 2151 1079 2196 in
1101 2150 1298 2210 singulas.

189 2255 299 2297 Item
324 2250 422 2326 lego
450 2250 708 2311 supradictis
737 2250 908 2298 filiabus
936 2252 1043 2298 meis
1071 2266 1112 2298 et
1137 2251 1514 2311 superviventibus
1545 2251 1745 2298 reditus
1734 2269 1779 2297 in
1807 2251 1993 2299 domum

188 2336 348 2374 meam,
371 2319 460 2365 sive
483 2333 644 2379 nuptae
666 2319 755 2365 sive
778 2319 987 2379 innuptae
1011 2318 1186 2366 fuerint

188 2425 299 2468 Item
314 2421 412 2481 lego
430 2421 705 2468 Alexandrae
720 2422 864 2468 socrui
884 2439 1004 2468 meae
1022 2421 1240 2469 reditum
1230 2440 1275 2468 in
1293 2421 1477 2469 domum
1497 2440 1640 2469 meam
1657 2421 1804 2483 quoad
1819 2421 1995 2470 libuerit

188 2490 268 2550 ipsi
291 2490 436 2536 socrui
461 2507 581 2536 meae
604 2504 645 2536 et
668 2489 814 2550 quoad
834 2490 1004 2536 vixerit.

188 2595 299 2637 Item
327 2590 424 2651 lego
456 2591 590 2647 Lisae,
620 2592 809 2638 Antonii
839 2590 891 2638 de
919 2591 1183 2652 Cepperello
1211 2592 1352 2648 uxori,
1384 2610 1493 2652 quae
1522 2591 1684 2639 multos
1715 2609 1853 2639 annos
1883 2591 1993 2638 mihi

188 2658 380 2706 fideliter
395 2660 634 2716 inservivit,
656 2674 703 2706 ut
721 2674 938 2720 perpetuo
959 2659 1171 2707 inhabitet
1191 2660 1375 2707 domum
1398 2678 1540 2707 meam
1559 2660 1799 2721 vestiatque
1818 2674 1860 2707 et
1877 2660 1996 2707 vivat

186 2727 435 2787 sumptibus
462 2727 739 2774 haereditatis
760 2745 893 2775 meae.

188 2830 410 2877 Omnium
434 2848 541 2877 vero
563 2848 710 2877 rerum
734 2848 931 2877 mearum
953 2830 1058 2877 volo
1081 2848 1167 2877 esse
1189 2830 1613 2887 administratricem,
1636 2830 1787 2878 eadem
1806 2848 1892 2891 qua
1912 2848 1993 2891 ego

186 2899 339 2945 vivens
359 2898 620 2945 administro
643 2913 683 2945 et
704 2916 811 2945 curo
835 2899 1092 2946 auctoritate
1114 2917 1178 2946 res
1199 2917 1314 2946 meas
1334 2898 1480 2959 quoad
1501 2898 1616 2946 filius
1637 2913 1709 2946 aut
1730 2898 1810 2945 filii
1832 2899 1919 2946 mei
1940 2898 1995 2946 ad

186 2966 428 3026 legitimam
450 2981 637 3013 aetatem
653 2966 1043 3013 administrationis
1060 2967 1354 3026 pervenerint,
1374 2981 1415 3013 et
1433 2966 1589 3013 deinde
1607 2966 1754 3027 quoad
1769 2966 1926 3013 vixerit
1942 2979 1991 3013 ut

187 3034 329 3080 bonae
357 3035 508 3080 matris
529 3033 843 3094 prudentisque
871 3048 1096 3081 matronae
1122 3033 1248 3081 faciat
1271 3033 1471 3081 officium
1498 3048 1839 3094 consuetamque
1863 3034 1996 3094 pieta-

187 3116 277 3148 tem
310 3102 354 3147 in
388 3119 462 3148 eos
493 3119 603 3161 quos
633 3102 830 3161 genuerit
861 3116 1071 3157 exerceat,
1098 3101 1407 3148 Maddalenam
1435 3119 1619 3148 uxorem
1651 3119 1809 3157 meam,
1839 3101 1875 3148 si
1905 3101 1996 3161 ipsa

186 3169 397 3216 secundas
416 3170 589 3229 nuptias
609 3187 700 3216 non
722 3170 865 3216 inierit
885 3184 926 3216 et
944 3168 1059 3216 filius
1079 3184 1151 3216 aut
1170 3168 1250 3215 filii
1269 3183 1316 3216 ut
1333 3187 1462 3230 supra
1482 3169 1642 3216 dicitur
1656 3169 1988 3229 supervixerint.
