2072 3450
189 169 280 209 510
794 166 830 206 I:
860 166 1017 206 35-38

275 308 300 330 ¹⁸
315 309 427 347 modo
441 308 653 358 sup.lin.add.
672 310 698 345 P

275 360 301 382 ¹⁹
315 374 479 410 carptum
494 376 532 398 ex
545 362 788 409 vituperatum
802 375 884 397 corr.
902 362 927 397 P

272 413 301 435 ²⁰
314 415 439 452 foedus
455 429 493 452 ex
507 414 654 452 foedum
669 429 751 451 corr.
769 416 794 450 P

272 465 299 487 ²¹
315 467 445 504 insulse
461 466 605 515 quidem
620 481 659 503 ex
672 478 722 503 est
736 480 818 503 corr.
836 467 861 502 P

272 518 300 540 ²²
315 535 391 558 non
406 520 546 557 insulse:
561 519 773 568 sup.lin.add.
792 521 817 556 P

272 570 300 593 ²³
314 572 427 610 valeat
436 583 513 621 post
527 571 617 609 nihil
630 571 692 608 del.
710 573 735 608 P

272 624 301 646 ²⁴
314 638 457 674 sumpta
471 640 509 662 ex
522 637 624 674 capta
637 639 719 662 corr.
737 626 762 661 P

272 676 300 698 ²⁵
316 679 426 715 inesse
441 692 480 714 ex
493 692 564 714 esse
581 676 620 725 (?)
637 691 719 714 corr.
737 678 762 713 P

273 729 300 751 ²⁶
315 746 354 768 ac
367 746 406 768 ex
419 743 453 768 et
467 745 549 768 corr.
567 732 592 767 P

273 781 301 803 ²⁷
315 784 481 820 existimo
497 797 535 819 ex
549 783 731 819 constituo
746 796 828 818 corr.
846 783 870 818 P

272 834 300 856 ²⁸
315 836 498 874 brevitatis
511 835 722 884 sup.lin.add.
741 837 766 872 P

272 886 300 909 ²⁹
315 888 406 925 nihil
420 903 458 925 ex
472 888 522 925 nil
536 903 618 925 corr.
636 889 661 924 P

273 940 302 963 ³⁰
315 942 417 991 Quid
432 943 585 979 sanctius
602 944 616 978 ?
631 941 717 990 quid
732 941 897 990 expolitis
906 952 982 990 post
996 940 1093 977 Pauli
1106 939 1168 977 del.
1186 942 1211 977 P

1537 171 1788 206 TEXTUAL
1813 171 1988 206 NOTES

273 992 299 1015 ³¹
314 994 602 1032 dehonestaveris
617 1006 721 1042 atque
738 993 972 1042 implicaveris
981 996 1111 1042 partim
1125 992 1298 1041 sup.lin.ex
1313 992 1555 1029 dehonestaris
1570 1007 1652 1029 corr.
1669 994 1694 1029 P

273 1046 300 1068 ³²
315 1060 473 1097 apertam
488 1078 494 1084 .
512 1078 519 1084 .
533 1059 717 1096 comptam
732 1061 771 1084 ex
784 1046 926 1095 planam
940 1061 1022 1083 corr.
1040 1048 1065 1083 P

273 1098 299 1120 ³³
314 1101 559 1149 scriptionem.
576 1101 776 1148 Nunquam
786 1110 862 1148 post
877 1098 1067 1136 reddideris
1081 1098 1142 1135 del.
1160 1100 1185 1135 P

272 1152 300 1174 ³⁴
316 1154 445 1191 iniuria
457 1168 496 1191 ex
510 1153 644 1190 invidia
654 1152 871 1201 sup.lin.corr.
891 1154 916 1189 P

272 1204 299 1226 ³⁵
314 1221 382 1255 pro
391 1217 468 1254 post
483 1207 509 1243 is
522 1205 584 1242 del.
602 1207 627 1242 P

272 1257 300 1280 ³⁶
314 1272 354 1297 ut
368 1290 375 1296 .
392 1290 398 1296 .
415 1271 464 1296 est
479 1274 521 1296 ex
535 1260 603 1295 viri
617 1271 650 1296 et
664 1271 699 1295 te
715 1257 754 1306 (?)
771 1273 852 1295 corr.
871 1260 896 1295 P

273 1309 300 1332 ³⁷
314 1312 515 1349 litterarum
529 1312 764 1348 monimentis
779 1325 817 1348 ex
830 1310 955 1347 litteris
969 1325 1051 1347 corr.
1069 1312 1094 1347 P

272 1363 299 1386 ³⁸
314 1365 427 1403 velint
441 1365 644 1402 iubeantne:
658 1364 832 1413 sup.lin.ex
847 1364 980 1413 placeat
995 1366 1020 1401 P

272 1415 300 1438 ³⁹
314 1418 404 1466 legat
413 1428 490 1466 post
504 1418 595 1454 Livii
606 1416 669 1454 a'el.
687 1419 712 1453 P

271 1469 301 1491 ⁴0
314 1472 398 1508 sciat
415 1470 453 1519 (?)
472 1470 507 1508 id
515 1482 592 1520 post
605 1482 645 1507 ut
658 1469 720 1507 del.
738 1472 763 1507 P

271 1522 299 1543 ⁴¹
314 1523 413 1572 quod
427 1538 466 1560 ex
479 1523 565 1571 quid
580 1537 662 1560 corr.
680 1524 705 1559 P

271 1574 300 1597 ⁴²
314 1576 413 1614 Velle
429 1576 624 1624 intelligere
636 1577 743 1624 siquis
759 1590 886 1613 eorum
902 1575 1073 1612 iudicium
1084 1586 1159 1623 post
1173 1587 1223 1612 est
1235 1574 1297 1612 del.
1315 1576 1340 1611 P

271 1626 299 1649 ⁴³
314 1641 364 1666 est
374 1639 450 1677 post
464 1629 667 1666 Recitatum
679 1627 741 1665 del.
759 1630 784 1664 P

271 1681 300 1702 ⁴⁴
314 1685 357 1719 Et
372 1683 433 1731 qui
449 1683 586 1719 recitari
602 1681 640 1729 (?)
653 1692 729 1730 post
743 1694 793 1718 est
805 1680 867 1718 del.
885 1683 910 1718 P

271 1733 299 1754 ⁴⁵
314 1747 401 1772 tunc
415 1734 537 1771 scribit
547 1745 623 1783 post
636 1734 697 1782 qui
710 1733 772 1770 del.
790 1735 815 1770 P

271 1786 300 1808 ⁴⁶
314 1800 414 1837 roget
428 1802 467 1825 ex
481 1800 580 1836 rogat
594 1802 676 1824 corr.
694 1789 719 1824 P

271 1838 300 1860 ⁴⁷
313 1840 442 1878 scribat
456 1855 495 1877 ex
508 1840 629 1877 scribit
644 1854 726 1877 corr.
744 1841 769 1876 P

271 1892 298 1914 ⁴⁸
314 1894 433 1931 iubeat
447 1908 485 1931 ex
499 1894 636 1931 iusserit
652 1893 696 1941 (1)
714 1905 748 1930 et
763 1894 912 1942 imperat
929 1892 973 1940 (2)
989 1907 1071 1930 corr.
1089 1894 1114 1929 P

271 1944 299 1966 ⁴⁹
314 1947 350 1983 in
366 1961 443 1983 earn
459 1946 672 1983 sententiam
685 1945 896 1994 sup.lin.add.
915 1947 940 1982 P

271 1998 300 2020 ⁵⁰
314 1999 412 2037 nulla
425 2014 527 2036 causa
541 2014 579 2036 ex
593 1999 683 2036 nihil
697 2014 779 2036 corr.
797 2001 822 2035 P

271 2050 297 2072 ⁵¹
314 2055 357 2089 Et
370 2063 452 2089 ante
464 2052 600 2089 Tamen
615 2051 677 2088 del.
695 2053 720 2088 P

272 2103 299 2126 ⁵²
314 2121 356 2143 eo
371 2120 409 2142 ex
423 2120 462 2142 ea
475 2106 650 2142 sententia
664 2119 746 2142 corr.
764 2106 789 2141 P

271 2155 298 2178 5³
314 2159 350 2195 in
366 2157 524 2206 epistolis
540 2157 691 2206 publicis
704 2156 915 2205 sup.lin.add.
934 2158 959 2193 P

272 2209 300 2231 ⁵⁴
314 2224 418 2259 atque
432 2210 644 2259 sup.lin.add.
663 2212 688 2246 P

272 2261 298 2283 ⁵⁵
314 2264 421 2300 etiam
435 2277 473 2299 ex
486 2262 571 2299 dicti
584 2273 666 2299 ante
679 2277 720 2299 ex
736 2262 789 2299 his
802 2261 864 2298 del.
882 2264 907 2298 P

272 2314 299 2336 ⁵⁶
314 2328 348 2353 et
362 2317 423 2365 qui
433 2326 509 2365 post
523 2316 650 2352 veritas
663 2315 725 2352 del.
742 2317 767 2352 P

272 2366 300 2388 ⁵⁷
314 2369 426 2406 vortit
439 2383 477 2405 ex
490 2369 648 2405 vortitur
660 2382 742 2405 corr.
760 2369 785 2404 P

272 2420 299 2442 ⁵⁸
314 2422 412 2470 quod
427 2434 546 2470 tangat
562 2436 597 2458 re
610 2432 692 2458 ante
704 2420 747 2458 de
763 2420 943 2469 republica
955 2420 1017 2457 del.
1034 2422 1060 2457 P

186 2478 245 2511 36.
274 2472 283 2493 ¹
299 2489 387 2511 non:
403 2486 437 2510 et
452 2488 527 2510 non
541 2475 608 2510 Str.

186 2531 245 2564 37.
274 2525 283 2546 ¹
299 2539 407 2575 gestas
418 2537 494 2575 post
509 2541 561 2563 res
573 2525 636 2563 del.
653 2526 734 2563 Urb

271 2577 284 2598 ²
299 2578 382 2616 belli
392 2590 468 2628 post
482 2579 688 2627 praesertim
703 2578 765 2615 del.
783 2578 862 2615 Urb

271 2630 284 2652 ³
299 2632 491 2670 exsolvam:
508 2632 673 2669 exolvam
687 2632 767 2669 Urb

271 2683 285 2704 4
299 2684 382 2722 fere:
397 2684 488 2721 ferre
503 2684 583 2722 Urb

272 2736 284 2758 ⁵
299 2739 523 2775 sententiam:
539 2739 689 2775 sentiam
705 2737 785 2774 Urb

271 2788 284 2810 ⁶
299 2790 453 2827 castello:
471 2789 653 2827 castellum
669 2789 749 2827 Urb

272 2841 285 2863 ⁷
300 2843 443 2880 robore:
459 2858 540 2880 rore
554 2843 635 2880 Urb

273 2893 284 2915 ⁸
299 2896 442 2932 virtutis
455 2910 496 2932 ex
511 2896 659 2932 virtutes
673 2909 756 2931 corr.
773 2894 853 2931 Urb

271 2946 285 2968 ⁹
300 2950 501 2997 quicquam:
519 2949 689 2996 quiquam
707 2947 786 2984 Urb

275 2998 301 3020 ¹⁰
314 3013 489 3049 tempora:
506 3012 667 3048 temposa
683 2999 763 3036 Urb

275 3052 299 3073 ¹¹
315 3054 576 3090 BAPTISTAE
591 3053 671 3090 Urb

275 3103 301 3125 ¹²
315 3105 417 3142 nullo
430 3104 552 3142 addidi

188 3163 246 3196 38.
275 3157 284 3178 ¹
301 3159 456 3195 avisami:
473 3159 655 3195 aviserami
672 3160 735 3194 MS
