2124 3458
203 186 293 227 352
1815 194 1954 228 PART
1978 195 2010 227 V

288 335 407 378 Cum
435 330 572 377 finem
601 330 797 377 fecissem
823 330 1010 386 dicendi,
1037 331 1279 378 Bernardus
1304 331 1614 392 aliquantisper
1638 331 1839 389 obticuit,
1866 350 2016 394 expec-

202 414 312 455 tans,
336 398 483 454 credo,
505 416 607 459 prae
631 398 859 454 modestia,
882 399 1092 459 quoniam
1115 413 1337 459 praeterea
1356 399 1540 446 dicenda
1560 414 1769 447 restarent
1791 418 1900 461 quae
1923 401 2013 462 qui-

203 467 303 514 dem
323 485 427 527 quas
446 484 526 526 ego
544 467 656 513 tueri
674 466 784 513 velle
801 481 945 526 partes
962 466 1100 513 videri
1115 485 1288 527 possem
1309 466 1638 514 confirmarent.
1660 471 1777 514 Cum
1798 483 1945 515 autem
1963 486 2015 516 ex

203 534 316 582 illius
342 534 519 581 silentio
546 534 590 581 id
616 533 792 581 fuissem
820 532 1144 595 conspicatus,⁸¹
1173 535 1427 595 ‘Congessi,'
1458 535 1652 596 inquam,
1681 534 1853 596 ‘plura⁸²
1882 537 2015 584 etiam

203 602 384 650 fortasse
413 621 545 663 quarn
574 620 745 649 necesse
774 602 868 649 fuit.
897 605 960 649 Te
989 602 1126 649 modo
1156 601 1329 650 habe0⁸³
1362 603 1524 660 audire,
1551 618 1598 650 ut
1627 603 1733 664 quid
1759 618 1807 651 tu
1834 604 2014 652 tandem

203 672 434 726 censueris,
469 689 561 717 non
594 670 716 730 quod
748 670 858 716 mihi
891 671 950 717 ita
979 671 1232 726 occurrerit,
1263 671 1534 731 sequendum
1565 686 1733 732 putem.
1766 673 2013 720 Meministi

203 740 322 785 enim
349 738 429 785 hac
451 756 521 784 me
545 736 844 784 condicione⁸⁴
870 738 924 784 ad
944 738 1180 785 dicendum
1202 756 1331 799 supra
1354 739 1534 795 venisse,
1557 753 1605 786 ut
1629 754 1677 786 tu
1701 739 1880 786 demum
1904 757 2014 800 quae

203 821 310 854 esset
334 821 409 853 tua
432 806 496 853 his
520 806 727 853 omnibus
753 805 842 853 fere
863 805 916 853 de
938 806 1064 853 rebus
1086 807 1302 854 sententia
1322 806 1584 867 explicares.'

287 877 404 921 Turn
427 874 511 931 ille,
536 872 806 931 ‘Memini,'⁸⁵
830 875 986 935 inquit,
1009 877 1066 921 ‘et
1086 874 1263 935 quando
1282 893 1365 936 pro
1386 874 1550 936 legibus
1573 875 1682 922 mihi
1703 875 1904 923 habenda
1923 894 2015 924 ora-

202 944 267 990 tio
291 957 367 999 est,
394 961 486 990 non
513 942 692 990 fecerim
718 942 916 990 modeste
940 944 974 990 si
996 961 1175 1004 peccare
1200 944 1405 1004 incepero
1431 944 1476 990 in
1501 943 1613 1004 leges
1636 962 1716 991 nec
1739 958 1902 992 stetero
1925 945 2014 1006 ipse

202 1013 363 1059 nostris
386 1012 472 1059 iam
494 1012 736 1059 conventis.
760 1012 883 1059 Prius
905 1026 1051 1059 autem
1071 1030 1202 1073 quam
1223 1011 1277 1059 ad
1296 1030 1344 1059 ea
1362 1013 1535 1060 veniam
1557 1031 1665 1074 quae
1686 1031 1710 1060 a
1729 1027 1771 1060 te
1789 1027 1891 1061 sunt
1910 1031 2011 1074 pru-

202 1081 455 1128 dentissime
491 1080 723 1141 disputata,
758 1081 1046 1127 necessarium
1081 1080 1255 1127 videtur
1287 1095 1334 1128 ut
1368 1081 1510 1142 aliqua
1543 1081 1595 1128 de
1628 1082 1794 1142 origine
1830 1083 1933 1129 iuris
1966 1100 2015 1129 ac

201 1149 347 1209 legum
370 1148 511 1209 deque
533 1167 688 1195 eorum
710 1148 939 1209 generibus
962 1148 1412 1210 appellationibusque
1435 1149 1686 1197 brevissime
1707 1157 2014 1210 percurram.gg

201 1218 269 1264 Sic
289 1218 408 1264 enim
429 1216 520 1273 fiet,
540 1217 743 1273 arbitror,
764 1217 885 1277 quod
903 1218 1151 1278 quaerimus
1170 1218 1352 1264 inventu
1372 1217 1515 1264 multo
1534 1217 1712 1265 facilius.
1732 1223 1892 1279 Neque
1909 1236 2017 1266 vero

201 1303 342 1333 unum
375 1285 603 1332 dumtaxat
631 1299 809 1332 naturae
838 1286 902 1332 ius
932 1300 1007 1342 est,
1038 1285 1090 1332 de
1117 1303 1206 1346 quo
1234 1285 1366 1346 paulo
1396 1300 1495 1333 ante
1522 1300 1612 1333 tam
1642 1286 1793 1343 multa,
1822 1286 1943 1347 quod
1972 1301 2014 1334 et

203 1355 346 1415 ipsum
367 1372 459 1400 non
479 1353 672 1400 hominis
691 1353 843 1410 modo,
861 1353 937 1401 sed
953 1354 1156 1401 omnium
1177 1372 1352 1415 quoque
1371 1355 1662 1401 animantium
1680 1372 1918 1402 commune
1937 1369 2015 1412 est,

202 1437 332 1482 atque
351 1422 468 1469 unde
487 1421 630 1469 fateor
646 1437 789 1469 cetera
804 1440 979 1482 quoque
1001 1423 1094 1469 iura
1111 1436 1336 1483 tamquam
1356 1440 1379 1469 a
1394 1437 1574 1483 parente
1593 1422 1781 1483 quadam
1799 1422 2012 1470 fecundis-

201 1491 311 1537 sima
334 1490 657 1550 producuntur.
684 1494 851 1536 Verum
877 1504 1027 1537 tamen
1050 1489 1198 1537 differt
1222 1508 1245 1537 a
1268 1491 1358 1537 iure
1385 1490 1483 1547 hoc,
1509 1490 1629 1551 quod
1655 1490 1849 1538 naturale
1873 1490 2015 1552 appel-

201 1558 307 1615 lant,
334 1558 454 1615 illud,
480 1556 651 1619 quod,⁸⁶
679 1559 780 1619 quia
801 1573 950 1619 gentes
972 1559 1108 1606 tacito
1130 1559 1245 1606 inter
1266 1576 1309 1606 se
1333 1576 1547 1606 consensu
1572 1573 1771 1616 utuntur,
1796 1577 1892 1607 eam
1915 1558 2012 1607 sub-

202 1628 480 1674 ministrante
503 1641 658 1674 natura
680 1627 1050 1683 convenientiam,
1075 1626 1235 1674 dicitur
1254 1628 1318 1674 ius
1340 1628 1551 1688 gentium,
1575 1627 1696 1688 quod
1718 1627 1897 1688 quidem
1919 1645 2013 1675 non

201 1696 356 1743 transit
382 1696 428 1741 in
455 1695 614 1742 alienas
639 1696 815 1756 species,
842 1695 918 1742 sed
943 1695 1144 1742 homines
1172 1695 1310 1742 modo
1337 1710 1378 1743 et
1404 1695 1581 1756 quidem
1607 1695 1769 1757 ubique
1797 1710 2013 1744 terrarum

202 1782 357 1811 omnes
379 1782 433 1811 eo
455 1764 547 1811 iure
569 1763 1020 1825 comprehenduntur.
1048 1764 1168 1811 Hinc
1189 1765 1435 1825 emptiones
1457 1779 1572 1821 sunt,
1595 1764 1698 1812 hinc
1719 1764 2011 1822 venditiones,

203 1832 305 1880 hinc
341 1833 589 1879 constantia
624 1832 846 1879 dictorum
882 1847 1221 1889 conventorum,
1262 1832 1362 1880 hinc
1398 1851 1543 1880 rerum
1579 1834 1927 1894 permutationes
1962 1833 2017 1881 ad

202 1901 439 1948 hominurn
459 1900 696 1948 utilitatem
714 1900 1168 1961 commoditatemque
1186 1901 1376 1957 vivendi,
1393 1919 1500 1962 quae
1519 1919 1674 1962 magna
1689 1919 1741 1948 ex
1756 1915 1879 1962 parte
1895 1919 2013 1949 nunc

201 1983 405 2016 constant
425 1969 713 2029 pecuniarum
735 1987 828 2025 usu,
850 1984 950 2016 sunt
972 1969 1261 2016 introductae.
1282 1973 1343 2016 At
1363 1970 1573 2030 quoniam
1593 1969 1750 2016 diversi
1770 1969 2012 2016 admodum

200 2051 301 2084 sunt
330 2055 490 2093 mores,
519 2036 687 2084 diversa
713 2038 819 2084 item
845 2038 1051 2097 cuiusque
1080 2036 1167 2084 fere
1193 2038 1379 2084 civitatis
1403 2038 1653 2084 constituta.
1680 2038 1882 2084 Tertium
1907 2038 2010 2085 iuris

200 2123 335 2165 genus
358 2104 423 2161 fit,
445 2120 487 2152 et
508 2105 633 2152 civile
656 2106 925 2152 nominatur.
949 2105 1163 2152 Didicisse
1185 2104 1318 2152 furari
1339 2105 1454 2166 apud
1473 2109 1707 2166 Spartanos
1730 2105 1837 2152 olim
1859 2123 1912 2152 ex
1932 2109 2012 2166 Ly-

201 2174 321 2233 curgi
337 2173 531 2233 legibus
521 2191 566 2219 ln
582 2174 728 2233 pretio
744 2173 838 2220 fuit.
857 2173 1109 2220 Duodecim
1125 2173 1296 2220 tabulae
1313 2173 1544 2250 quadrupli
1558 2191 1750 2234 poenam
1766 2187 2013 2221 statuerunt

201 2241 384 2297 furibus3
414 2259 495 2288 nos
521 2259 642 2297 vero,
669 2242 704 2288 si
731 2242 826 2301 quis
854 2240 959 2288 furti
987 2255 1048 2288 est
1075 2242 1315 2297 convictus,
1345 2242 1642 2317 ignominioso
1673 2242 1828 2288 mortis
1855 2259 2012 2302 genere

201 2309 476 2365 damnamus,
502 2323 631 2369 atque
653 2327 674 2356 e
698 2308 818 2356 furca
839 2327 1095 2370 suspensum
1121 2309 1278 2370 laqueo
1298 2324 1449 2370 guttur
1467 2310 1811 2370 perstringimus.

287 2381 549 2424 Ceterarum
571 2395 747 2438 quoque
770 2395 917 2424 rerum
939 2377 1055 2438 apud
1074 2377 1266 2424 diversos
1288 2395 1379 2424 non
1401 2377 1569 2425 diversa
1588 2377 1726 2425 modo
1746 2378 2010 2434 sentiuntur,

199 2445 275 2492 sed
295 2446 515 2492 contraria
533 2446 665 2492 etiam
682 2446 857 2506 penitus
876 2446 1075 2492 instituta
1092 2460 1331 2493 servantur.
1351 2445 1563 2493 Gaetulae
1580 2445 1782 2493 mulieres
1801 2463 1924 2506 agros
1943 2463 2012 2493 co-

200 2513 297 2560 lunt
338 2528 379 2560 et
418 2513 560 2560 virilia
598 2528 815 2570 exercent3
853 2514 1093 2561 miscentur
1131 2513 1394 2574 quibuslibet
1435 2515 1664 2575 presertim
1704 2513 1881 2561 advenis
1918 2514 2011 2561 sine

201 2582 375 2629 rubore.
400 2581 522 2629 Idem
542 2596 583 2629 et
602 2583 839 2629 Bactrianis
858 2600 953 2629 mos
974 2597 1048 2629 est.
1071 2586 1242 2630 Contra
1260 2582 1375 2643 apud
1394 2582 1565 2629 Arabos
1585 2582 1803 2630 adulterae
1822 2581 2012 2630 interfic-

201 2651 366 2706 iuntur,
391 2668 533 2710 neque
554 2650 847 2710 deprehensae
870 2650 1007 2697 modo
1030 2650 1141 2697 hanc
1162 2650 1386 2697 fortunam
1408 2651 1610 2706 subeunt,
1633 2650 1708 2698 sed
1728 2651 1773 2696 in
1793 2665 2011 2711 suspectas

201 2736 378 2778 quoque
416 2736 567 2765 saevos
604 2736 693 2765 sese
731 2718 968 2765 ostendisse
1007 2736 1139 2778 quarn
1176 2718 1386 2765 decorum
1425 2712 1543 2765 est.¹³¹¹
1580 2718 1811 2778 Babylonii
1852 2719 1914 2778 (ut
1953 2719 2012 2765 ait

201 2781 501 2846 Herodotus)ii
524 2786 615 2846 lege
637 2786 723 2833 lata
744 2786 938 2833 medicos
962 2804 1054 2833 non
1077 2786 1331 2843 admittunt,
1354 2786 1555 2834 deferunt
1577 2787 1621 2833 in
1646 2785 1794 2834 forum
1817 2803 2008 2847 aegrum,

202 2873 343 2915 neque
366 2855 525 2901 viatori
546 2855 728 2901 transire
750 2855 869 2915 prius
893 2854 992 2902 licet
1014 2873 1145 2915 quarn
1167 2855 1317 2902 omnia
1339 2854 1468 2902 fuerit
1491 2854 1816 2915 diligentissime
1840 2872 1892 2901 ex
1913 2855 2008 2915 ipso

282 3094 311 3116 ⁸⁸
328 3088 386 3126 Cf.
403 3090 592 3135 Justinian,
611 3092 720 3126 Instit.
741 3092 835 3133 1,2‚1.

282 3140 317 3205 33¹¹
335 3147 393 3185 Cf.
415 3147 595 3191 Eusebius,
615 3150 828 3196 Prep.evang.
850 3151 1046 3185 V1.10.276.

282 3210 298 3224 ¹¹
317 3204 539 3249 Herodotus,
558 3208 646 3242 Hist.
668 3208 773 3248 1‚197.
