2060 3450
185 199 276 240 468
1756 207 1894 241 PART
1919 208 1990 242 VII

186 342 299 390 della
321 343 412 390 vita
435 357 597 399 nostra,
623 360 715 389 non
742 342 763 389 ὲ
789 342 843 390 da
866 342 1062 390 fermarsi
1086 343 1130 389 in
1156 343 1309 390 alcuna
1333 344 1460 391 insita
1482 361 1690 404 speranza
1713 343 1825 392 della
1847 344 1995 392 divina

186 410 487 458 misericordia
505 410 666 471 perche
687 410 757 458 chi
777 411 815 458 ci
834 429 858 458 a
875 410 987 458 fatto
1003 429 1132 458 sanza
1151 412 1226 458 noi
1247 429 1339 458 non
1359 412 1398 459 ci
1414 411 1577 459 salvera
1594 429 1724 459 sanza
1742 413 1831 469 noi3
1851 412 1993 460 vuolsi

186 494 334 526 entrar
356 479 469 526 nella
491 480 621 539 vigna
643 478 756 539 cogli
782 479 879 526 altri
903 480 1125 540 operatori
1149 497 1171 526 e
1195 497 1286 527 non
1310 494 1422 527 stare
1445 480 1575 527 otiosi
1599 480 1771 527 avendo
1793 495 1908 528 tutta
1927 481 1998 528 via

186 547 257 594 chi
277 548 315 594 ci
334 547 547 603 conduce,
567 546 750 594 essendo
771 547 799 593 il
819 561 972 608 tempo
991 547 1268 608 acceptabile,
1287 547 1323 594 el
1341 547 1507 608 luogho
1529 548 1879 596 accommodato.
1900 550 1994 608 Qui

186 633 279 662 non
296 616 437 662 siamo
458 615 512 662 da
528 615 672 662 alcuni
693 616 895 672 ministri,
917 633 1009 662 non
1028 615 1283 663 cultiviamo
1303 615 1464 663 l'altrui
1482 634 1653 677 campo,
1674 617 1771 664 anzi
1787 617 1927 664 siamo
1947 617 1993 664 in

185 698 341 730 nostro
371 683 568 740 arbitrio,
601 683 857 730 cultiviamo
889 684 964 730 noi
995 683 1235 740 medesimi,
1267 685 1341 745 qui
1369 685 1403 731 si
1434 699 1572 732 tracta
1597 684 1709 732 della
1734 684 1870 732 salute
1900 703 1993 733 non

184 751 362 799 d'altrui
383 770 455 799 ma
475 766 636 799 nostra.
660 756 771 798 Non
792 751 946 808 debbe,
967 753 1266 809 amantissimi,
1290 771 1382 800 non
1404 752 1543 800 debbe
1563 752 1621 800 tal
1642 771 1741 800 cosa
1760 752 1815 800 ad
1833 753 1991 801 alcuno

184 819 366 867 difficile
383 838 550 881 parere,
571 820 839 867 tractandosi
859 820 927 867 del
946 821 1130 881 proprio
1153 820 1276 868 bene.
1299 825 1352 868 Et
1373 839 1415 868 se
1434 839 1542 882 pure
1565 821 1619 868 ad
1637 821 1795 869 alcuno
1816 821 1874 869 tal
1894 839 1995 870 cosa

183 906 312 949 grave
331 889 507 949 paressi‚
529 888 614 935 oda
633 888 660 934 il
681 906 762 935 suo
781 889 937 949 Signor
958 888 1142 936 dicente:
1164 889 1335 936 ‘Venite
1356 889 1411 936 ad
1428 907 1497 936 me
1517 907 1671 937 omnes
1692 890 1767 950 qui
1785 889 1991 938 laboratis

184 975 206 1004 e
232 956 435 1004 honerati
458 957 558 1004 estis
581 971 622 1004 et
646 975 726 1017 ego
750 956 944 1004 reficiam
969 960 1124 1013 vos,'³2
1148 957 1256 1014 cioe,
1279 958 1425 1005 venite
1447 957 1501 1005 ad
1522 976 1592 1005 me
1615 959 1720 1005 tutti
1740 959 1815 1005 voi
1839 959 1852 1004 i
1875 958 1992 1019 quali

182 1026 227 1071 vi
250 1024 457 1072 fatichate
477 1039 518 1072 et
539 1026 644 1072 siate
667 1026 856 1085 agravati
877 1043 898 1072 e
922 1026 965 1072 io
987 1026 1031 1072 vi
1053 1025 1269 1073 ricreero.'

269 1097 347 1140 Ma
374 1093 445 1140 chi
474 1093 496 1140 ὲ
524 1092 672 1154 quello
702 1107 828 1140 tanto
858 1093 1113 1154 impudente
1144 1112 1167 1141 a
1194 1093 1265 1141 chi
1291 1093 1349 1141 tal
1378 1112 1477 1141 cosa
1503 1112 1630 1154 grave
1658 1112 1786 1155 parer
1810 1112 1938 1156 possa
1967 1113 1996 1142 o

184 1161 339 1218 debba,
366 1161 571 1209 vedendo
598 1162 788 1209 maxime
816 1163 1177 1209 continuamente
1205 1162 1246 1210 la
1271 1163 1506 1223 immagine
1535 1162 1603 1210 del
1631 1177 1786 1210 nostro
1812 1163 1992 1224 Signore

183 1248 271 1277 con
290 1244 418 1277 tanto
437 1231 716 1286 exterminio,
738 1248 824 1277 con
844 1245 965 1277 tanta
982 1230 1184 1287 acerbita,
1203 1249 1289 1278 con
1308 1245 1430 1278 tanta
1448 1231 1752 1288 amaritudine,
1771 1249 1858 1278 con
1877 1246 2000 1279 tanta

183 1298 380 1345 crudelta
396 1299 442 1344 in
461 1316 588 1345 croce
607 1298 818 1355 conficto,
839 1298 1049 1355 conficto,
1069 1298 1183 1355 dico,
1202 1299 1247 1345 in
1266 1317 1406 1356 croce,
1425 1317 1517 1346 non
1533 1317 1614 1360 per
1628 1317 1708 1347 suo
1724 1314 1908 1360 peccato
1924 1317 1997 1348 ma

180 1385 262 1428 per
289 1366 452 1414 salvare
484 1366 512 1413 il
542 1385 670 1414 servo
699 1385 792 1414 suo.
826 1370 883 1414 Su
915 1367 1132 1428 adunque,
1164 1368 1462 1425 amantissimi,
1493 1367 1570 1429 piu
1600 1386 1692 1415 non
1723 1367 1991 1430 indugiamo,

182 1435 391 1483 andiamo
412 1435 525 1482 nella
543 1435 639 1483 luce
659 1450 830 1485 mentre
851 1435 930 1483 che
951 1435 978 1482 il
999 1451 1151 1497 tempo
1172 1436 1389 1493 abbiamo,
1412 1436 1785 1498 apprehendiamo
1805 1437 1847 1485 la
1863 1437 1995 1485 beati·

182 1503 335 1551 tudine
356 1503 436 1551 che
455 1522 478 1551 a
497 1505 573 1551 noi
594 1504 631 1551 el
652 1519 806 1551 nostro
824 1505 1004 1564 Signore
1023 1523 1103 1565 per
1119 1508 1203 1552 San
1222 1509 1337 1552 Luca
1355 1505 1579 1561 dimostra‚
1600 1505 1801 1553 dicendo:
1824 1509 1995 1553 ‘Beatus

180 1590 329 1619 servus
352 1590 484 1633 quem
507 1590 608 1619 cum
630 1573 799 1620 venerit
820 1573 1057 1630 Dominus,
1083 1574 1298 1620 invenerit
1319 1567 1623 1634 vigilantem.'b
1644 1574 1770 1631 Dice,
1793 1575 1993 1622 amantis-

180 1641 294 1697 simi,
320 1641 451 1688 beato
473 1640 494 1688 ὲ
517 1640 544 1687 il
566 1659 694 1688 servo
717 1640 745 1687 il
769 1641 893 1702 quale
915 1641 943 1687 il
964 1642 1144 1701 Signore
1168 1641 1345 1702 quando
1366 1642 1491 1689 viene
1513 1641 1558 1689 lo
1580 1656 1738 1689 truova
1756 1642 1991 1703 vigilante.’

182 1708 474 1756 Humiliamci
499 1727 522 1756 a
543 1709 659 1756 colui
681 1727 761 1770 per
780 1709 916 1757 salute
938 1724 1100 1766 nostra,
1125 1709 1162 1757 el
1185 1710 1309 1771 quale
1331 1710 1389 1757 s'e
1412 1710 1654 1758 medesimo
1676 1728 1756 1771 per
1776 1711 1852 1758 noi
1875 1710 1993 1758 facto

181 1777 448 1824 obbediente
473 1777 617 1824 infino
643 1777 723 1824 alla
746 1792 903 1825 morte:
932 1778 1013 1825 alla
1035 1793 1192 1835 morte,
1218 1778 1331 1835 dico,
1357 1778 1469 1826 della
1489 1797 1630 1835 croce,
1654 1778 1774 1826 accio
1798 1778 1878 1826 che
1902 1778 1992 1827 cosi

181 1844 395 1892 faccendo
429 1863 451 1892 e
488 1845 526 1892 le
563 1860 711 1892 nostre
750 1845 936 1906 iniquita
970 1846 1252 1907 expurgando
1290 1846 1359 1894 nel
1396 1846 1439 1894 di
1474 1847 1715 1894 novissimo
1755 1847 1989 1894 meritiam'

181 1913 365 1961 d'essere
382 1913 497 1961 nella
513 1928 663 1961 eterna
674 1914 812 1974 gloria
829 1915 1091 1962 risu‹s›citati
1107 1932 1187 1976 per
1201 1914 1376 1963 infinita
1388 1915 1531 1962 secula
1544 1914 1805 1967 seculorum.
1827 1919 1987 1963 Amen.

179 1983 310 2029 Finis.

257 3163 270 3177 ²
287 3159 419 3197 Matth.
441 3163 550 3197 11:28.

257 3210 272 3235 b
291 3219 490 3254 Luc.12:43.
511 3216 554 3254 cf.
574 3216 821 3254 Matth.24:44.
