2124 3464
119 164 349 198 PRIVATE
376 163 605 197 LETTERS
1869 153 1927 193 47

118 320 168 349 so
203 301 230 348 il
267 302 486 361 maggiore
522 300 692 347 honore
726 299 783 359 gli
816 299 1038 359 possiamo
1075 297 1164 345 fare
1197 297 1219 345 ὲ
1252 297 1291 344 13
1324 312 1471 344 vostra
1501 297 1732 357 presentia.
1768 301 1936 343 Messer

119 370 325 417 Antonio
351 361 624 416 Cincinellob
649 366 825 427 albergo
849 384 872 414 a
893 370 978 414 San
1001 367 1229 413 Casciano.
1254 365 1356 412 Sara
1377 366 1451 426 qui
1473 379 1682 412 stamane.
1708 369 1748 411 A
1772 365 1846 412 voi
1871 365 1933 411 mi

119 437 429 485 raccomando.
448 441 512 483 Ex
530 435 697 483 Palatio
713 436 758 482 in
777 434 919 482 fretta.
937 435 1023 482 Die
1040 439 1065 481 6
1080 434 1304 481 Februarii
1325 438 1444 481 1476.
1464 433 1802 480 Bartholomeus
1820 433 1940 480 Scala

119 505 430 553 Cancellarius.

1001 646 1054 686 57

549 717 627 756 ΤΟ
650 716 930 756 LORENZO
953 716 1043 754 DE’
1064 716 1276 755 MEDICI
1297 717 1363 755 IN
1383 716 1507 754 PISA

751 783 977 830 Florence,
998 786 1049 823 22
1071 786 1173 835 May
1195 786 1301 822 1477

201 880 315 919 MAP
349 881 494 927 34‚131.
531 877 717 930 Original.
751 876 990 930 Autograph.
1031 879 1147 918 Verso:
1182 875 1401 929 ‘Magnifico
1437 876 1533 916 Viro
1566 876 1770 916 Laurentio
1805 875 1851 916 de

201 935 361 976 Medicis
381 936 481 988 patri
500 950 601 975 meo.
622 935 724 983 Pisis,
746 936 829 974 etc.'
850 933 965 974 Recd.
986 937 1030 974 23
1050 936 1144 986 May
1167 937 1270 974 1477.
1289 932 1402 981 Scala,
1424 936 1468 973 73
1489 935 1578 981 [50].

117 1039 356 1100 Magnifice
376 1054 503 1100 pater
520 1040 594 1086 mi.
619 1042 722 1086 Con
744 1053 895 1099 questa
913 1039 957 1084 vi
978 1037 1143 1085 mando
1166 1038 1291 1099 copie
1313 1037 1358 1085 di
1377 1037 1530 1085 lettere
1549 1036 1593 1084 di
1612 1041 1781 1084 Messer
1799 1039 1934 1084 Tom-

118 1126 255 1165 maso,
281 1122 322 1155 et
346 1107 390 1155 di
410 1112 437 1154 2
461 1108 586 1169 copie
610 1125 723 1155 sono
749 1125 773 1154 a
794 1106 834 1154 13
855 1125 931 1154 sua
953 1106 1008 1154 da
1029 1110 1230 1163 Genova,
1254 1121 1296 1154 et
1318 1105 1358 1154 la
1379 1105 1534 1153 lettera
1555 1105 1760 1167 risponde
1785 1123 1809 1153 a
1831 1113 1935 1153 me.³

116 1181 165 1223 E'
189 1176 391 1224 cittadini
412 1176 563 1224 hanno
586 1176 844 1237 consigliato
866 1177 901 1223 si
924 1175 1032 1223 faeci
1053 1190 1203 1237 questa
1223 1175 1380 1223 ultima
1399 1193 1540 1236 prova
1562 1189 1604 1222 et
1625 1174 1705 1222 che
1726 1175 1761 1222 si
1785 1174 1936 1222 mandi

117 1260 274 1307 questo
294 1245 519 1301 mandato,
540 1245 567 1291 il
589 1244 714 1306 quale
736 1244 926 1292 mettero
945 1262 968 1291 a
987 1244 1141 1291 ordine
1161 1259 1203 1291 et
1223 1243 1437 1291 mandero
1455 1262 1542 1291 con
1562 1262 1667 1304 epso
1686 1261 1779 1290 uno
1799 1243 1935 1290 caval-

116 1314 211 1362 laro
234 1329 276 1361 et
298 1313 577 1361 manderollo
602 1313 656 1361 da
678 1314 766 1370 voi,
790 1331 833 1360 se
856 1311 1032 1360 volestil
1056 1314 1255 1360 scrivere.
1279 1312 1329 1359 El
1355 1330 1399 1359 re
1423 1312 1467 1359 di
1489 1313 1671 1359 Francia
1692 1313 1830 1359 scrive
1854 1311 1936 1359 alla

115 1383 315 1443 Signoria
342 1397 384 1429 et
412 1382 639 1429 riferiscesi
665 1400 688 1429 a
713 1381 862 1442 quello
887 1381 980 1428 sara
1007 1381 1137 1428 decto
1159 1399 1239 1442 per
1262 1382 1336 1428 voi
1364 1395 1406 1428 et
1432 1380 1519 1428 favi
1546 1380 1716 1428 honore
1743 1380 1933 1441 grandis-

115 1445 265 1498 simo.b
296 1450 528 1498 Giulianoc
555 1450 610 1497 ha
637 1450 742 1497 dato
768 1451 927 1497 notitia
953 1449 997 1497 di
1022 1449 1170 1511 quello
1197 1450 1334 1497 scrive
1361 1467 1522 1497 ancora
1548 1467 1572 1496 a
1597 1450 1684 1496 voi.
1714 1453 1755 1495 A
1782 1448 1872 1496 fare
1896 1448 1938 1496 la

117 1520 303 1580 risposta
326 1519 459 1566 credo
480 1537 499 1566 s
503 1518 738 1579 'aspectera
756 1518 797 1565 la
818 1533 994 1566 tornata
1012 1533 1173 1574 vostra,
1194 1536 1237 1565 se
1261 1536 1353 1565 non
1374 1519 1629 1565 scriverrete
1650 1511 1800 1565 altro.d

202 1591 243 1633 A
268 1605 338 1634 me
362 1587 530 1634 andava
547 1605 628 1648 per
649 1586 677 1633 l’
682 1587 833 1634 animo
857 1586 901 1634 di
924 1586 1086 1634 dovere
1110 1586 1199 1634 fare
1218 1587 1348 1633 stima
1370 1587 1475 1633 assai
1498 1586 1543 1633 di
1564 1587 1706 1633 costui
1728 1604 1809 1647 per
1829 1587 1933 1646 ogni

117 1657 308 1717 rispecto
331 1670 373 1703 et
394 1657 624 1716 ingegnare
647 1655 691 1702 di
712 1673 902 1702 crescere
922 1655 963 1702 la
981 1655 1281 1702 benivolentia
1303 1656 1483 1731 antiqua
1502 1669 1671 1715 quanto
1691 1655 1726 1701 si
1746 1669 1933 1715 potesse3

117 1739 159 1771 et
187 1723 303 1771 forse
331 1742 424 1771 non
452 1723 632 1771 sarebbe
658 1723 735 1785 piu
766 1723 845 1771 che
873 1723 1021 1784 quello
1050 1723 1130 1771 che
1156 1724 1191 1771 si
1221 1724 1435 1771 conviene
1464 1722 1706 1770 ‹mandare›
1731 1741 1824 1770 uno
1855 1723 1932 1769 im-

115 1783 369 1840 basciadore
408 1792 452 1839 di
490 1793 768 1853 reputatione
808 1791 890 1839 alla
925 1791 1112 1839 Maiesta
1147 1799 1253 1839 sua.e
1292 1792 1516 1839 Pensateci
1551 1792 1639 1848 voi,
1680 1809 1807 1838 corne
1848 1790 1934 1838 fate

116 1860 298 1908 all'altre
317 1879 416 1908 cose
435 1875 597 1908 nostre.
620 1860 833 1908 Giuliano
851 1860 984 1908 credo
1002 1861 1046 1907 vi
1062 1859 1273 1908 scriverra
1288 1859 1365 1921 pisi
1385 1878 1409 1907 a
1426 1859 1573 1921 lungo.
1595 1859 1715 1907 Vale.
1737 1863 1801 1906 Ex
1821 1862 1934 1907 Can-

116 1929 301 1977 celleria.
324 1930 410 1977 Die
432 1934 486 1976 22
508 1930 618 1976 Maii
644 1934 763 1977 1477.
788 1929 1125 1976 Bartholomeus
1148 1929 1280 1976 Scala.

196 2461 211 2486 ¹³
229 2469 398 2506 Antonio
417 2468 608 2513 Cicinello,
626 2472 664 2506 N
667 2468 849 2518 eapolitan
865 2468 1091 2507 ambassador
1110 2470 1149 2506 in
1167 2468 1348 2514 Florence,
1369 2469 1450 2507 ibid.

197 2530 209 2545 ²
228 2528 293 2563 On
309 2525 372 2564 the
389 2525 506 2564 revolt
522 2525 564 2564 of
581 2528 710 2564 Genoa
725 2525 796 2564 and
811 2526 929 2564 threat
943 2538 983 2564 to
1003 2526 1210 2564 Florentine
1226 2527 1388 2564 interests
1405 2527 1445 2563 in
1460 2525 1523 2564 the
1542 2527 1748 2574 Lunigiana„
1766 2526 1936 2575 reported

115 2579 165 2627 by
183 2581 378 2617 Tommaso
399 2579 565 2617 Soderini
581 2594 615 2617 as
634 2579 842 2617 Florentine
858 2579 1084 2618 ambassador
1102 2581 1141 2617 in
1156 2579 1282 2624 Milan,
1299 2594 1356 2618 see
1374 2583 1551 2624 Lorenzo,
1568 2583 1707 2624 Latere,
1727 2583 1768 2624 H,
1786 2583 1933 2624 328-29,

116 2643 203 2669 note
220 2636 253 2676 4,
272 2635 420 2676 333—37,
440 2635 587 2670 345-57.

195 2683 211 2708 ¹³
226 2692 334 2729 Louis
350 2694 401 2728 XI
415 2690 485 2729 had
498 2703 577 2729 sent
592 2705 689 2729 news
704 2691 746 2729 of
756 2691 819 2729 the
832 2691 940 2730 death
953 2691 995 2730 of
1009 2691 1156 2730 Charles
1169 2691 1231 2730 the
1247 2691 1348 2736 Bold,
1361 2691 1458 2730 duke
1473 2691 1515 2730 of
1526 2691 1733 2740 Burgundy,
1749 2703 1784 2729 at
1797 2694 1930 2740 Nancy

115 2757 167 2780 on
184 2747 203 2780 5
216 2746 373 2792 January
393 2747 491 2788 14773
508 2743 571 2781 the
587 2745 750 2792 Signoria
766 2743 901 2793 replied
913 2756 953 2782 to
970 2744 1032 2782 the
1048 2744 1145 2793 king,
1163 2743 1320 2793 alluding
1335 2756 1375 2782 to
1392 2743 1446 2782 his
1461 2758 1614 2792 mdssage
1632 2756 1672 2782 to
1690 2747 1866 2788 Lorenzo,
1884 2758 1936 2781 on

115 2798 160 2833 30
179 2798 278 2844 May,
298 2795 352 2833 ed.
374 2797 630 2834 G.Canestrini
646 2796 718 2834 and
735 2796 999 2844 ADesjardins,
1019 2797 1254 2845 Nfgotiations
1271 2796 1533 2845 diplomatiques
1549 2796 1593 2834 de
1610 2796 1644 2834 la
1661 2799 1788 2834 france
1801 2810 1885 2834 avec
1902 2796 1935 2834 la

119 2849 274 2892 Toscane,
294 2851 318 2892 Ι,
338 2849 444 2892 Paris,
466 2851 564 2892 1859,
588 2851 732 2886 167-68.

197 2911 210 2925 ⁰
228 2906 401 2944 Giuliano
419 2906 475 2944 de'
494 2907 639 2951 Medici,
660 2910 855 2945 Lorenzo's
873 2907 1034 2945 brother.

195 2959 212 2984 ‘¹
233 2967 296 3002 See
316 2967 403 3002 ASF
427 2967 591 3003 1a.Canc.
614 2967 760 3003 Missive
783 2969 838 3010 49,
860 2965 924 3004 fol.
946 2970 1015 3003 29v
1037 2966 1179 3014 (cf.Min
1202 2970 1254 3010 10,
1276 2965 1340 3004 fol.
1361 2966 1472 3014 440r),
1494 2965 1644 3014 delayed
1665 2965 1759 3003 until
1780 2969 1821 3003 31
1845 2969 1932 3014 May

119 3020 217 3061 1477,
237 3017 343 3061 Scala,
363 3021 406 3055 73
425 3020 508 3063 [50].

197 3080 209 3095 ‘
236 3075 314 3113 The
339 3077 531 3124 Signoria’s
558 3076 671 3125 reply,
697 3076 836 3114 drafted
862 3077 911 3125 by
937 3077 1044 3121 Scala,
1071 3077 1226 3115 referred
1249 3089 1289 3115 to
1316 3077 1379 3115 the
1406 3078 1626 3115 ‘restauratio
1653 3077 1751 3115 urbis
1778 3088 1932 3120 nostrae,

116 3127 301 3176 quondam
319 3142 339 3166 a
355 3128 491 3166 Carolo
508 3127 611 3173 facta,
627 3128 712 3167 facit
727 3141 768 3167 ut
786 3128 977 3167 Gallorum
995 3132 1104 3178 Reges
1121 3141 1282 3167 auctor&
1301 3141 1336 3167 et
1352 3129 1450 3167 urbis
1466 3141 1501 3167 et
1516 3128 1646 3178 populi
1662 3130 1929 3172 existimemus,'

117 3180 553 3228 Canestrini-Desjardins‚
572 3181 817 3229 Ne'gotiations,
839 3193 926 3219 note
943 3181 980 3230 b)
999 3181 1124 3219 above.
