2072 3450
112 175 366 210 TEXTUAL
389 174 566 209 NOTES
1076 165 1134 206 V:
1163 166 1253 206 2-3
1821 166 1909 206 541

196 309 241 332 ²⁰⁷
253 313 352 349 Nam
367 341 375 348 .
389 341 398 348 .
414 341 422 348 .
435 324 590 360 quoque:
605 311 662 347 De
675 309 887 347 concubinis
899 309 997 346 enim
1011 306 1068 346 Μ’

196 361 578 401 2¹³'aunumusaom-
595 359 652 399 Μ’

196 414 241 437 ²⁰⁹
254 428 391 454 natura:
406 428 552 453 naturae
565 415 728 453 bonitate
741 412 795 452 Μ)

196 465 241 488 ²¹⁰
254 469 362 506 Enim
374 482 462 505 vero
473 478 557 505 ame
567 466 790 504 Alcidiadem
803 466 880 504 add.
897 463 953 503 Μ’

196 519 239 542 ²¹¹
253 522 412 558 missum:
429 521 675 558 transmissum
691 517 747 557 Μ’

196 570 240 594 ²¹²
253 572 497 611 crudelissimi:
514 572 707 610 avarissimi
722 569 776 609 Μ3

196 624 239 647 ²¹³
252 627 385 664 vitarit:
398 626 525 663 vitavit
537 622 593 663 Μ3

196 676 240 699 ²¹⁴
252 690 443 727 praeterea:
457 679 565 715 etiam
578 675 634 715 Μ’

195 729 239 752 ²¹⁵
253 733 312 769 ait:
327 744 452 769 auctor
465 743 516 768 est
530 728 586 768 Μ’

195 781 239 804 ²¹⁶
252 795 304 821 ut:
318 798 392 832 quo
407 780 463 820 Μ3

195 834 239 857 ²¹⁷
252 836 424 886 quaedam
441 866 449 874 .
463 866 472 874 .
487 866 495 874 .
508 836 677 874 dicamus:
694 850 838 885 quoque
852 835 1043 885 aliquando
1057 835 1214 873 dicamus
1230 835 1401 885 quaedam
1418 833 1471 872 Μ1

195 886 238 909 ²¹⁸
252 889 520 938 virginibusque
533 886 600 932 M³;
615 903 635 925 a
646 888 844 937 virginibus
857 902 925 937 pro
939 889 1112 925 matronis
1126 885 1169 925 L²

195 940 239 963 21⁹
250 957 333 992 ,que
347 957 414 980 om
431 939 487 980 Μ)

194 992 239 1015 m
251 1009 407 1044 quoque:
422 995 530 1032 etiam
543 991 601 1031 Μ)

194 1045 237 1068 ²²¹
251 1063 351 1097 quae:
367 1062 452 1097 quas
466 1049 565 1091 MSS,
580 1050 709 1085 correxi

194 1097 238 1120 ²²²
251 1099 338 1138 ferie
351 1130 359 1137 .
373 1130 382 1137 .
398 1130 406 1137 .
419 1112 687 1149 nuncupantur:
700 1100 919 1148 Caprotinae
932 1099 1156 1148 appellantur
1167 1096 1224 1136 Μ1

194 1151 237 1174 ²²³
251 1166 291 1191 ut
303 1165 386 1191 ame
398 1168 474 1190 non
486 1153 564 1190 add„
580 1150 636 1190 Μ)

194 1203 238 1226 ²²⁴
250 1205 473 1255 pudimrum:
488 1205 650 1254 pudiciae
665 1202 720 1242 M³

194 1256 237 1279 ²²⁵
250 1258 398 1296 fortasse
412 1273 478 1296 om.
495 1256 551 1295 Μ3

193 1308 238 1330 ²²⁶
251 1311 478 1359 impetratam
493 1340 501 1348 .
515 1340 523 1347 .
539 1340 548 1347 .
560 1311 688 1348 sentio:
703 1311 819 1347 sentio
833 1310 877 1347 ab
891 1310 959 1347 illis
973 1311 1198 1359 impetratam
1212 1311 1354 1347 veniam
1368 1307 1423 1347 Μ3

193 1361 237 1384 ²²⁷
251 1363 310 1401 illa
323 1378 390 1401 om.
407 1361 462 1401 Μ3

193 1413 236 1436 m
249 1428 370 1453 tamen
385 1430 451 1453 om.
468 1413 524 1453 Μ’

193 1466 237 1489 ²²⁹
250 1468 405 1506 auderet:
421 1481 508 1506 esset
523 1483 625 1506 ausus
640 1466 695 1506 Μ3

193 1518 238 1541 ²³⁰
249 1536 269 1558 e
282 1518 350 1565 M³;
364 1533 399 1558 et
412 1518 456 1558 L²

192 1572 235 1595 ²³¹
249 1575 357 1612 etiam
371 1574 614 1612 Hasdrubalis:
631 1573 725 1612 forte
738 1574 848 1612 Hasd.
864 1575 971 1612 etiam
984 1571 1041 1612 Μ1

192 1624 236 1647 ²³²
250 1626 369 1664 hostes
378 1638 455 1676 post
469 1629 654 1664 Romanos
666 1626 744 1664 add.
761 1624 815 1664 Μ3

192 1677 235 1700 ²³³
248 1681 480 1730 praecipitem
493 1680 631 1717 deiecit:
645 1681 890 1729 praecipitavit
902 1678 959 1717 Μ1

192 1730 238 1760 Ψ
248 1732 444 1770 Aristocles
457 1730 525 1776 M³;
539 1732 750 1770 Aristoteles
763 1730 807 1769 L²

192 1783 235 1806 ²³⁵
249 1786 332 1823 Eius
347 1798 477 1823 autern:
493 1786 607 1823 Cuius
622 1783 677 1822 Μ)

192 1835 235 1858 ²³⁶
248 1837 446 1886 paululum:
461 1837 610 1886 paulum
625 1835 681 1875 Μ’

191 1888 236 1911 ²³⁷
249 1891 286 1928 in
301 1888 368 1934 Μ’,
383 1905 450 1928 om.
466 1888 510 1928 L²

191 1940 235 1963 ²³⁸
248 1957 364 1991 supra:
380 1957 486 1991 super
499 1940 554 1980 Μ1

191 1993 236 2016 ²³⁹
248 1995 372 2033 saltare
386 2026 394 2033 .
410 2026 418 2033 .
432 2026 440 2033 .
455 1996 750 2045 indignationem:
765 2011 804 2033 ac
817 1997 1024 2045 sanguinem
1039 1997 1216 2034 iussissent
1231 1997 1365 2041 saltare,
1380 1997 1632 2046 aliquantisper
1645 1997 1733 2035 ficto
1746 1998 1850 2035 vultu

244 2047 341 2085 haud
353 2060 498 2085 ostenso
512 2047 639 2085 dolore
653 2045 708 2085 Μ3

191 2098 236 2121 ²⁴⁰
249 2102 286 2138 in
300 2113 451 2150 puteum
466 2099 532 2145 Μ’,
546 2116 613 2138 om.
630 2099 672 2138 L²

191 2150 233 2173 ²⁴¹
249 2154 319 2190 iam
329 2164 406 2202 post
418 2167 502 2190 cum
515 2153 592 2190 add.
609 2151 664 2190 Μ’

191 2203 234 2226 ²⁴²
248 2206 394 2255 gentiles
408 2236 416 2243 .
432 2237 440 2244 .
455 2236 463 2243 .
478 2206 668 2244 Hebraeas:
684 2219 826 2244 tantum
839 2207 985 2256 gentiles
999 2222 1088 2256 quos
1102 2220 1244 2251 vocant,
1258 2208 1319 2245 sed
1332 2208 1427 2257 apud
1441 2208 1620 2246 Hebraeas
1635 2223 1779 2258 quoque
1794 2206 1848 2246 M³

190 2255 234 2278 ²⁴³
247 2257 353 2295 fuisse
367 2258 581 2307 complures:
597 2258 725 2296 multas
740 2258 844 2296 fuisse
859 2256 915 2296 Μ3

190 2308 234 2331 ²⁴⁴
247 2310 421 2349 claruisse:
437 2311 638 2349 excelluisse
653 2309 709 2349 Μ’

190 2361 233 2384 ²⁴⁵
247 2365 332 2401 Hoc
345 2378 499 2413 quoque:
516 2366 670 2414 Hocque
685 2362 742 2402 Μ3

190 2414 233 2437 ²⁴⁶
246 2419 396 2455 musicas
407 2429 483 2467 post
496 2430 619 2467 poetas
631 2418 709 2455 add.
726 2416 780 2455 Μ)

189 2467 233 2489 ²⁴⁷
246 2484 455 2518 corporum:
471 2471 634 2519 corporis
647 2468 702 2507 Μ1

189 2520 232 2542 ²⁴⁸
246 2524 371 2560 omnia
384 2553 392 2560 .
408 2553 416 2560 .
431 2553 438 2560 .
453 2523 608 2561 silentio:
622 2523 765 2561 silentio
779 2536 907 2562 cuncta
919 2525 1100 2573 preteribo
1115 2522 1168 2562 Μ3

189 2572 233 2594 ²⁴⁹
246 2575 449 2612 Camillam:
465 2575 680 2624 Camyllam‚
697 2576 796 2613 nulla
808 2576 1075 2614 Semiramidem
1092 2574 1146 2614 Μ)

189 2625 234 2648 ²⁵⁰
246 2628 394 2665 nullam:
409 2629 631 2666 memorabo.
649 2631 739 2666 Non
754 2629 903 2667 referam
918 2627 972 2667 Μ3

189 2677 231 2699 ²⁵¹
246 2679 394 2717 nullam:
409 2695 485 2717 non
499 2678 556 2717 Μ)

188 2730 233 2753 ²⁵²
246 2732 383 2770 nullam
397 2763 405 2771 .
421 2764 429 2771 .
444 2763 452 2771 .
464 2735 631 2771 Dianam:
648 2749 723 2771 non
736 2735 892 2772 Dianam
906 2735 1051 2772 tandem
1066 2733 1121 2772 Μ3

189 2782 232 2805 ²⁵³
246 2785 458 2823 memorabo
473 2800 539 2823 om.
557 2783 613 2823 Μ)

189 2835 233 2858 ²⁵⁴
246 2853 335 2887 quae
349 2838 504 2876 dicerem
518 2854 585 2876 om.
602 2837 657 2876 M³

188 2887 232 2910 2⁵5
246 2904 353 2939 quem
368 2905 435 2927 m
452 2888 507 2927 Μ)

189 2940 233 2963 ²⁵⁶
246 2955 366 2980 autem
375 2955 452 2992 post
464 2944 643 2993 voluptati
653 2944 731 2981 add.
747 2942 803 2982 Μ3

189 2991 233 3014 ²⁵⁷
246 3009 322 3032 non
336 3024 344 3031 .
360 3024 368 3032 .
383 3024 391 3031 .
406 2994 582 3044 fugienda:
598 2995 813 3033 feminarum
828 2996 984 3045 legitima
997 2997 1120 3034 saltem
1135 2998 1300 3046 coniugia
1313 3011 1389 3034 non
1401 3012 1473 3035 esse
1487 2997 1653 3046 fugienda
1667 2996 1721 3035 Μ’

188 3044 232 3067 ²⁵⁸
246 3047 332 3084 Vale
347 3077 355 3084 .
370 3077 378 3085 .
393 3077 401 3084 .
415 3049 591 3086 Ianuarias
604 3063 671 3086 om.
687 3046 730 3086 L²

104 3101 140 3136 3.
191 3096 202 3118 ¹
216 3100 393 3137 venirent:
405 3101 544 3137 veniret
567 3102 631 3138 MS

188 3149 335 3201 ²quam:
351 3167 459 3202 quem
473 3155 537 3191 MS
