<?xml version="1.0" encoding="UTF-8"?>
<!DOCTYPE html PUBLIC "-//W3C//DTD XHTML 1.0 Transitional//EN"
    "http://www.w3.org/TR/xhtml1/DTD/xhtml1-transitional.dtd">
<html xmlns="http://www.w3.org/1999/xhtml" xml:lang="en" lang="en">
 <head>
  <title>
</title>
<meta http-equiv="Content-Type" content="text/html;charset=utf-8" />
  <meta name='ocr-system' content='tesseract 3.04.00' />
  <meta name='ocr-capabilities' content='ocr_page ocr_carea ocr_par ocr_line ocrx_word'/>
</head>
<body>
  <div class='ocr_page' id='page_1' title='image "bartolomeoscalah00scaluoft_0052.png"; bbox 0 0 2106 3444; ppageno 0'>
   <div class='ocr_carea' id='block_1_1' title="bbox 173 152 1980 192">
    <p class='ocr_par' dir='ltr' id='par_1_1' title="bbox 173 152 1980 192">
     <span class='ocr_line' id='line_1_1' title="bbox 173 152 1980 192; baseline -0.001 0"><span class='ocrx_word' id='word_1_1' title='bbox 173 152 226 192; x_wconf 81' lang='lat'><strong>12</strong></span> <span class='ocrx_word' id='word_1_2' title='bbox 1802 157 1941 191; x_wconf 90' lang='lat' dir='ltr'>PART</span> <span class='ocrx_word' id='word_1_3' title='bbox 1966 158 1980 192; x_wconf 93' lang='lat'><strong>1</strong></span> 
     </span>
    </p>
   </div>
   <div class='ocr_carea' id='block_1_2' title="bbox 613 301 1519 486">
    <p class='ocr_par' dir='ltr' id='par_1_2' title="bbox 613 301 1519 486">
     <span class='ocr_line' id='line_1_2' title="bbox 1056 301 1105 342; baseline 0.02 -1"><span class='ocrx_word' id='word_1_4' title='bbox 1056 301 1105 342; x_wconf 89' lang='grc'><strong>15</strong></span> 
     </span>
     <span class='ocr_line' id='line_1_3' title="bbox 613 371 1519 411; baseline -0.001 0"><span class='ocrx_word' id='word_1_5' title='bbox 613 386 617 391; x_wconf 94' lang='grc'><em>·</em></span> <span class='ocrx_word' id='word_1_6' title='bbox 637 371 714 411; x_wconf 88' lang='grc' dir='ltr'><strong>ΤΟ</strong></span> <span class='ocrx_word' id='word_1_7' title='bbox 736 372 1064 411; x_wconf 90' lang='lat' dir='ltr'><strong>NICODEMO</strong></span> <span class='ocrx_word' id='word_1_8' title='bbox 1087 371 1519 411; x_wconf 81' lang='lat' dir='ltr'>TRANCHEDINP</span> 
     </span>
     <span class='ocr_line' id='line_1_4' title="bbox 769 439 1389 486; baseline 0 -7"><span class='ocrx_word' id='word_1_9' title='bbox 769 439 994 486; x_wconf 87' lang='lat' dir='ltr'><strong>Florence,</strong></span> <span class='ocrx_word' id='word_1_10' title='bbox 1016 443 1038 479; x_wconf 88' lang='lat'><strong>5</strong></span> <span class='ocrx_word' id='word_1_11' title='bbox 1063 439 1259 479; x_wconf 90' lang='lat' dir='ltr'>October</span> <span class='ocrx_word' id='word_1_12' title='bbox 1284 442 1389 479; x_wconf 86' lang='grc'>1464</span> 
     </span>
    </p>
   </div>
   <div class='ocr_carea' id='block_1_3' title="bbox 859 531 1298 586">
    <p class='ocr_par' dir='ltr' id='par_1_3' title="bbox 859 531 1298 586">
     <span class='ocr_line' id='line_1_5' title="bbox 859 531 1298 586; baseline 0.002 -14"><span class='ocrx_word' id='word_1_13' title='bbox 859 531 933 581; x_wconf 69' lang='grc' dir='ltr'><strong>ΚΡ,</strong></span> <span class='ocrx_word' id='word_1_14' title='bbox 954 532 1021 573; x_wconf 84' lang='lat' dir='ltr'><strong>fol.</strong></span> <span class='ocrx_word' id='word_1_15' title='bbox 1045 536 1149 573; x_wconf 87' lang='lat' dir='ltr'><strong>108v.</strong></span> <span class='ocrx_word' id='word_1_16' title='bbox 1171 535 1298 586; x_wconf 89' lang='lat' dir='ltr'><strong>Copy.</strong></span> 
     </span>
    </p>
   </div>
   <div class='ocr_carea' id='block_1_4' title="bbox 166 637 1987 1315">
    <p class='ocr_par' dir='ltr' id='par_1_4' title="bbox 166 637 1987 1315">
     <span class='ocr_line' id='line_1_6' title="bbox 170 637 1983 686; baseline 0 0"><span class='ocrx_word' id='word_1_17' title='bbox 170 638 510 686; x_wconf 87' lang='lat' dir='ltr'><strong>Bartholomeus</strong></span> <span class='ocrx_word' id='word_1_18' title='bbox 534 637 654 685; x_wconf 91' lang='lat' dir='ltr'><strong>Scala</strong></span> <span class='ocrx_word' id='word_1_19' title='bbox 674 637 931 685; x_wconf 90' lang='lat' dir='ltr'><strong>Nicodemo</strong></span> <span class='ocrx_word' id='word_1_20' title='bbox 953 637 1264 685; x_wconf 89' lang='lat' dir='ltr'><strong>Tranchedino</strong></span> <span class='ocrx_word' id='word_1_21' title='bbox 1285 637 1482 685; x_wconf 92' lang='lat' dir='ltr'><strong>salutem.</strong></span> <span class='ocrx_word' id='word_1_22' title='bbox 1508 638 1763 685; x_wconf 88' lang='lat' dir='ltr'><strong>Existimavi</strong></span> <span class='ocrx_word' id='word_1_23' title='bbox 1788 637 1919 686; x_wconf 92' lang='lat' dir='ltr'><strong>hodie</strong></span> <span class='ocrx_word' id='word_1_24' title='bbox 1941 653 1983 686; x_wconf 91' lang='lat' dir='ltr'><strong>te</strong></span> 
     </span>
     <span class='ocr_line' id='line_1_7' title="bbox 169 706 1983 768; baseline 0 -14"><span class='ocrx_word' id='word_1_25' title='bbox 169 709 307 755; x_wconf 89' lang='lat' dir='ltr'><strong>visere</strong></span> <span class='ocrx_word' id='word_1_26' title='bbox 325 708 472 768; x_wconf 92' lang='lat' dir='ltr'><strong>sicque</strong></span> <span class='ocrx_word' id='word_1_27' title='bbox 490 706 713 767; x_wconf 88' lang='lat' dir='ltr'>pollicitus</span> <span class='ocrx_word' id='word_1_28' title='bbox 733 707 865 754; x_wconf 92' lang='lat' dir='ltr'><strong>etiam</strong></span> <span class='ocrx_word' id='word_1_29' title='bbox 886 706 1053 753; x_wconf 87' lang='lat' dir='ltr'><strong>fueram</strong></span> <span class='ocrx_word' id='word_1_30' title='bbox 1072 706 1243 753; x_wconf 93' lang='lat' dir='ltr'><strong>duobus</strong></span> <span class='ocrx_word' id='word_1_31' title='bbox 1263 707 1348 753; x_wconf 92' lang='lat' dir='ltr'><strong>tuis</strong></span> <span class='ocrx_word' id='word_1_32' title='bbox 1367 707 1550 762; x_wconf 91' lang='lat' dir='ltr'><strong>nunciis,</strong></span> <span class='ocrx_word' id='word_1_33' title='bbox 1573 707 1648 767; x_wconf 93' lang='lat' dir='ltr'><strong>qui</strong></span> <span class='ocrx_word' id='word_1_34' title='bbox 1666 706 1853 754; x_wconf 84' lang='lat' dir='ltr'><strong>Guelfos</strong></span> <span class='ocrx_word' id='word_1_35' title='bbox 1871 725 1895 754; x_wconf 89' lang='lat' dir='ltr'><strong>a</strong></span> <span class='ocrx_word' id='word_1_36' title='bbox 1913 724 1983 754; x_wconf 90' lang='lat' dir='ltr'><strong>me</strong></span> 
     </span>
     <span class='ocr_line' id='line_1_8' title="bbox 168 774 1984 836; baseline 0 -14"><span class='ocrx_word' id='word_1_37' title='bbox 168 777 400 836; x_wconf 85' lang='lat' dir='ltr'><strong>pincernas</strong></span> <span class='ocrx_word' id='word_1_38' title='bbox 425 790 505 822; x_wconf 91' lang='lat' dir='ltr'><strong>tuo</strong></span> <span class='ocrx_word' id='word_1_39' title='bbox 529 775 710 821; x_wconf 92' lang='lat' dir='ltr'><strong>nomine</strong></span> <span class='ocrx_word' id='word_1_40' title='bbox 737 774 1049 834; x_wconf 87' lang='lat' dir='ltr'><strong>afflagitabant.</strong></span> <span class='ocrx_word' id='word_1_41' title='bbox 1073 775 1305 821; x_wconf 90' lang='lat' dir='ltr'><strong>Pincernas</strong></span> <span class='ocrx_word' id='word_1_42' title='bbox 1327 774 1505 835; x_wconf 90' lang='lat' dir='ltr'><strong>quidem</strong></span> <span class='ocrx_word' id='word_1_43' title='bbox 1530 774 1707 821; x_wconf 83' lang='lat' dir='ltr'>habebis</span> <span class='ocrx_word' id='word_1_44' title='bbox 1731 789 1840 835; x_wconf 90' lang='lat' dir='ltr'><strong>quot</strong></span> <span class='ocrx_word' id='word_1_45' title='bbox 1862 774 1984 822; x_wconf 89' lang='lat' dir='ltr'><strong>voles</strong></span> 
     </span>
     <span class='ocr_line' id='line_1_9' title="bbox 170 842 1984 903; baseline 0 -13"><span class='ocrx_word' id='word_1_46' title='bbox 170 858 212 890; x_wconf 92' lang='lat' dir='ltr'><strong>et</strong></span> <span class='ocrx_word' id='word_1_47' title='bbox 235 843 310 890; x_wconf 93' lang='lat' dir='ltr'><strong>ubi</strong></span> <span class='ocrx_word' id='word_1_48' title='bbox 334 842 468 890; x_wconf 89' lang='lat' dir='ltr'><strong>voles.</strong></span> <span class='ocrx_word' id='word_1_49' title='bbox 496 847 549 890; x_wconf 89' lang='lat' dir='ltr'><strong>Et</strong></span> <span class='ocrx_word' id='word_1_50' title='bbox 575 842 646 889; x_wconf 94' lang='lat' dir='ltr'><strong>hic</strong></span> <span class='ocrx_word' id='word_1_51' title='bbox 667 842 958 903; x_wconf 91' lang='lat' dir='ltr'><strong>Montelupus</strong></span> <span class='ocrx_word' id='word_1_52' title='bbox 985 860 1117 903; x_wconf 90' lang='lat' dir='ltr'><strong>quem</strong></span> <span class='ocrx_word' id='word_1_53' title='bbox 1141 842 1195 889; x_wconf 89' lang='lat' dir='ltr'><strong>ad</strong></span> <span class='ocrx_word' id='word_1_54' title='bbox 1216 856 1258 889; x_wconf 93' lang='lat' dir='ltr'><strong>te</strong></span> <span class='ocrx_word' id='word_1_55' title='bbox 1281 860 1382 889; x_wconf 93' lang='lat' dir='ltr'><strong>cum</strong></span> <span class='ocrx_word' id='word_1_56' title='bbox 1408 842 1473 889; x_wconf 92' lang='lat' dir='ltr'><strong>his</strong></span> <span class='ocrx_word' id='word_1_57' title='bbox 1497 842 1652 889; x_wconf 91' lang='lat' dir='ltr'><strong>litteris</strong></span> <span class='ocrx_word' id='word_1_58' title='bbox 1675 843 1822 899; x_wconf 90' lang='lat' dir='ltr'><strong>mitto,</strong></span> <span class='ocrx_word' id='word_1_59' title='bbox 1847 843 1917 890; x_wconf 91' lang='lat' dir='ltr'><strong>cui</strong></span> <span class='ocrx_word' id='word_1_60' title='bbox 1942 857 1984 890; x_wconf 95' lang='lat' dir='ltr'><strong>et</strong></span> 
     </span>
     <span class='ocr_line' id='line_1_10' title="bbox 170 909 1982 972; baseline -0.001 -13"><span class='ocrx_word' id='word_1_61' title='bbox 170 913 262 959; x_wconf 91' lang='lat' dir='ltr'><strong>iure</strong></span> <span class='ocrx_word' id='word_1_62' title='bbox 284 910 465 972; x_wconf 91' lang='lat' dir='ltr'><strong>quidem</strong></span> <span class='ocrx_word' id='word_1_63' title='bbox 484 911 546 957; x_wconf 94' lang='lat' dir='ltr'><strong>‹in</strong></span> <span class='ocrx_word' id='word_1_64' title='bbox 569 929 630 958; x_wconf 85' lang='lat' dir='ltr'><strong>re&gt;</strong></span> <span class='ocrx_word' id='word_1_65' title='bbox 650 911 905 971; x_wconf 89' lang='lat' dir='ltr'><strong>coquinaria</strong></span> <span class='ocrx_word' id='word_1_66' title='bbox 922 911 1220 971; x_wconf 80' lang='lat' dir='ltr'><strong>principatum</strong></span> <span class='ocrx_word' id='word_1_67' title='bbox 1243 909 1459 967; x_wconf 89' lang='lat' dir='ltr'><strong>deferunt,</strong></span> <span class='ocrx_word' id='word_1_68' title='bbox 1481 910 1535 958; x_wconf 92' lang='lat' dir='ltr'><strong>ad</strong></span> <span class='ocrx_word' id='word_1_69' title='bbox 1551 925 1593 958; x_wconf 94' lang='lat' dir='ltr'><strong>te</strong></span> <span class='ocrx_word' id='word_1_70' title='bbox 1612 911 1733 958; x_wconf 85' lang='lat' dir='ltr'><strong>venit</strong></span> <span class='ocrx_word' id='word_1_71' title='bbox 1752 925 1800 959; x_wconf 93' lang='lat' dir='ltr'><strong>ut</strong></span> <span class='ocrx_word' id='word_1_72' title='bbox 1821 910 1903 958; x_wconf 91' lang='lat' dir='ltr'><strong>tibi</strong></span> <span class='ocrx_word' id='word_1_73' title='bbox 1921 911 1982 958; x_wconf 92' lang='lat' dir='ltr'><strong>in-</strong></span> 
     </span>
     <span class='ocr_line' id='line_1_11' title="bbox 168 978 1987 1040; baseline -0.001 -12"><span class='ocrx_word' id='word_1_74' title='bbox 168 981 340 1028; x_wconf 86' lang='lat' dir='ltr'><strong>serviat.</strong></span> <span class='ocrx_word' id='word_1_75' title='bbox 360 984 499 1027; x_wconf 92' lang='lat' dir='ltr'><strong>Utere</strong></span> <span class='ocrx_word' id='word_1_76' title='bbox 519 980 609 1026; x_wconf 90' lang='lat' dir='ltr'><strong>eius</strong></span> <span class='ocrx_word' id='word_1_77' title='bbox 628 997 773 1040; x_wconf 91' lang='lat' dir='ltr'><strong>opera:</strong></span> <span class='ocrx_word' id='word_1_78' title='bbox 796 994 857 1026; x_wconf 93' lang='lat' dir='ltr'><strong>est</strong></span> <span class='ocrx_word' id='word_1_79' title='bbox 876 979 994 1026; x_wconf 93' lang='lat' dir='ltr'><strong>enim</strong></span> <span class='ocrx_word' id='word_1_80' title='bbox 1015 994 1056 1026; x_wconf 94' lang='lat' dir='ltr'><strong>et</strong></span> <span class='ocrx_word' id='word_1_81' title='bbox 1074 978 1330 1040; x_wconf 84' lang='lat' dir='ltr'><strong>magnificus</strong></span> <span class='ocrx_word' id='word_1_82' title='bbox 1351 993 1392 1026; x_wconf 93' lang='lat' dir='ltr'><strong>et</strong></span> <span class='ocrx_word' id='word_1_83' title='bbox 1409 978 1564 1036; x_wconf 89' lang='lat' dir='ltr'><strong>lautus,</strong></span> <span class='ocrx_word' id='word_1_84' title='bbox 1584 997 1693 1040; x_wconf 91' lang='lat' dir='ltr'><strong>quae</strong></span> <span class='ocrx_word' id='word_1_85' title='bbox 1712 979 1820 1027; x_wconf 89' lang='lat' dir='ltr'>duae</span> <span class='ocrx_word' id='word_1_86' title='bbox 1839 997 1905 1027; x_wconf 90' lang='lat' dir='ltr'><strong>res</strong></span> <span class='ocrx_word' id='word_1_87' title='bbox 1921 997 1987 1027; x_wconf 94' lang='lat' dir='ltr'><strong>so-</strong></span> 
     </span>
     <span class='ocr_line' id='line_1_12' title="bbox 168 1042 1984 1109; baseline -0.001 -13"><span class='ocrx_word' id='word_1_88' title='bbox 168 1049 260 1096; x_wconf 88' lang='lat' dir='ltr'>lent</span> <span class='ocrx_word' id='word_1_89' title='bbox 284 1048 396 1096; x_wconf 86' lang='lat' dir='ltr'><strong>ferre</strong></span> <span class='ocrx_word' id='word_1_90' title='bbox 418 1066 552 1095; x_wconf 92' lang='lat' dir='ltr'><strong>omne</strong></span> <span class='ocrx_word' id='word_1_91' title='bbox 573 1062 806 1109; x_wconf 89' lang='lat' dir='ltr'><strong>punctum,</strong></span> <span class='ocrx_word' id='word_1_92' title='bbox 830 1062 878 1095; x_wconf 93' lang='lat' dir='ltr'><strong>ut</strong></span> <span class='ocrx_word' id='word_1_93' title='bbox 901 1048 959 1095; x_wconf 90' lang='lat' dir='ltr'><strong>ait</strong></span> <span class='ocrx_word' id='word_1_94' title='bbox 980 1042 1200 1104; x_wconf 87' lang='lat' dir='ltr'><strong>Oracius,b</strong></span> <span class='ocrx_word' id='word_1_95' title='bbox 1226 1048 1271 1094; x_wconf 93' lang='lat' dir='ltr'><strong>in</strong></span> <span class='ocrx_word' id='word_1_96' title='bbox 1294 1048 1519 1095; x_wconf 87' lang='lat' dir='ltr'><strong>conviviis.</strong></span> <span class='ocrx_word' id='word_1_97' title='bbox 1545 1047 1661 1095; x_wconf 93' lang='lat' dir='ltr'><strong>Mihi</strong></span> <span class='ocrx_word' id='word_1_98' title='bbox 1682 1062 1828 1096; x_wconf 87' lang='lat' dir='ltr'><strong>autern</strong></span> <span class='ocrx_word' id='word_1_99' title='bbox 1850 1047 1984 1096; x_wconf 91' lang='lat' dir='ltr'><strong>velim</strong></span> 
     </span>
     <span class='ocr_line' id='line_1_13' title="bbox 170 1116 1986 1178; baseline 0.001 -14"><span class='ocrx_word' id='word_1_100' title='bbox 170 1117 244 1165; x_wconf 91' lang='lat' dir='ltr'><strong>des</strong></span> <span class='ocrx_word' id='word_1_101' title='bbox 264 1118 439 1164; x_wconf 92' lang='lat' dir='ltr'><strong>veniam</strong></span> <span class='ocrx_word' id='word_1_102' title='bbox 461 1118 496 1164; x_wconf 91' lang='lat' dir='ltr'><strong>si</strong></span> <span class='ocrx_word' id='word_1_103' title='bbox 520 1116 574 1164; x_wconf 91' lang='lat' dir='ltr'><strong>ad</strong></span> <span class='ocrx_word' id='word_1_104' title='bbox 592 1131 649 1173; x_wconf 93' lang='lat' dir='ltr'><strong>te,</strong></span> <span class='ocrx_word' id='word_1_105' title='bbox 673 1116 1036 1178; x_wconf 86' lang='lat' dir='ltr'><strong>occupationibus</strong></span> <span class='ocrx_word' id='word_1_106' title='bbox 1062 1117 1168 1164; x_wconf 90' lang='lat' dir='ltr'><strong>meis</strong></span> <span class='ocrx_word' id='word_1_107' title='bbox 1191 1116 1406 1173; x_wconf 90' lang='lat' dir='ltr'><strong>detentus,</strong></span> <span class='ocrx_word' id='word_1_108' title='bbox 1428 1135 1520 1164; x_wconf 92' lang='lat' dir='ltr'><strong>non</strong></span> <span class='ocrx_word' id='word_1_109' title='bbox 1543 1117 1699 1164; x_wconf 88' lang='lat' dir='ltr'><strong>accessi</strong></span> <span class='ocrx_word' id='word_1_110' title='bbox 1719 1131 1767 1164; x_wconf 93' lang='lat' dir='ltr'><strong>ut</strong></span> <span class='ocrx_word' id='word_1_111' title='bbox 1789 1116 1921 1165; x_wconf 93' lang='lat' dir='ltr'><strong>debui</strong></span> <span class='ocrx_word' id='word_1_112' title='bbox 1944 1131 1986 1165; x_wconf 93' lang='lat' dir='ltr'><strong>et</strong></span> 
     </span>
     <span class='ocr_line' id='line_1_14' title="bbox 166 1185 1985 1248; baseline 0.001 -15"><span class='ocrx_word' id='word_1_113' title='bbox 166 1187 367 1248; x_wconf 88' lang='lat' dir='ltr'><strong>promisi,</strong></span> <span class='ocrx_word' id='word_1_114' title='bbox 391 1186 649 1247; x_wconf 91' lang='lat' dir='ltr'><strong>praesertim</strong></span> <span class='ocrx_word' id='word_1_115' title='bbox 669 1186 704 1233; x_wconf 90' lang='lat' dir='ltr'><strong>si</strong></span> <span class='ocrx_word' id='word_1_116' title='bbox 726 1185 770 1233; x_wconf 91' lang='lat' dir='ltr'><strong>id</strong></span> <span class='ocrx_word' id='word_1_117' title='bbox 791 1185 912 1246; x_wconf 92' lang='lat' dir='ltr'><strong>quod</strong></span> <span class='ocrx_word' id='word_1_118' title='bbox 932 1185 1109 1233; x_wconf 83' lang='lat' dir='ltr'><strong>volebas</strong></span> <span class='ocrx_word' id='word_1_119' title='bbox 1130 1185 1295 1233; x_wconf 88' lang='lat' dir='ltr'><strong>factum</strong></span> <span class='ocrx_word' id='word_1_120' title='bbox 1315 1200 1390 1233; x_wconf 91' lang='lat' dir='ltr'><strong>est.</strong></span> <span class='ocrx_word' id='word_1_121' title='bbox 1413 1190 1528 1233; x_wconf 91' lang='lat' dir='ltr'><strong>Bene</strong></span> <span class='ocrx_word' id='word_1_122' title='bbox 1549 1200 1590 1233; x_wconf 90' lang='lat' dir='ltr'><strong>et</strong></span> <span class='ocrx_word' id='word_1_123' title='bbox 1609 1185 1792 1247; x_wconf 87' lang='lat' dir='ltr'><strong>longum</strong></span> <span class='ocrx_word' id='word_1_124' title='bbox 1814 1185 1923 1243; x_wconf 91' lang='lat' dir='ltr'><strong>vale,</strong></span> <span class='ocrx_word' id='word_1_125' title='bbox 1943 1200 1985 1234; x_wconf 92' lang='lat' dir='ltr'><strong>et</strong></span> 
     </span>
     <span class='ocr_line' id='line_1_15' title="bbox 169 1253 1600 1315; baseline 0 -14"><span class='ocrx_word' id='word_1_126' title='bbox 169 1273 239 1302; x_wconf 92' lang='lat' dir='ltr'><strong>me</strong></span> <span class='ocrx_word' id='word_1_127' title='bbox 262 1254 344 1302; x_wconf 90' lang='lat' dir='ltr'><strong>tibi</strong></span> <span class='ocrx_word' id='word_1_128' title='bbox 366 1255 447 1315; x_wconf 89' lang='lat' dir='ltr'><strong>ipsi</strong></span> <span class='ocrx_word' id='word_1_129' title='bbox 471 1253 748 1301; x_wconf 90' lang='lat' dir='ltr'><strong>commenda.</strong></span> <span class='ocrx_word' id='word_1_130' title='bbox 773 1258 837 1300; x_wconf 88' lang='lat' dir='ltr'><strong>Ex</strong></span> <span class='ocrx_word' id='word_1_131' title='bbox 859 1254 1082 1301; x_wconf 89' lang='lat' dir='ltr'><strong>Florentia</strong></span> <span class='ocrx_word' id='word_1_132' title='bbox 1104 1254 1172 1301; x_wconf 91' lang='lat' dir='ltr'><strong>die</strong></span> <span class='ocrx_word' id='word_1_133' title='bbox 1194 1273 1223 1301; x_wconf 89' lang='lat' dir='ltr'>v</span> <span class='ocrx_word' id='word_1_134' title='bbox 1243 1254 1456 1301; x_wconf 90' lang='lat' dir='ltr'><strong>Octobris</strong></span> <span class='ocrx_word' id='word_1_135' title='bbox 1483 1259 1600 1302; x_wconf 82' lang='lat'><strong>1464.</strong></span> 
     </span>
    </p>
   </div>
   <div class='ocr_carea' id='block_1_5' title="bbox 627 1396 1526 1585">
    <p class='ocr_par' dir='ltr' id='par_1_5' title="bbox 627 1396 1526 1585">
     <span class='ocr_line' id='line_1_16' title="bbox 1056 1396 1104 1438; baseline 0.021 -1"><span class='ocrx_word' id='word_1_136' title='bbox 1056 1396 1104 1438; x_wconf 88' lang='grc'><strong>16</strong></span> 
     </span>
     <span class='ocr_line' id='line_1_17' title="bbox 627 1467 1526 1515; baseline 0 -9"><span class='ocrx_word' id='word_1_137' title='bbox 627 1467 705 1506; x_wconf 89' lang='grc' dir='ltr'><strong>ΤΟ</strong></span> <span class='ocrx_word' id='word_1_138' title='bbox 727 1467 1036 1506; x_wconf 89' lang='lat' dir='ltr'><strong>AGOSTINO</strong></span> <span class='ocrx_word' id='word_1_139' title='bbox 1059 1467 1198 1506; x_wconf 86' lang='lat' dir='ltr'>DATI</span> <span class='ocrx_word' id='word_1_140' title='bbox 1221 1469 1304 1515; x_wconf 93' lang='lat' dir='ltr'><strong>[IN</strong></span> <span class='ocrx_word' id='word_1_141' title='bbox 1326 1468 1526 1515; x_wconf 68' lang='lat' dir='ltr'><strong>SIENAT</strong></span> 
     </span>
     <span class='ocr_line' id='line_1_18' title="bbox 864 1528 1291 1585; baseline 0 -11"><span class='ocrx_word' id='word_1_142' title='bbox 864 1533 995 1582; x_wconf 81' lang='lat' dir='ltr'><strong>[after</strong></span> <span class='ocrx_word' id='word_1_143' title='bbox 1011 1537 1123 1585; x_wconf 90' lang='lat' dir='ltr'><strong>June</strong></span> <span class='ocrx_word' id='word_1_144' title='bbox 1148 1528 1291 1583; x_wconf 74' lang='lat'><strong>1465]*’</strong></span> 
     </span>
    </p>
   </div>
   <div class='ocr_carea' id='block_1_6' title="bbox 874 1627 1282 1676">
    <p class='ocr_par' dir='ltr' id='par_1_6' title="bbox 874 1627 1282 1676">
     <span class='ocr_line' id='line_1_19' title="bbox 874 1627 1282 1676; baseline 0.002 -9"><span class='ocrx_word' id='word_1_145' title='bbox 874 1627 942 1668; x_wconf 91' lang='lat' dir='ltr'><strong>Ed.</strong></span> <span class='ocrx_word' id='word_1_146' title='bbox 963 1628 1064 1676; x_wconf 69' lang='lat' dir='ltr'><strong>Dan,</strong></span> <span class='ocrx_word' id='word_1_147' title='bbox 1087 1627 1153 1668; x_wconf 88' lang='lat' dir='ltr'><strong>fol.</strong></span> <span class='ocrx_word' id='word_1_148' title='bbox 1178 1631 1282 1668; x_wconf 88' lang='lat' dir='ltr'><strong>137v.</strong></span> 
     </span>
    </p>
   </div>
   <div class='ocr_carea' id='block_1_7' title="bbox 166 1731 1986 2204">
    <p class='ocr_par' dir='ltr' id='par_1_7' title="bbox 166 1731 1986 2204">
     <span class='ocr_line' id='line_1_20' title="bbox 169 1731 1986 1793; baseline 0.001 -14"><span class='ocrx_word' id='word_1_149' title='bbox 169 1732 509 1780; x_wconf 87' lang='lat' dir='ltr'><strong>Bartholomeus</strong></span> <span class='ocrx_word' id='word_1_150' title='bbox 527 1732 648 1779; x_wconf 89' lang='lat' dir='ltr'><strong>Scala</strong></span> <span class='ocrx_word' id='word_1_151' title='bbox 662 1733 912 1793; x_wconf 88' lang='lat' dir='ltr'><strong>Augustino</strong></span> <span class='ocrx_word' id='word_1_152' title='bbox 930 1731 1084 1779; x_wconf 92' lang='lat' dir='ltr'><strong>Datho</strong></span> <span class='ocrx_word' id='word_1_153' title='bbox 1099 1731 1296 1779; x_wconf 90' lang='lat' dir='ltr'><strong>salutem.</strong></span> <span class='ocrx_word' id='word_1_154' title='bbox 1315 1736 1405 1779; x_wconf 89' lang='lat' dir='ltr'><strong>Iam</strong></span> <span class='ocrx_word' id='word_1_155' title='bbox 1423 1731 1475 1779; x_wconf 92' lang='lat' dir='ltr'><strong>de</strong></span> <span class='ocrx_word' id='word_1_156' title='bbox 1489 1732 1681 1779; x_wconf 92' lang='lat' dir='ltr'><strong>amicitia</strong></span> <span class='ocrx_word' id='word_1_157' title='bbox 1696 1746 1846 1779; x_wconf 92' lang='lat' dir='ltr'><strong>nostra</strong></span> <span class='ocrx_word' id='word_1_158' title='bbox 1858 1731 1986 1793; x_wconf 87' lang='lat' dir='ltr'><strong>plura</strong></span> 
     </span>
     <span class='ocr_line' id='line_1_21' title="bbox 169 1800 1985 1862; baseline -0.001 -13"><span class='ocrx_word' id='word_1_159' title='bbox 169 1801 313 1849; x_wconf 91' lang='lat' dir='ltr'><strong>dicere</strong></span> <span class='ocrx_word' id='word_1_160' title='bbox 328 1819 701 1862; x_wconf 89' lang='lat' dir='ltr'><strong>supervacaneum</strong></span> <span class='ocrx_word' id='word_1_161' title='bbox 719 1815 844 1862; x_wconf 91' lang='lat' dir='ltr'><strong>puto.</strong></span> <span class='ocrx_word' id='word_1_162' title='bbox 865 1805 1013 1862; x_wconf 92' lang='lat' dir='ltr'><strong>Itaque</strong></span> <span class='ocrx_word' id='word_1_163' title='bbox 1030 1818 1122 1848; x_wconf 91' lang='lat' dir='ltr'><strong>non</strong></span> <span class='ocrx_word' id='word_1_164' title='bbox 1140 1800 1192 1848; x_wconf 94' lang='lat' dir='ltr'><strong>de</strong></span> <span class='ocrx_word' id='word_1_165' title='bbox 1209 1801 1399 1848; x_wconf 89' lang='lat' dir='ltr'><strong>amicitia</strong></span> <span class='ocrx_word' id='word_1_166' title='bbox 1415 1818 1439 1848; x_wconf 91' lang='lat' dir='ltr'><strong>a</strong></span> <span class='ocrx_word' id='word_1_167' title='bbox 1454 1800 1581 1848; x_wconf 87' lang='lat' dir='ltr'><strong>nobis</strong></span> <span class='ocrx_word' id='word_1_168' title='bbox 1598 1800 1783 1862; x_wconf 87' lang='lat' dir='ltr'><strong>posthac</strong></span> <span class='ocrx_word' id='word_1_169' title='bbox 1802 1801 1985 1862; x_wconf 88' lang='lat' dir='ltr'><strong>accipies</strong></span> 
     </span>
     <span class='ocr_line' id='line_1_22' title="bbox 168 1869 1980 1931; baseline 0.001 -15"><span class='ocrx_word' id='word_1_170' title='bbox 168 1870 334 1918; x_wconf 88' lang='lat' dir='ltr'><strong>litteras</strong></span> <span class='ocrx_word' id='word_1_171' title='bbox 357 1869 434 1917; x_wconf 92' lang='lat' dir='ltr'><strong>sed</strong></span> <span class='ocrx_word' id='word_1_172' title='bbox 458 1870 622 1917; x_wconf 92' lang='lat' dir='ltr'><strong>amicus</strong></span> <span class='ocrx_word' id='word_1_173' title='bbox 650 1869 704 1917; x_wconf 92' lang='lat' dir='ltr'><strong>ad</strong></span> <span class='ocrx_word' id='word_1_174' title='bbox 728 1870 919 1917; x_wconf 91' lang='lat' dir='ltr'><strong>amicum</strong></span> <span class='ocrx_word' id='word_1_175' title='bbox 946 1869 1104 1917; x_wconf 89' lang='lat' dir='ltr'><strong>scribet</strong></span> <span class='ocrx_word' id='word_1_176' title='bbox 1132 1870 1194 1931; x_wconf 92' lang='lat' dir='ltr'><strong>(ut</strong></span> <span class='ocrx_word' id='word_1_177' title='bbox 1221 1870 1349 1917; x_wconf 90' lang='lat' dir='ltr'><strong>amici</strong></span> <span class='ocrx_word' id='word_1_178' title='bbox 1373 1869 1530 1931; x_wconf 88' lang='lat' dir='ltr'><strong>solent)</strong></span> <span class='ocrx_word' id='word_1_179' title='bbox 1560 1869 1802 1917; x_wconf 87' lang='lat' dir='ltr'><strong>admodum</strong></span> <span class='ocrx_word' id='word_1_180' title='bbox 1829 1870 1980 1918; x_wconf 91' lang='lat' dir='ltr'><strong>amice.</strong></span> 
     </span>
     <span class='ocr_line' id='line_1_23' title="bbox 169 1938 1981 1999; baseline 0 -13"><span class='ocrx_word' id='word_1_181' title='bbox 169 1938 310 1998; x_wconf 89' lang='lat' dir='ltr'><strong>Quod</strong></span> <span class='ocrx_word' id='word_1_182' title='bbox 329 1953 371 1986; x_wconf 93' lang='lat' dir='ltr'><strong>et</strong></span> <span class='ocrx_word' id='word_1_183' title='bbox 388 1953 436 1986; x_wconf 96' lang='lat' dir='ltr'><strong>tu</strong></span> <span class='ocrx_word' id='word_1_184' title='bbox 455 1939 672 1986; x_wconf 92' lang='lat' dir='ltr'><strong>continuo</strong></span> <span class='ocrx_word' id='word_1_185' title='bbox 693 1938 796 1986; x_wconf 88' lang='lat' dir='ltr'><strong>facis</strong></span> <span class='ocrx_word' id='word_1_186' title='bbox 814 1938 1062 1999; x_wconf 92' lang='lat' dir='ltr'><strong>diutiusque</strong></span> <span class='ocrx_word' id='word_1_187' title='bbox 1082 1953 1130 1986; x_wconf 91' lang='lat' dir='ltr'><strong>ut</strong></span> <span class='ocrx_word' id='word_1_188' title='bbox 1147 1938 1191 1986; x_wconf 94' lang='lat' dir='ltr'><strong>id</strong></span> <span class='ocrx_word' id='word_1_189' title='bbox 1209 1938 1337 1986; x_wconf 85' lang='lat' dir='ltr'><strong>facias</strong></span> <span class='ocrx_word' id='word_1_190' title='bbox 1353 1956 1447 1986; x_wconf 90' lang='lat' dir='ltr'><strong>oro.</strong></span> <span class='ocrx_word' id='word_1_191' title='bbox 1467 1943 1559 1999; x_wconf 88' lang='lat' dir='ltr'><strong>Ego</strong></span> <span class='ocrx_word' id='word_1_192' title='bbox 1577 1939 1612 1986; x_wconf 89' lang='lat' dir='ltr'><strong>si</strong></span> <span class='ocrx_word' id='word_1_193' title='bbox 1630 1938 1867 1999; x_wconf 89' lang='lat' dir='ltr'><strong>aliquando</strong></span> <span class='ocrx_word' id='word_1_194' title='bbox 1883 1956 1981 1986; x_wconf 90' lang='lat' dir='ltr'><strong>sum</strong></span> 
     </span>
     <span class='ocr_line' id='line_1_24' title="bbox 169 2006 1983 2068; baseline 0.001 -15"><span class='ocrx_word' id='word_1_195' title='bbox 169 2008 214 2053; x_wconf 91' lang='lat' dir='ltr'><strong>in</strong></span> <span class='ocrx_word' id='word_1_196' title='bbox 236 2006 548 2068; x_wconf 91' lang='lat' dir='ltr'><strong>respondendo</strong></span> <span class='ocrx_word' id='word_1_197' title='bbox 568 2006 749 2063; x_wconf 88' lang='lat' dir='ltr'><strong>tardior,</strong></span> <span class='ocrx_word' id='word_1_198' title='bbox 767 2006 900 2054; x_wconf 92' lang='lat' dir='ltr'><strong>velim</strong></span> <span class='ocrx_word' id='word_1_199' title='bbox 920 2006 1157 2054; x_wconf 89' lang='lat' dir='ltr'><strong>condones.</strong></span> <span class='ocrx_word' id='word_1_200' title='bbox 1182 2006 1368 2054; x_wconf 92' lang='lat' dir='ltr'><strong>Obruor</strong></span> <span class='ocrx_word' id='word_1_201' title='bbox 1387 2007 1505 2054; x_wconf 91' lang='lat' dir='ltr'><strong>enim</strong></span> <span class='ocrx_word' id='word_1_202' title='bbox 1526 2006 1762 2068; x_wconf 90' lang='lat' dir='ltr'><strong>aliquando</strong></span> <span class='ocrx_word' id='word_1_203' title='bbox 1782 2007 1842 2054; x_wconf 91' lang='lat' dir='ltr'><strong>ita</strong></span> <span class='ocrx_word' id='word_1_204' title='bbox 1857 2025 1983 2054; x_wconf 93' lang='lat' dir='ltr'><strong>occu-</strong></span> 
     </span>
     <span class='ocr_line' id='line_1_25' title="bbox 166 2074 1980 2136; baseline -0.001 -14"><span class='ocrx_word' id='word_1_205' title='bbox 166 2075 436 2136; x_wconf 88' lang='lat' dir='ltr'><strong>pationibus,</strong></span> <span class='ocrx_word' id='word_1_206' title='bbox 461 2090 508 2122; x_wconf 93' lang='lat' dir='ltr'><strong>ut</strong></span> <span class='ocrx_word' id='word_1_207' title='bbox 532 2076 677 2122; x_wconf 91' lang='lat' dir='ltr'><strong>evenit</strong></span> <span class='ocrx_word' id='word_1_208' title='bbox 697 2075 994 2135; x_wconf 89' lang='lat' dir='ltr'><strong>superioribus</strong></span> <span class='ocrx_word' id='word_1_209' title='bbox 1018 2074 1183 2131; x_wconf 90' lang='lat' dir='ltr'><strong>diebus,</strong></span> <span class='ocrx_word' id='word_1_210' title='bbox 1206 2089 1254 2122; x_wconf 93' lang='lat' dir='ltr'><strong>ut</strong></span> <span class='ocrx_word' id='word_1_211' title='bbox 1276 2075 1414 2122; x_wconf 92' lang='lat' dir='ltr'><strong>homo</strong></span> <span class='ocrx_word' id='word_1_212' title='bbox 1438 2093 1530 2122; x_wconf 91' lang='lat' dir='ltr'><strong>non</strong></span> <span class='ocrx_word' id='word_1_213' title='bbox 1553 2075 1681 2122; x_wconf 89' lang='lat' dir='ltr'><strong>multi</strong></span> <span class='ocrx_word' id='word_1_214' title='bbox 1702 2076 1865 2135; x_wconf 92' lang='lat' dir='ltr'><strong>ingenii</strong></span> <span class='ocrx_word' id='word_1_215' title='bbox 1886 2093 1980 2122; x_wconf 92' lang='lat' dir='ltr'><strong>non</strong></span> 
     </span>
     <span class='ocr_line' id='line_1_26' title="bbox 169 2142 1984 2204; baseline 0 -14"><span class='ocrx_word' id='word_1_216' title='bbox 169 2162 398 2204; x_wconf 93' lang='lat' dir='ltr'><strong>nunquam</strong></span> <span class='ocrx_word' id='word_1_217' title='bbox 432 2143 665 2190; x_wconf 90' lang='lat' dir='ltr'><strong>obliviscar</strong></span> <span class='ocrx_word' id='word_1_218' title='bbox 695 2144 794 2190; x_wconf 92' lang='lat' dir='ltr'><strong>mei.</strong></span> <span class='ocrx_word' id='word_1_219' title='bbox 829 2142 968 2202; x_wconf 88' lang='lat' dir='ltr'><strong>Quod</strong></span> <span class='ocrx_word' id='word_1_220' title='bbox 1000 2142 1109 2189; x_wconf 90' lang='lat' dir='ltr'><strong>mihi</strong></span> <span class='ocrx_word' id='word_1_221' title='bbox 1139 2143 1363 2203; x_wconf 89' lang='lat' dir='ltr'><strong>gratularis</strong></span> <span class='ocrx_word' id='word_1_222' title='bbox 1393 2143 1450 2190; x_wconf 95' lang='lat' dir='ltr'><strong>ob</strong></span> <span class='ocrx_word' id='word_1_223' title='bbox 1484 2143 1702 2190; x_wconf 92' lang='lat' dir='ltr'><strong>honorem</strong></span> <span class='ocrx_word' id='word_1_224' title='bbox 1735 2144 1928 2190; x_wconf 88' lang='lat' dir='ltr'><strong>muneris</strong></span> <span class='ocrx_word' id='word_1_225' title='bbox 1960 2161 1984 2190; x_wconf 91' lang='lat' dir='ltr'><strong>a</strong></span> 
     </span>
    </p>
   </div>
   <div class='ocr_carea' id='block_1_8' title="bbox 166 2423 1986 3216">
    <p class='ocr_par' dir='ltr' id='par_1_8' title="bbox 249 2423 1497 2472">
     <span class='ocr_line' id='line_1_27' title="bbox 249 2423 1497 2472; baseline 0 -10"><span class='ocrx_word' id='word_1_226' title='bbox 249 2429 261 2443; x_wconf 83' lang='lat'>²</span> <span class='ocrx_word' id='word_1_227' title='bbox 279 2424 452 2462; x_wconf 85' lang='lat' dir='ltr'><strong>Milanese</strong></span> <span class='ocrx_word' id='word_1_228' title='bbox 470 2423 696 2462; x_wconf 86' lang='lat' dir='ltr'><strong>ambassador</strong></span> <span class='ocrx_word' id='word_1_229' title='bbox 716 2425 755 2461; x_wconf 92' lang='lat' dir='ltr'><strong>in</strong></span> <span class='ocrx_word' id='word_1_230' title='bbox 773 2423 955 2468; x_wconf 90' lang='lat' dir='ltr'><strong>Florence,</strong></span> <span class='ocrx_word' id='word_1_231' title='bbox 972 2438 1028 2462; x_wconf 90' lang='lat' dir='ltr'><strong>see</strong></span> <span class='ocrx_word' id='word_1_232' title='bbox 1047 2423 1152 2462; x_wconf 90' lang='lat' dir='ltr'><strong>letter</strong></span> <span class='ocrx_word' id='word_1_233' title='bbox 1167 2427 1198 2468; x_wconf 89' lang='lat'><strong>2,</strong></span> <span class='ocrx_word' id='word_1_234' title='bbox 1218 2436 1304 2462; x_wconf 90' lang='lat' dir='ltr'><strong>note</strong></span> <span class='ocrx_word' id='word_1_235' title='bbox 1322 2423 1352 2472; x_wconf 95' lang='lat' dir='ltr'><strong>c)</strong></span> <span class='ocrx_word' id='word_1_236' title='bbox 1373 2423 1497 2462; x_wconf 87' lang='lat' dir='ltr'><strong>above.</strong></span> 
     </span>
    </p>

    <p class='ocr_par' dir='ltr' id='par_1_9' title="bbox 248 2477 774 2532">
     <span class='ocr_line' id='line_1_28' title="bbox 248 2477 774 2532; baseline 0 -11"><span class='ocrx_word' id='word_1_237' title='bbox 248 2477 264 2502; x_wconf 71' lang='lat'><strong>¹³</strong></span> <span class='ocrx_word' id='word_1_238' title='bbox 283 2486 437 2527; x_wconf 89' lang='lat' dir='ltr'><strong>Horace,</strong></span> <span class='ocrx_word' id='word_1_239' title='bbox 453 2485 522 2521; x_wconf 82' lang='lat' dir='ltr'><strong>Ars</strong></span> <span class='ocrx_word' id='word_1_240' title='bbox 534 2487 676 2532; x_wconf 81' lang='lat' dir='ltr'><strong>poetica,</strong></span> <span class='ocrx_word' id='word_1_241' title='bbox 697 2487 774 2521; x_wconf 91' lang='grc'>343.</span> 
     </span>
    </p>

    <p class='ocr_par' dir='ltr' id='par_1_10' title="bbox 166 2540 1986 2750">
     <span class='ocr_line' id='line_1_29' title="bbox 249 2540 1986 2591; baseline -0.001 -11"><span class='ocrx_word' id='word_1_242' title='bbox 249 2547 261 2561; x_wconf 82' lang='lat'>²</span> <span class='ocrx_word' id='word_1_243' title='bbox 282 2544 347 2580; x_wconf 91' lang='lat' dir='ltr'><strong>On</strong></span> <span class='ocrx_word' id='word_1_244' title='bbox 365 2543 463 2587; x_wconf 88' lang='lat' dir='ltr'><strong>Dati,</strong></span> <span class='ocrx_word' id='word_1_245' title='bbox 487 2546 653 2586; x_wconf 86' lang='lat'><strong>1420-78,</strong></span> <span class='ocrx_word' id='word_1_246' title='bbox 676 2542 771 2580; x_wconf 91' lang='lat' dir='ltr'><strong>born</strong></span> <span class='ocrx_word' id='word_1_247' title='bbox 790 2543 829 2579; x_wconf 88' lang='lat' dir='ltr'><strong>in</strong></span> <span class='ocrx_word' id='word_1_248' title='bbox 847 2543 960 2586; x_wconf 85' lang='lat' dir='ltr'><strong>Siena‚</strong></span> <span class='ocrx_word' id='word_1_249' title='bbox 979 2541 1099 2580; x_wconf 90' lang='lat' dir='ltr'><strong>where</strong></span> <span class='ocrx_word' id='word_1_250' title='bbox 1118 2541 1163 2580; x_wconf 89' lang='lat' dir='ltr'><strong>he</strong></span> <span class='ocrx_word' id='word_1_251' title='bbox 1183 2556 1253 2580; x_wconf 88' lang='lat' dir='ltr'><strong>was</strong></span> <span class='ocrx_word' id='word_1_252' title='bbox 1272 2541 1398 2590; x_wconf 89' lang='lat' dir='ltr'><strong>taught</strong></span> <span class='ocrx_word' id='word_1_253' title='bbox 1417 2542 1466 2591; x_wconf 87' lang='lat' dir='ltr'><strong>by</strong></span> <span class='ocrx_word' id='word_1_254' title='bbox 1486 2545 1678 2580; x_wconf 85' lang='lat' dir='ltr'><strong>Francesco</strong></span> <span class='ocrx_word' id='word_1_255' title='bbox 1697 2541 1835 2586; x_wconf 87' lang='lat' dir='ltr'><strong>Filelfo,</strong></span> <span class='ocrx_word' id='word_1_256' title='bbox 1855 2540 1986 2590; x_wconf 90' lang='lat' dir='ltr'><strong>briefly</strong></span> 
     </span>
     <span class='ocr_line' id='line_1_30' title="bbox 166 2593 1983 2643; baseline -0.001 -10"><span class='ocrx_word' id='word_1_257' title='bbox 166 2607 270 2633; x_wconf 87' lang='lat' dir='ltr'><strong>tutor</strong></span> <span class='ocrx_word' id='word_1_258' title='bbox 283 2606 323 2632; x_wconf 92' lang='lat' dir='ltr'><strong>to</strong></span> <span class='ocrx_word' id='word_1_259' title='bbox 343 2594 453 2633; x_wconf 90' lang='lat' dir='ltr'><strong>Oddo</strong></span> <span class='ocrx_word' id='word_1_260' title='bbox 471 2594 543 2632; x_wconf 89' lang='lat' dir='ltr'><strong>and</strong></span> <span class='ocrx_word' id='word_1_261' title='bbox 559 2594 727 2643; x_wconf 84' lang='lat' dir='ltr'><strong>Federigo</strong></span> <span class='ocrx_word' id='word_1_262' title='bbox 747 2597 793 2637; x_wconf 87' lang='grc' dir='ltr'><strong>ΙΙΙ</strong></span> <span class='ocrx_word' id='word_1_263' title='bbox 808 2594 1046 2632; x_wconf 86' lang='lat' dir='ltr'><strong>Montefeltro</strong></span> <span class='ocrx_word' id='word_1_264' title='bbox 1064 2595 1103 2631; x_wconf 91' lang='lat' dir='ltr'><strong>in</strong></span> <span class='ocrx_word' id='word_1_265' title='bbox 1119 2594 1276 2639; x_wconf 92' lang='lat' dir='ltr'><strong>Urbino‚</strong></span> <span class='ocrx_word' id='word_1_266' title='bbox 1292 2593 1362 2632; x_wconf 88' lang='lat' dir='ltr'><strong>and</strong></span> <span class='ocrx_word' id='word_1_267' title='bbox 1378 2593 1582 2632; x_wconf 87' lang='lat' dir='ltr'><strong>chancellor</strong></span> <span class='ocrx_word' id='word_1_268' title='bbox 1596 2593 1637 2632; x_wconf 91' lang='lat' dir='ltr'><strong>of</strong></span> <span class='ocrx_word' id='word_1_269' title='bbox 1649 2595 1752 2632; x_wconf 87' lang='lat' dir='ltr'><strong>Siena</strong></span> <span class='ocrx_word' id='word_1_270' title='bbox 1766 2593 1864 2632; x_wconf 84' lang='lat' dir='ltr'><strong>from</strong></span> <span class='ocrx_word' id='word_1_271' title='bbox 1884 2597 1983 2639; x_wconf 81' lang='lat'><strong>1452,</strong></span> 
     </span>
     <span class='ocr_line' id='line_1_31' title="bbox 166 2645 1982 2696; baseline 0.001 -12"><span class='ocrx_word' id='word_1_272' title='bbox 166 2661 222 2685; x_wconf 90' lang='lat' dir='ltr'><strong>see</strong></span> <span class='ocrx_word' id='word_1_273' title='bbox 247 2648 364 2685; x_wconf 89' lang='lat' dir='ltr'><strong>P.Viti</strong></span> <span class='ocrx_word' id='word_1_274' title='bbox 384 2648 423 2684; x_wconf 90' lang='lat' dir='ltr'><strong>in</strong></span> <span class='ocrx_word' id='word_1_275' title='bbox 442 2649 533 2692; x_wconf 89' lang='lat' dir='ltr'><strong>DBI,</strong></span> <span class='ocrx_word' id='word_1_276' title='bbox 553 2661 616 2685; x_wconf 92' lang='lat' dir='ltr'><strong>s.v.</strong></span> <span class='ocrx_word' id='word_1_277' title='bbox 642 2647 755 2685; x_wconf 89' lang='lat' dir='ltr'><strong>These</strong></span> <span class='ocrx_word' id='word_1_278' title='bbox 776 2646 896 2685; x_wconf 88' lang='lat' dir='ltr'><strong>letters</strong></span> <span class='ocrx_word' id='word_1_279' title='bbox 918 2661 976 2685; x_wconf 90' lang='lat' dir='ltr'><strong>are</strong></span> <span class='ocrx_word' id='word_1_280' title='bbox 995 2646 1169 2696; x_wconf 87' lang='lat' dir='ltr'><strong>preceded</strong></span> <span class='ocrx_word' id='word_1_281' title='bbox 1191 2647 1239 2696; x_wconf 93' lang='lat' dir='ltr'><strong>by</strong></span> <span class='ocrx_word' id='word_1_282' title='bbox 1260 2646 1345 2685; x_wconf 89' lang='lat' dir='ltr'><strong>four</strong></span> <span class='ocrx_word' id='word_1_283' title='bbox 1363 2646 1483 2685; x_wconf 88' lang='lat' dir='ltr'><strong>letters</strong></span> <span class='ocrx_word' id='word_1_284' title='bbox 1503 2646 1601 2685; x_wconf 88' lang='lat' dir='ltr'><strong>from</strong></span> <span class='ocrx_word' id='word_1_285' title='bbox 1623 2647 1711 2685; x_wconf 90' lang='lat' dir='ltr'><strong>Dati</strong></span> <span class='ocrx_word' id='word_1_286' title='bbox 1728 2658 1768 2685; x_wconf 94' lang='lat' dir='ltr'><strong>to</strong></span> <span class='ocrx_word' id='word_1_287' title='bbox 1791 2646 1898 2691; x_wconf 85' lang='lat' dir='ltr'><strong>Scala,</strong></span> <span class='ocrx_word' id='word_1_288' title='bbox 1918 2645 1982 2685; x_wconf 89' lang='lat' dir='ltr'><strong>fol.</strong></span> 
     </span>
     <span class='ocr_line' id='line_1_32' title="bbox 170 2699 1752 2750; baseline 0 -12"><span class='ocrx_word' id='word_1_289' title='bbox 170 2705 312 2746; x_wconf 83' lang='lat' dir='ltr'><strong>137r-v,</strong></span> <span class='ocrx_word' id='word_1_290' title='bbox 332 2701 423 2739; x_wconf 89' lang='lat' dir='ltr'><strong>with</strong></span> <span class='ocrx_word' id='word_1_291' title='bbox 440 2715 460 2739; x_wconf 93' lang='lat' dir='ltr'><strong>a</strong></span> <span class='ocrx_word' id='word_1_292' title='bbox 476 2700 562 2739; x_wconf 80' lang='lat' dir='ltr'><strong>fifth</strong></span> <span class='ocrx_word' id='word_1_293' title='bbox 579 2715 631 2739; x_wconf 92' lang='lat' dir='ltr'><strong>on</strong></span> <span class='ocrx_word' id='word_1_294' title='bbox 646 2700 711 2739; x_wconf 88' lang='lat' dir='ltr'><strong>fol.</strong></span> <span class='ocrx_word' id='word_1_295' title='bbox 730 2700 875 2745; x_wconf 88' lang='lat' dir='ltr'><strong>cxlviiii,</strong></span> <span class='ocrx_word' id='word_1_296' title='bbox 892 2700 1070 2750; x_wconf 86' lang='lat' dir='ltr'><strong>probably</strong></span> <span class='ocrx_word' id='word_1_297' title='bbox 1089 2700 1251 2750; x_wconf 89' lang='lat' dir='ltr'><strong>replying</strong></span> <span class='ocrx_word' id='word_1_298' title='bbox 1268 2713 1307 2739; x_wconf 89' lang='lat' dir='ltr'><strong>to</strong></span> <span class='ocrx_word' id='word_1_299' title='bbox 1326 2700 1451 2739; x_wconf 87' lang='lat' dir='ltr'><strong>Scala&#39;s</strong></span> <span class='ocrx_word' id='word_1_300' title='bbox 1468 2700 1534 2739; x_wconf 90' lang='lat' dir='ltr'><strong>last</strong></span> <span class='ocrx_word' id='word_1_301' title='bbox 1550 2700 1656 2739; x_wconf 90' lang='lat' dir='ltr'><strong>letter</strong></span> <span class='ocrx_word' id='word_1_302' title='bbox 1671 2699 1752 2749; x_wconf 88' lang='grc'>(19).</span> 
     </span>
    </p>

    <p class='ocr_par' dir='ltr' id='par_1_11' title="bbox 167 2753 1983 3216">
     <span class='ocr_line' id='line_1_33' title="bbox 248 2753 1979 2807; baseline 0 -11"><span class='ocrx_word' id='word_1_303' title='bbox 248 2753 263 2778; x_wconf 70' lang='lat' dir='ltr'><strong>b</strong></span> <span class='ocrx_word' id='word_1_304' title='bbox 291 2762 403 2796; x_wconf 93' lang='lat' dir='ltr'><strong>None</strong></span> <span class='ocrx_word' id='word_1_305' title='bbox 431 2758 472 2796; x_wconf 88' lang='lat' dir='ltr'><strong>of</strong></span> <span class='ocrx_word' id='word_1_306' title='bbox 497 2759 612 2796; x_wconf 86' lang='lat' dir='ltr'><strong>Dati&#39;s</strong></span> <span class='ocrx_word' id='word_1_307' title='bbox 638 2758 759 2796; x_wconf 88' lang='lat' dir='ltr'><strong>letters</strong></span> <span class='ocrx_word' id='word_1_308' title='bbox 785 2773 843 2796; x_wconf 88' lang='lat' dir='ltr'><strong>are</strong></span> <span class='ocrx_word' id='word_1_309' title='bbox 869 2758 974 2796; x_wconf 89' lang='lat' dir='ltr'><strong>dated</strong></span> <span class='ocrx_word' id='word_1_310' title='bbox 1001 2758 1072 2796; x_wconf 87' lang='lat' dir='ltr'><strong>and</strong></span> <span class='ocrx_word' id='word_1_311' title='bbox 1097 2758 1184 2807; x_wconf 91' lang='lat' dir='ltr'><strong>they</strong></span> <span class='ocrx_word' id='word_1_312' title='bbox 1212 2773 1269 2796; x_wconf 90' lang='lat' dir='ltr'><strong>are</strong></span> <span class='ocrx_word' id='word_1_313' title='bbox 1296 2758 1465 2807; x_wconf 86' lang='lat' dir='ltr'><strong>arranged</strong></span> <span class='ocrx_word' id='word_1_314' title='bbox 1491 2757 1680 2806; x_wconf 84' lang='lat' dir='ltr'><strong>according</strong></span> <span class='ocrx_word' id='word_1_315' title='bbox 1705 2770 1745 2796; x_wconf 90' lang='lat' dir='ltr'><strong>to</strong></span> <span class='ocrx_word' id='word_1_316' title='bbox 1772 2758 1884 2807; x_wconf 90' lang='lat' dir='ltr'><strong>topic,</strong></span> <span class='ocrx_word' id='word_1_317' title='bbox 1912 2769 1979 2795; x_wconf 89' lang='lat' dir='ltr'><strong>not</strong></span> 
     </span>
     <span class='ocr_line' id='line_1_34' title="bbox 168 2811 1980 2861; baseline 0 -12"><span class='ocrx_word' id='word_1_318' title='bbox 168 2811 490 2860; x_wconf 88' lang='lat' dir='ltr'><strong>chronologically.</strong></span> <span class='ocrx_word' id='word_1_319' title='bbox 507 2812 593 2850; x_wconf 89' lang='lat' dir='ltr'><strong>This</strong></span> <span class='ocrx_word' id='word_1_320' title='bbox 608 2811 688 2850; x_wconf 89' lang='lat' dir='ltr'><strong>date</strong></span> <span class='ocrx_word' id='word_1_321' title='bbox 699 2822 774 2861; x_wconf 87' lang='lat' dir='ltr'><strong>post</strong></span> <span class='ocrx_word' id='word_1_322' title='bbox 788 2826 890 2861; x_wconf 90' lang='lat' dir='ltr'><strong>quem</strong></span> <span class='ocrx_word' id='word_1_323' title='bbox 908 2813 935 2850; x_wconf 86' lang='lat' dir='ltr'><strong>is</strong></span> <span class='ocrx_word' id='word_1_324' title='bbox 949 2811 1130 2860; x_wconf 83' lang='lat' dir='ltr'><strong>suggested</strong></span> <span class='ocrx_word' id='word_1_325' title='bbox 1148 2812 1197 2860; x_wconf 93' lang='lat' dir='ltr'><strong>by</strong></span> <span class='ocrx_word' id='word_1_326' title='bbox 1210 2811 1273 2850; x_wconf 90' lang='lat' dir='ltr'><strong>the</strong></span> <span class='ocrx_word' id='word_1_327' title='bbox 1287 2811 1465 2850; x_wconf 84' lang='lat' dir='ltr'><strong>reference</strong></span> <span class='ocrx_word' id='word_1_328' title='bbox 1479 2824 1519 2849; x_wconf 91' lang='lat' dir='ltr'><strong>to</strong></span> <span class='ocrx_word' id='word_1_329' title='bbox 1536 2811 1661 2849; x_wconf 89' lang='lat' dir='ltr'><strong>Scala&#39;s</strong></span> <span class='ocrx_word' id='word_1_330' title='bbox 1677 2812 1931 2860; x_wconf 87' lang='lat' dir='ltr'><strong>appointment</strong></span> <span class='ocrx_word' id='word_1_331' title='bbox 1945 2825 1980 2849; x_wconf 84' lang='lat' dir='ltr'><strong>as</strong></span> 
     </span>
     <span class='ocr_line' id='line_1_35' title="bbox 168 2863 1983 2912; baseline -0.001 -10"><span class='ocrx_word' id='word_1_332' title='bbox 168 2864 375 2902; x_wconf 86' lang='lat' dir='ltr'><strong>chancellor</strong></span> <span class='ocrx_word' id='word_1_333' title='bbox 388 2865 427 2900; x_wconf 92' lang='lat' dir='ltr'><strong>in</strong></span> <span class='ocrx_word' id='word_1_334' title='bbox 442 2864 548 2912; x_wconf 85' lang='lat' dir='ltr'><strong>April</strong></span> <span class='ocrx_word' id='word_1_335' title='bbox 566 2867 652 2902; x_wconf 82' lang='lat'><strong>1465</strong></span> <span class='ocrx_word' id='word_1_336' title='bbox 670 2864 769 2912; x_wconf 89' lang='lat' dir='ltr'><strong>(note</strong></span> <span class='ocrx_word' id='word_1_337' title='bbox 785 2864 828 2912; x_wconf 92' lang='lat' dir='ltr'><strong>(c)</strong></span> <span class='ocrx_word' id='word_1_338' title='bbox 847 2863 977 2912; x_wconf 89' lang='lat' dir='ltr'><strong>below)</strong></span> <span class='ocrx_word' id='word_1_339' title='bbox 995 2863 1066 2901; x_wconf 86' lang='lat' dir='ltr'><strong>and</strong></span> <span class='ocrx_word' id='word_1_340' title='bbox 1078 2863 1141 2901; x_wconf 90' lang='lat' dir='ltr'><strong>the</strong></span> <span class='ocrx_word' id='word_1_341' title='bbox 1156 2863 1349 2901; x_wconf 88' lang='lat' dir='ltr'><strong>references</strong></span> <span class='ocrx_word' id='word_1_342' title='bbox 1363 2875 1402 2901; x_wconf 89' lang='lat' dir='ltr'><strong>to</strong></span> <span class='ocrx_word' id='word_1_343' title='bbox 1417 2863 1480 2901; x_wconf 89' lang='lat' dir='ltr'><strong>the</strong></span> <span class='ocrx_word' id='word_1_344' title='bbox 1495 2863 1650 2901; x_wconf 86' lang='lat' dir='ltr'><strong>frontier</strong></span> <span class='ocrx_word' id='word_1_345' title='bbox 1661 2863 1802 2912; x_wconf 88' lang='lat' dir='ltr'><strong>dispute</strong></span> <span class='ocrx_word' id='word_1_346' title='bbox 1818 2863 1983 2901; x_wconf 88' lang='lat' dir='ltr'><strong>between</strong></span> 
     </span>
     <span class='ocr_line' id='line_1_36' title="bbox 170 2914 1981 2964; baseline -0.001 -10"><span class='ocrx_word' id='word_1_347' title='bbox 170 2916 275 2954; x_wconf 93' lang='lat' dir='ltr'><strong>Colle</strong></span> <span class='ocrx_word' id='word_1_348' title='bbox 293 2916 365 2954; x_wconf 91' lang='lat' dir='ltr'><strong>and</strong></span> <span class='ocrx_word' id='word_1_349' title='bbox 381 2917 494 2961; x_wconf 89' lang='lat' dir='ltr'><strong>Siena‚</strong></span> <span class='ocrx_word' id='word_1_350' title='bbox 514 2916 636 2954; x_wconf 90' lang='lat' dir='ltr'><strong>which</strong></span> <span class='ocrx_word' id='word_1_351' title='bbox 653 2917 680 2954; x_wconf 85' lang='lat' dir='ltr'><strong>is</strong></span> <span class='ocrx_word' id='word_1_352' title='bbox 699 2915 854 2954; x_wconf 89' lang='lat' dir='ltr'><strong>referred</strong></span> <span class='ocrx_word' id='word_1_353' title='bbox 869 2928 909 2954; x_wconf 89' lang='lat' dir='ltr'><strong>to</strong></span> <span class='ocrx_word' id='word_1_354' title='bbox 928 2917 967 2953; x_wconf 93' lang='lat' dir='ltr'><strong>in</strong></span> <span class='ocrx_word' id='word_1_355' title='bbox 984 2915 1103 2954; x_wconf 89' lang='lat' dir='ltr'><strong>letters</strong></span> <span class='ocrx_word' id='word_1_356' title='bbox 1120 2915 1241 2964; x_wconf 89' lang='lat' dir='ltr'><strong>dating</strong></span> <span class='ocrx_word' id='word_1_357' title='bbox 1258 2915 1355 2953; x_wconf 91' lang='lat' dir='ltr'><strong>from</strong></span> <span class='ocrx_word' id='word_1_358' title='bbox 1370 2915 1454 2964; x_wconf 84' lang='lat' dir='ltr'><strong>July</strong></span> <span class='ocrx_word' id='word_1_359' title='bbox 1474 2918 1559 2953; x_wconf 82' lang='lat'><strong>1465</strong></span> <span class='ocrx_word' id='word_1_360' title='bbox 1579 2915 1678 2964; x_wconf 92' lang='lat' dir='ltr'><strong>(note</strong></span> <span class='ocrx_word' id='word_1_361' title='bbox 1697 2914 1740 2964; x_wconf 91' lang='lat' dir='ltr'><strong>(e)</strong></span> <span class='ocrx_word' id='word_1_362' title='bbox 1760 2914 1891 2959; x_wconf 87' lang='lat' dir='ltr'><strong>below,</strong></span> <span class='ocrx_word' id='word_1_363' title='bbox 1909 2914 1981 2953; x_wconf 86' lang='lat' dir='ltr'><strong>and</strong></span> 
     </span>
     <span class='ocr_line' id='line_1_37' title="bbox 167 2966 1981 3017; baseline -0.001 -11"><span class='ocrx_word' id='word_1_364' title='bbox 167 2968 274 3006; x_wconf 88' lang='lat' dir='ltr'><strong>letter</strong></span> <span class='ocrx_word' id='word_1_365' title='bbox 288 2972 340 3013; x_wconf 89' lang='lat'><strong>17,</strong></span> <span class='ocrx_word' id='word_1_366' title='bbox 358 2980 461 3006; x_wconf 89' lang='lat' dir='ltr'><strong>notes</strong></span> <span class='ocrx_word' id='word_1_367' title='bbox 476 2968 519 3017; x_wconf 96' lang='lat' dir='ltr'><strong>(c)</strong></span> <span class='ocrx_word' id='word_1_368' title='bbox 537 2968 607 3006; x_wconf 91' lang='lat' dir='ltr'><strong>and</strong></span> <span class='ocrx_word' id='word_1_369' title='bbox 623 2968 696 3017; x_wconf 87' lang='lat' dir='ltr'><strong>(d)).</strong></span> <span class='ocrx_word' id='word_1_370' title='bbox 714 2968 791 3006; x_wconf 89' lang='lat' dir='ltr'><strong>The</strong></span> <span class='ocrx_word' id='word_1_371' title='bbox 806 2969 944 3006; x_wconf 85' lang='lat' dir='ltr'><strong>Sienese</strong></span> <span class='ocrx_word' id='word_1_372' title='bbox 958 2967 1192 3012; x_wconf 85' lang='lat' dir='ltr'><strong>ambassador,</strong></span> <span class='ocrx_word' id='word_1_373' title='bbox 1211 2967 1391 3006; x_wconf 87' lang='lat' dir='ltr'><strong>Lionardo</strong></span> <span class='ocrx_word' id='word_1_374' title='bbox 1406 2967 1665 3016; x_wconf 89' lang='lat' dir='ltr'><strong>Benvoglienti,</strong></span> <span class='ocrx_word' id='word_1_375' title='bbox 1680 2981 1751 3005; x_wconf 85' lang='lat' dir='ltr'><strong>was</strong></span> <span class='ocrx_word' id='word_1_376' title='bbox 1766 2966 1927 3005; x_wconf 88' lang='lat' dir='ltr'><strong>received</strong></span> <span class='ocrx_word' id='word_1_377' title='bbox 1940 2967 1981 3004; x_wconf 87' lang='lat' dir='ltr'><strong>in</strong></span> 
     </span>
     <span class='ocr_line' id='line_1_38' title="bbox 170 3019 1981 3070; baseline -0.001 -11"><span class='ocrx_word' id='word_1_378' title='bbox 170 3022 342 3060; x_wconf 91' lang='lat' dir='ltr'><strong>Florence</strong></span> <span class='ocrx_word' id='word_1_379' title='bbox 357 3036 409 3060; x_wconf 92' lang='lat' dir='ltr'><strong>on</strong></span> <span class='ocrx_word' id='word_1_380' title='bbox 425 3026 464 3060; x_wconf 90' lang='grc'><strong>13</strong></span> <span class='ocrx_word' id='word_1_381' title='bbox 478 3025 570 3069; x_wconf 93' lang='lat' dir='ltr'><strong>June</strong></span> <span class='ocrx_word' id='word_1_382' title='bbox 587 3025 673 3060; x_wconf 83' lang='lat'><strong>1465</strong></span> <span class='ocrx_word' id='word_1_383' title='bbox 690 3019 791 3070; x_wconf 88' lang='lat' dir='ltr'><strong>(LC¹,</strong></span> <span class='ocrx_word' id='word_1_384' title='bbox 807 3021 870 3060; x_wconf 90' lang='lat' dir='ltr'><strong>fol.</strong></span> <span class='ocrx_word' id='word_1_385' title='bbox 885 3021 996 3070; x_wconf 88' lang='lat' dir='ltr'><strong>4r—v),</strong></span> <span class='ocrx_word' id='word_1_386' title='bbox 1013 3021 1169 3060; x_wconf 87' lang='lat' dir='ltr'><strong>whereas</strong></span> <span class='ocrx_word' id='word_1_387' title='bbox 1183 3035 1234 3059; x_wconf 93' lang='lat' dir='ltr'><strong>on</strong></span> <span class='ocrx_word' id='word_1_388' title='bbox 1248 3025 1289 3059; x_wconf 86' lang='lat'><strong>23</strong></span> <span class='ocrx_word' id='word_1_389' title='bbox 1302 3025 1394 3069; x_wconf 90' lang='lat' dir='ltr'><strong>June</strong></span> <span class='ocrx_word' id='word_1_390' title='bbox 1410 3021 1490 3059; x_wconf 91' lang='lat' dir='ltr'><strong>‘due</strong></span> <span class='ocrx_word' id='word_1_391' title='bbox 1503 3022 1641 3059; x_wconf 89' lang='lat' dir='ltr'><strong>oratori</strong></span> <span class='ocrx_word' id='word_1_392' title='bbox 1652 3020 1697 3059; x_wconf 84' lang='lat' dir='ltr'><strong>da</strong></span> <span class='ocrx_word' id='word_1_393' title='bbox 1710 3021 1825 3059; x_wconf 87' lang='lat' dir='ltr'><strong>Siena’</strong></span> <span class='ocrx_word' id='word_1_394' title='bbox 1840 3019 1981 3058; x_wconf 79' lang='lat' dir='ltr'><strong>arrived</strong></span> 
     </span>
     <span class='ocr_line' id='line_1_39' title="bbox 169 3071 1981 3122; baseline -0.002 -10"><span class='ocrx_word' id='word_1_395' title='bbox 169 3075 208 3111; x_wconf 91' lang='lat' dir='ltr'><strong>in</strong></span> <span class='ocrx_word' id='word_1_396' title='bbox 224 3074 396 3112; x_wconf 90' lang='lat' dir='ltr'><strong>Florence</strong></span> <span class='ocrx_word' id='word_1_397' title='bbox 424 3074 613 3122; x_wconf 88' lang='lat' dir='ltr'><strong>according</strong></span> <span class='ocrx_word' id='word_1_398' title='bbox 627 3086 667 3112; x_wconf 90' lang='lat' dir='ltr'><strong>to</strong></span> <span class='ocrx_word' id='word_1_399' title='bbox 681 3073 744 3112; x_wconf 88' lang='lat' dir='ltr'><strong>the</strong></span> <span class='ocrx_word' id='word_1_400' title='bbox 758 3074 863 3112; x_wconf 89' lang='lat' dir='ltr'><strong>Libro</strong></span> <span class='ocrx_word' id='word_1_401' title='bbox 879 3073 1112 3112; x_wconf 80' lang='lat' dir='ltr'><strong>Cerimoniale</strong></span> <span class='ocrx_word' id='word_1_402' title='bbox 1125 3073 1169 3122; x_wconf 88' lang='lat' dir='ltr'><strong>os</strong></span> <span class='ocrx_word' id='word_1_403' title='bbox 1175 3073 1228 3111; x_wconf 81' lang='lat' dir='ltr'><strong>the</strong></span> <span class='ocrx_word' id='word_1_404' title='bbox 1240 3073 1434 3111; x_wconf 81' lang='lat' dir='ltr'><strong>Florentine</strong></span> <span class='ocrx_word' id='word_1_405' title='bbox 1444 3072 1609 3122; x_wconf 86' lang='lat' dir='ltr'><strong>Republic</strong></span> <span class='ocrx_word' id='word_1_406' title='bbox 1624 3072 1689 3121; x_wconf 91' lang='lat' dir='ltr'><strong>(ed.</strong></span> <span class='ocrx_word' id='word_1_407' title='bbox 1706 3075 1748 3110; x_wconf 90' lang='lat' dir='ltr'><strong>R.</strong></span> <span class='ocrx_word' id='word_1_408' title='bbox 1766 3074 1808 3110; x_wconf 89' lang='lat' dir='ltr'><strong>C.</strong></span> <span class='ocrx_word' id='word_1_409' title='bbox 1824 3071 1981 3116; x_wconf 85' lang='lat' dir='ltr'><strong>Trexler,</strong></span> 
     </span>
     <span class='ocr_line' id='line_1_40' title="bbox 170 3123 1982 3175; baseline -0.002 -11"><span class='ocrx_word' id='word_1_410' title='bbox 170 3128 328 3170; x_wconf 87' lang='lat' dir='ltr'><strong>Geneva,</strong></span> <span class='ocrx_word' id='word_1_411' title='bbox 352 3130 450 3170; x_wconf 86' lang='lat'><strong>1978,</strong></span> <span class='ocrx_word' id='word_1_412' title='bbox 474 3126 562 3174; x_wconf 88' lang='grc'>105),</span> <span class='ocrx_word' id='word_1_413' title='bbox 583 3125 744 3175; x_wconf 85' lang='lat' dir='ltr'><strong>possibly</strong></span> <span class='ocrx_word' id='word_1_414' title='bbox 763 3125 921 3174; x_wconf 85' lang='lat' dir='ltr'><strong>alluding</strong></span> <span class='ocrx_word' id='word_1_415' title='bbox 938 3138 977 3163; x_wconf 91' lang='lat' dir='ltr'><strong>to</strong></span> <span class='ocrx_word' id='word_1_416' title='bbox 996 3125 1058 3163; x_wconf 90' lang='lat' dir='ltr'><strong>the</strong></span> <span class='ocrx_word' id='word_1_417' title='bbox 1077 3126 1237 3174; x_wconf 89' lang='lat' dir='ltr'><strong>embassy</strong></span> <span class='ocrx_word' id='word_1_418' title='bbox 1258 3125 1299 3163; x_wconf 85' lang='lat' dir='ltr'><strong>of</strong></span> <span class='ocrx_word' id='word_1_419' title='bbox 1316 3126 1434 3163; x_wconf 92' lang='lat' dir='ltr'><strong>Cione</strong></span> <span class='ocrx_word' id='word_1_420' title='bbox 1450 3124 1506 3163; x_wconf 90' lang='lat' dir='ltr'><strong>de&#39;</strong></span> <span class='ocrx_word' id='word_1_421' title='bbox 1527 3126 1616 3162; x_wconf 85' lang='lat' dir='ltr'><strong>Ravi</strong></span> <span class='ocrx_word' id='word_1_422' title='bbox 1633 3124 1704 3162; x_wconf 86' lang='lat' dir='ltr'><strong>and</strong></span> <span class='ocrx_word' id='word_1_423' title='bbox 1722 3123 1982 3172; x_wconf 75' lang='lat' dir='ltr'><strong>Benvoglimti,</strong></span> 
     </span>
     <span class='ocr_line' id='line_1_41' title="bbox 170 3177 880 3216; baseline 0 0"><span class='ocrx_word' id='word_1_424' title='bbox 170 3178 263 3216; x_wconf 88' lang='lat' dir='ltr'><strong>both</strong></span> <span class='ocrx_word' id='word_1_425' title='bbox 281 3178 437 3216; x_wconf 83' lang='lat' dir='ltr'><strong>referred</strong></span> <span class='ocrx_word' id='word_1_426' title='bbox 453 3190 492 3216; x_wconf 88' lang='lat' dir='ltr'><strong>to</strong></span> <span class='ocrx_word' id='word_1_427' title='bbox 513 3179 552 3215; x_wconf 89' lang='lat' dir='ltr'><strong>in</strong></span> <span class='ocrx_word' id='word_1_428' title='bbox 567 3177 673 3216; x_wconf 88' lang='lat' dir='ltr'><strong>letter</strong></span> <span class='ocrx_word' id='word_1_429' title='bbox 692 3182 732 3215; x_wconf 92' lang='lat'><strong>17</strong></span> <span class='ocrx_word' id='word_1_430' title='bbox 751 3177 880 3216; x_wconf 86' lang='lat' dir='ltr'><strong>below.</strong></span> 
     </span>
    </p>
   </div>
  </div>
 </body>
</html>
