2124 3458
205 177 294 218 348
1819 182 1958 216 PART
1982 183 2014 215 V

205 320 453 368 cuiusmodi
473 321 527 367 sit
545 319 856 381 paterfamilias
875 319 1144 380 deprehendi
1162 337 1214 367 ex
1232 319 1396 367 familia
1410 319 1717 380 pulcherrime.
1740 324 1839 367 Nec
1855 319 2017 368 liberos

206 389 344 436 modo
369 403 619 450 parentum,
645 387 721 435 sed
746 402 787 435 et
808 405 956 435 servos
982 387 1269 435 dominorum
1298 405 1443 435 mores
1467 387 1605 435 solere
1631 387 1805 444 referre,
1828 402 1876 436 ut
1901 389 1947 435 in
1972 406 2017 436 re

205 475 383 519 quoque
410 457 653 504 domestica
677 456 793 504 idem
819 456 1013 504 accidere
1036 456 1230 503 dicamus
1256 456 1376 517 quod
1401 456 1526 504 Plato
1550 457 1626 504 aitx
1651 457 1824 504 evenire
1848 457 1893 504 in
1919 457 2019 504 civi·

204 526 379 573 tatibus.
402 530 476 572 Est
498 526 617 572 enim
637 526 787 572 innata
806 525 851 571 in
872 524 999 572 nobis
1021 524 1223 572 imitandi
1242 524 1455 585 quaedam
1474 543 1566 572 non
1585 524 1740 585 pusilla
1759 525 1837 581 vis,
1858 543 1968 586 quae
1985 526 2021 573 si

205 594 259 641 ad
281 595 388 641 vitia
411 611 567 640 eorum
594 594 669 653 qui
691 593 883 653 praesint
908 607 1205 649 convertatur,
1230 592 1482 640 incredibile
1507 592 1627 639 dictu
1651 607 1712 640 est
1738 610 1870 653 quam
1893 592 2017 640 facile

205 661 431 709 coalescat.
459 662 646 708 Virtutis
676 661 810 717 enirn,
840 660 961 721 quod
989 678 1050 717 ea,
1078 675 1126 708 ut
1155 660 1374 708 Aristotili
1401 660 1599 721 placuit,y
1628 661 1741 708 circa
1767 660 2019 709 difficiliora

203 745 414 786 versetur,
434 744 483 777 ut
502 744 563 777 est
583 729 847 777 laboriosior
869 730 1073 785 imitatio,
1093 730 1153 776 ita
1170 743 1211 776 et
1230 730 1380 776 rarior.
1401 728 1528 776 Adde
1547 730 1678 776 etiam
1699 728 1820 790 quod
1838 730 2019 777 innasci-

203 814 277 846 tur
291 799 440 846 nescio
457 798 564 859 quid
580 813 847 859 augeturque
863 797 1195 854 consuetudine,
1212 797 1333 858 quod
1350 816 1531 845 monere
1548 798 1764 845 continuo
1780 797 1956 846 videtur
1969 812 2018 846 ut

204 867 258 915 ad
286 885 441 914 eorum
473 867 663 914 maxime
695 867 769 927 qui
796 880 1141 927 progenuerunt,
1174 866 1416 927 quibusque
1448 867 1737 923 convivimus,
1767 866 2013 914 similitudi-

204 933 344 983 nern⁶5
367 953 513 982 mores
534 950 575 982 et
595 936 675 996 ipsi
696 950 871 982 nostros
893 934 1165 995 effingamus.
1191 934 1330 994 Quod
1350 949 1391 982 et
1410 934 1512 982 facit
1529 949 1577 982 ut
1596 934 1760 982 soleam
1779 936 2018 983 stemmati·

203 1004 284 1051 bus
310 1005 414 1060 istis,
441 1022 551 1064 quae
577 1003 781 1050 nonnulli
812 1004 973 1050 iactant
997 1004 1129 1050 etiam
1154 1021 1283 1064 supra
1308 1003 1508 1060 modurn,
1537 1017 1579 1050 et
1602 1004 1769 1063 generis
1796 1002 2018 1051 nobilitati

202 1072 300 1133 plus
331 1069 575 1119 tribuere.⁶⁶
603 1072 744 1132 Magis
771 1086 887 1119 certe
914 1071 1057 1119 multo
1087 1086 1149 1119 est
1177 1071 1362 1119 arduum
1390 1089 1483 1128 suo,
1515 1085 1563 1118 ut
1591 1072 1726 1128 aiunt,
1754 1076 1899 1119 Marte
1924 1072 2016 1119 sine

204 1141 425 1187 maiorum
451 1140 728 1187 adminiculis
753 1139 849 1187 fieri
871 1139 1080 1186 nobilem.
1107 1139 1247 1199 Quod
1269 1139 1349 1186 tibi
1372 1140 1537 1200 ingenti
1560 1157 1660 1186 cum
1684 1139 1809 1186 laude
1831 1154 1907 1186 tua
1927 1157 2021 1187 eve-

204 1210 315 1257 nisse
332 1227 416 1270 pro
437 1223 586 1256 nostra
603 1209 796 1256 amicitia
810 1208 1098 1256 vehementer
1110 1208 1316 1269 gratulor.
1336 1207 1419 1255 Sed
1433 1226 1577 1269 perge,
1596 1226 1769 1269 quaeso.
1788 1208 1878 1255 Etsi
1897 1208 2017 1255 enim

204 1296 297 1325 non
316 1278 462 1338 probo
485 1296 537 1324 ex
559 1277 623 1324 his
644 1277 787 1337 aliqua
806 1295 914 1337 quae
935 1295 958 1324 a
976 1291 1018 1324 te
1039 1276 1091 1324 de
1108 1276 1273 1337 legibus
1295 1276 1434 1337 deque
1453 1276 1615 1324 forensi
1636 1295 1715 1324 usu
1737 1276 2015 1324 disertissime

203 1346 426 1402 dicuntur,
451 1345 741 1392 nihilominus
767 1360 917 1392 tamen
939 1345 1047 1391 nihil
1072 1360 1134 1392 est
1157 1345 1277 1405 quod
1300 1363 1434 1405 aeque
1455 1345 1628 1405 cupiam
1652 1362 1784 1405 quam
1806 1344 1954 1392 audire
1976 1359 2019 1392 te

203 1414 256 1461 de
279 1414 407 1461 rebus
430 1414 591 1461 nostris
614 1414 883 1474 argutissime
908 1413 1234 1474 disputantem.’

290 1486 397 1543 ‘Ego
419 1485 555 1538 vero‚'
580 1483 776 1543 inquam,
800 1485 1005 1542 ‘pergam‚
1029 1496 1070 1528 et
1090 1481 1170 1528 tibi
1190 1499 1336 1542 geram
1357 1499 1541 1528 morem.
1566 1483 1634 1528 Tu
1657 1480 1795 1528 modo
1816 1499 1925 1542 quae
1948 1480 2018 1528 ali-

202 1566 271 1598 ter
290 1551 450 1598 sentias
473 1551 639 1611 aperire
663 1549 821 1597 deinde
843 1568 935 1597 non
959 1550 1158 1610 graveris.
1183 1554 1293 1597 Non
1318 1550 1404 1597 iam
1427 1567 1562 1610 usque
1586 1567 1609 1597 a
1629 1546 1890 1610 principio⁶⁷
1913 1548 2015 1597 illuc

202 1619 391 1667 tetendit
408 1620 552 1667 oratio
572 1637 682 1675 mea,
700 1634 748 1666 ut
770 1619 1024 1679 magistrum
1046 1637 1115 1666 me
1135 1618 1336 1666 videlicet
1354 1633 1426 1666 aut
1446 1633 1646 1666 autorem
1665 1617 1901 1679 quemdam
1920 1636 2014 1665 non

203 1690 403 1749 ignarum
433 1706 580 1735 rerum
607 1687 746 1735 aliena
768 1688 1024 1748 praesertim
1051 1688 1096 1733 in
1122 1687 1349 1748 disciplina
1372 1686 1620 1747 profiterer,
1644 1704 1799 1734 verum
1825 1701 1873 1734 ut
1899 1704 1951 1734 ex
1975 1701 2017 1734 te

202 1756 383 1804 tandem
402 1774 512 1817 quae
528 1757 677 1803 verior
692 1756 909 1803 sententia
925 1770 1032 1802 esset
1050 1755 1349 1816 intelligerem.
1371 1755 1511 1814 Quod
1529 1769 1570 1802 et
1586 1769 1634 1802 tu
1652 1754 1832 1802 fortasse
1849 1754 2016 1802 facilius

203 1843 305 1872 cum
331 1843 401 1872 me
427 1824 643 1871 audiveris
667 1823 913 1884 explicabis.
941 1828 1101 1884 Neque
1125 1823 1177 1871 ab
1203 1841 1261 1880 re,
1286 1824 1459 1884 opinor,
1485 1823 1714 1884 putabitur
1736 1823 1771 1870 si
1796 1822 1902 1870 haec
1924 1823 2013 1884 ipse

204 1892 545 1953 haudquaquam
568 1892 724 1939 doctus
746 1891 884 1938 homo
907 1909 1008 1938 cum
1031 1891 1300 1948 doctissimo,
1323 1906 1370 1938 ut
1392 1892 1437 1937 in
1458 1890 1570 1938 ludis
1590 1890 1732 1938 solent
1755 1905 1797 1938 et
1817 1890 2016 1938 cantibus

203 1961 347 2022 aliqua
360 1962 658 2022 praemittere,
673 1960 832 2008 fuerim
849 1960 1107 2021 prolocutus
1123 1961 1254 2021 prius.
1276 1959 1403 2007 Illum
1420 1960 1551 2020 igitur
1566 1977 1646 2007 nos
1664 1973 1831 2020 quanto
1844 1973 2014 2020 potera-

204 2048 300 2077 mus
319 2029 560 2077 modestius
581 2028 1007 2090 reprehendebamus
1025 2029 1100 2089 qui
1116 2047 1208 2076 non
1225 2029 1398 2076 veritati
1414 2027 1700 2075 inveniendae
1717 2027 1925 2084 studeret,
1941 2026 2017 2075 sed

202 2099 413 2145 victoriae
437 2099 482 2143 in
507 2115 633 2144 causa
655 2097 975 2157 comparandae
1000 2115 1179 2157 operam
1205 2114 1385 2144 omnem
1410 2114 1533 2143 suam
1558 2111 1854 2156 conatumque
1878 2096 2017 2143 inten—

203 2166 338 2213 deret.
363 2169 522 2212 Artem
544 2165 707 2212 scilicet
733 2166 818 2212 iam
842 2164 1047 2212 vincendi
1070 2164 1304 2225 quandam,
1329 2182 1421 2212 non
1445 2163 1747 2212 dilucidandae
1769 2178 1898 2225 atque
1921 2181 2015 2224 ape·

203 2234 379 2281 riendae
397 2235 592 2281 veritatis
611 2249 652 2281 et
673 2234 860 2281 iustitiae
880 2233 1179 2280 defendendae
1195 2233 1389 2280 studium
1412 2232 1614 2280 nonnulli
1638 2233 1887 2280 existimant
1908 2232 2012 2279 iuris

204 2302 316 2349 hanc
333 2317 374 2349 et
389 2302 535 2362 legum
552 2317 873 2349 sacrosanctam
891 2301 1178 2362 disciplinam,
1199 2319 1284 2362 qua
1299 2301 1436 2348 modo
1454 2301 1549 2348 fora
1564 2302 1714 2348 omnia
1731 2301 1791 2348 ita
1804 2314 2010 2348 resonant

202 2385 293 2418 tam
333 2370 518 2417 dissonis
557 2371 772 2431 variisque
811 2370 1075 2417 clamoribus
1112 2384 1491 2430 perstrepuntque.
1533 2373 1683 2430 Opere
1718 2369 1911 2430 pretium
1950 2382 2013 2416 est

203 2439 371 2499 ingredi
391 2439 672 2499 quorundam
695 2438 982 2486 bibliothecas
1004 2453 1133 2499 atque
1152 2437 1352 2485 officinas
1370 2438 1518 2499 potius
1539 2455 1765 2485 causarum
1787 2451 1829 2484 et
1847 2454 2015 2484 coacer-

202 2508 449 2554 vatissimos
470 2508 682 2567 inspicere
700 2506 916 2553 librorum
936 2506 1149 2562 cumulos,
1171 2524 1280 2567 quos
1298 2507 1343 2552 in
1360 2521 1457 2553 rota
1470 2506 1631 2566 partim
1648 2505 1835 2561 libraria,
1852 2506 2014 2566 partim

203 2575 257 2622 ad
272 2576 459 2635 parietes
477 2592 691 2635 appensos
711 2574 868 2621 tabulis
887 2589 1097 2635 tanquam
1115 2575 1282 2621 scriniis
1301 2574 1623 2630 distenduntur,
1645 2573 1893 2634 habentque
1911 2590 2013 2620 con-

202 2644 331 2689 tinuo
357 2642 547 2689 reclusos
568 2657 934 2703 praeparatosque
958 2642 1212 2702 legentibus.
1240 2643 1323 2702 Ipsi
1349 2643 1393 2687 in
1417 2641 1565 2688 medio
1589 2642 1874 2688 consistentes
1896 2658 2015 2687 nunc

204 2710 284 2757 hos
316 2710 492 2767 adeunt,
524 2729 641 2758 nunc
673 2710 769 2757 illos
798 2728 882 2771 pro
913 2710 1161 2757 diversitate
1191 2725 1319 2770 atque
1348 2707 1646 2757 obscuritate⁶⁸
1679 2726 1918 2756 causarum.
1952 2713 2015 2756 Ita

203 2779 322 2826 enim
340 2793 498 2839 putant
515 2778 636 2839 quod
653 2778 809 2825 volunt
827 2778 1091 2825 confirmare
1107 2796 1232 2839 posse
1252 2777 1448 2834 habilius,
1468 2792 1510 2824 et
1524 2777 1702 2824 clientes
1719 2776 1861 2824 multo
1877 2777 2012 2837 magis

204 2847 269 2894 his
293 2862 360 2894 tot
383 2847 599 2894 librorum
624 2846 879 2907 spectaculis
901 2864 1055 2893 eorum
1079 2864 1166 2893 esse
1188 2847 1444 2906 sapientiam
1468 2846 1714 2892 miraturos.

308 2914 618 2975 Pandolphum
672 2914 1022 2970 Collenuccium,
1076 2914 1337 2960 Pisaurensis
1386 2913 1595 2974 principis
1646 2927 1687 2959 et
1734 2912 2013 2959 Florentinae

283 3143 298 3157 ¹
318 3139 429 3183 Plato,
448 3142 546 3176 Laws
563 3142 623 3183 JV,
642 3141 744 3176 711C
763 3142 795 3176 3.

284 3201 299 3223 y
317 3196 503 3240 Aristotle,
522 3196 737 3234 Nich.Ethics.
763 3199 984 3240 11‚3,1105a9.
