2124 3464
198 156 254 197 88
1827 159 1965 193 PART
1990 160 2004 193 1

199 300 298 362 quel
321 301 515 360 Signore.
543 289 577 345 ΪΞ
600 317 624 345 3
645 303 815 345 Faenza
835 316 928 344 uno
953 296 1265 344 imbasciadore
1290 297 1505 344 vinitiano
1530 311 1571 344 et
1592 315 1705 344 sono
1730 296 1811 344 alla
1832 297 2010 357 guardia

197 374 282 416 200
304 368 413 415 fanti
434 368 648 414 vinitiani.
673 366 835 425 Quella
857 365 1094 412 medesima
1115 365 1388 412 dubitatione
1411 364 1470 411 ho
1492 364 1657 412 havuto
1679 379 1720 411 et
1742 365 1800 411 ho
1822 364 1934 425 degli
1954 364 2009 412 al-

198 437 269 492 tri,
296 453 422 483 come
447 434 522 482 v’o
547 435 712 494 scripto
737 433 844 481 altra
866 433 999 489 volta,
1025 447 1066 480 et
1092 432 1199 480 hora
1222 432 1298 493 piu
1321 451 1400 493 per
1423 432 1467 479 lo
1493 432 1696 493 exemplo
1721 432 1766 479 di
1788 426 2005 480 Riminof'

199 503 373 551 Benche
402 507 577 550 Peseroc
603 520 774 563 sempre
803 502 838 549 si
867 502 928 548 sia
956 515 1157 548 monstro
1186 500 1262 562 piu
1293 500 1435 548 fermo
1463 500 1544 548 alla
1571 501 1641 547 via
1669 515 1830 557 nostra,
1859 518 1944 562 pur
1972 500 2010 548 el

197 586 402 633 sospecto
434 586 475 618 et
502 570 663 631 gelosia
692 570 809 617 dello
837 584 952 617 stato
981 569 1002 616 ὲ
1033 569 1077 616 di
1106 568 1227 616 forza
1255 570 1359 616 assai
1388 568 1643 616 nell’animo
1675 587 1696 616 e
1726 568 1780 616 da
1804 568 2008 630 pensarlo

198 641 325 696 bene3
347 654 388 686 et
407 639 506 700 qual
525 640 586 686 sia
604 638 747 699 quella
764 637 924 685 sicurta
941 637 1020 684 che
1041 637 1172 684 habbi
1191 655 1214 684 a
1232 637 1398 684 bastare
1417 655 1496 697 per
1512 636 1726 697 quietarli,
1745 640 1931 684 maxime
1950 636 2009 684 di-

199 708 379 755 cendosi
401 707 538 754 molte
559 706 702 753 favole
724 706 873 766 d'ogni
895 723 1008 761 cosa,
1031 723 1156 752 come
1177 706 1211 752 si
1233 704 1275 752 fa
1294 719 1335 752 et
1356 722 1481 751 come
1501 704 1523 751 ὲ
1544 704 1821 765 ragionevole
1844 705 1889 750 in
1910 722 2010 752 cose

198 776 232 823 si
255 775 421 836 grandi.

285 834 319 890 ΪΞ
340 843 483 890 molto
500 844 691 904 piaciuta
709 842 875 903 l'opera
895 841 1008 889 facta
1020 859 1100 902 per
1117 842 1191 888 voi
1210 841 1321 888 colla
1338 840 1507 888 Maesta
1523 841 1591 888 del
1611 845 1674 888 Re
1690 859 1770 902 per
1786 840 1827 888 la
1844 842 2012 888 restitu-

199 914 321 960 tione
348 912 392 959 di
418 915 616 959 Serzana.
644 915 695 958 Se
720 911 882 972 potessi
911 910 1138 971 optenerla
1164 911 1308 957 inanzi
1337 909 1418 957 alla
1442 909 1723 957 conclusione
1753 909 1864 957 della
1887 927 2008 971 pace,

197 980 359 1042 perche
383 981 458 1041 qui
482 981 686 1027 ciascuno
712 983 893 1026 n'aveva
912 978 1103 1040 perduto
1126 978 1166 1026 la
1187 997 1394 1039 speranza
1418 993 1460 1026 et
1483 978 1595 1026 nella
1615 996 1720 1039 pace
1745 996 1905 1026 ancora
1927 979 1966 1026 ci
1989 977 2011 1026 ὲ

199 1049 271 1097 chi
297 1049 518 1105 dubitava,
546 1067 598 1095 ve
627 1066 680 1095 ne
709 1047 991 1095 risulterebbe
1022 1047 1191 1094 honore
1219 1048 1323 1094 assai
1350 1062 1391 1094 et
1417 1046 1595 1094 sarebbe
1624 1061 1826 1108 reputato
1853 1046 1907 1094 da
1931 1047 2006 1094 voi

198 1133 331 1165 tutto.

304 1190 362 1233 Le
382 1203 481 1233 cose
503 1199 651 1232 nostre
674 1185 748 1245 qui
768 1203 880 1232 sono
904 1202 1029 1231 corne
1050 1183 1088 1231 le
1107 1183 1302 1231 lasciasti.
1323 1187 1374 1231 Se
1396 1184 1434 1231 ci
1455 1182 1565 1231 fusse
1587 1183 1673 1231 ben
1695 1183 1878 1244 qualche
1898 1183 2011 1231 mala

198 1253 397 1310 volonta,
419 1254 480 1300 mi
499 1271 602 1314 pare
623 1253 766 1300 molto
785 1252 907 1300 buon
927 1270 1061 1313 segno
1080 1253 1114 1299 si
1135 1252 1368 1299 dimonstri
1388 1270 1521 1299 meno
1542 1251 1620 1299 che
1640 1251 1818 1313 quando
1838 1252 1901 1299 eri
1919 1252 2008 1313 qui3

199 1337 241 1370 et
263 1340 366 1383 pare
391 1322 431 1369 la
453 1336 601 1369 vostra
625 1322 902 1382 reputatione
926 1321 1147 1368 cresciuta.
1173 1325 1226 1368 Et
1249 1339 1291 1368 se
1318 1320 1344 1367 ’l
1369 1320 1457 1367 fine
1480 1320 1572 1368 sara
1596 1319 1695 1381 quel
1719 1319 2010 1367 desideriamo

199 1406 241 1438 et
264 1391 338 1437 voi
363 1409 416 1437 ne
439 1390 538 1437 date
558 1408 780 1450 speranza,
804 1389 915 1436 nihil
933 1403 1069 1450 supra.
1095 1393 1135 1435 A
1157 1390 1231 1436 voi
1256 1390 1316 1435 mi
1340 1388 1646 1436 raccomando.
1670 1393 1734 1434 Ex
1756 1388 1923 1435 Palatio
1945 1388 2014 1435 die

203 1464 253 1505 12
276 1459 463 1506 Ianuarii
489 1463 607 1505 1479.
632 1458 828 1505 Servitor
849 1457 1184 1504 Bartholomeus
1207 1456 1338 1504 Scala.

285 1527 379 1586 Qui
400 1544 607 1587 vengono
629 1525 739 1573 delle
759 1543 856 1573 cose
877 1526 914 1573 ci
933 1526 1135 1572 scrivette
1154 1524 1198 1572 di
1218 1524 1327 1572 costi
1346 1524 1401 1572 da
1417 1529 1560 1572 Roma
1580 1525 1625 1571 in
1643 1525 1817 1586 privati,
1837 1539 1879 1572 et
1897 1542 1921 1572 a
1939 1542 2010 1571 me

199 1595 220 1643 ὲ
241 1610 342 1643 suto
364 1594 495 1642 decto
513 1594 592 1642 che
614 1594 658 1642 di
678 1594 821 1655 quegli
843 1594 922 1641 che
942 1612 1054 1641 sono
1076 1593 1185 1641 costi
1206 1593 1318 1641 nella
1337 1608 1484 1641 vostra
1502 1594 1761 1654 compagnia
1779 1607 1880 1640 sunt
1889 1592 2011 1654 pleni

198 1667 412 1711 rimarum
435 1678 476 1710 et
497 1663 576 1710 che
598 1663 651 1710 da
669 1662 768 1710 loro
790 1662 812 1710 ὲ
832 1663 996 1723 scripto
1018 1662 1068 1709 la.
1091 1666 1141 1709 Se
1162 1663 1205 1709 vi
1223 1680 1326 1723 pare
1347 1663 1542 1723 importi,
1567 1662 1857 1709 n'ammonite
1879 1679 2006 1709 come

198 1733 241 1779 vi
259 1750 377 1793 pare,
397 1750 490 1779 non
510 1731 737 1792 allegando
756 1749 839 1788 me,
859 1730 1034 1792 perche,
1053 1749 1178 1778 come
1197 1745 1356 1792 sapete,
1373 1732 1512 1778 siamo
1531 1730 1601 1778 vel
1615 1734 1729 1778 vitro
1737 1729 1988 1791 fragiliores.

1080 1874 1132 1914 90

583 1944 660 1983 TO
684 1944 963 1983 LORENZO
986 1944 1075 1982 DE’
1097 1944 1308 1983 MEDICI
1329 1945 1395 1982 IN
1414 1944 1628 1982 NAPLES

904 2014 953 2050 17
970 2014 1161 2062 January
1184 2013 1307 2050 14802

282 2107 395 2145 MAP
415 2108 560 2153 34,415.
583 2104 768 2156 Original.
789 2104 1027 2157 Autograph.
1049 2104 1106 2144 ed.
1125 2107 1166 2152 F,
1185 2107 1363 2144 204-205.
1384 2103 1621 2156 Engl.transl.
1641 2104 1681 2143 in
1700 2106 1806 2151 Ross,
1828 2106 1924 2144 234-

283 2164 342 2201 35.
370 2164 486 2201 Verso:
508 2160 742 2212 ‘[Magnifico
766 2161 875 2209 Vi]ro
897 2161 1099 2200 Laurentio
1122 2160 1167 2200 de
1187 2159 1358 2208 [Medicis
1380 2161 1493 2212 pat]ri
1514 2173 1549 2200 et
1571 2159 1804 2200 benefactori
1822 2162 1925 2208 [meo

281 2216 475 2268 Ne]apoli,
498 2218 581 2256 etc.'
603 2216 716 2256 Recd.
738 2219 783 2255 22
800 2219 993 2265 Jan.1480.
1012 2216 1124 2264 Scala,
1146 2219 1264 2256 95-96
1283 2219 1371 2264 [59].

197 2319 436 2380 Magnifice
454 2334 592 2381 pater,
614 2319 871 2367 benefactor
888 2320 960 2367 mi.
985 2324 1044 2367 La
1061 2319 1226 2380 brigata
1244 2334 1309 2367 sta
1327 2334 1441 2367 tutta
1458 2319 1566 2366 sulla
1585 2317 1727 2375 colla,l
1750 2333 1791 2366 et
1810 2318 1831 2366 ὲ
1853 2318 2006 2366 moles-

197 2389 363 2436 tissima
393 2403 544 2449 questa
573 2388 733 2435 tardita
758 2388 870 2435 della
898 2388 1193 2444 conclusione,
1226 2406 1351 2435 come
1381 2387 1557 2435 vedrete
1581 2405 1661 2448 per
1688 2387 1728 2435 la
1754 2386 1910 2435 lettera
1935 2386 2006 2434 dei

196 2451 360 2504 Dieci.b
382 2460 454 2504 Da
475 2461 619 2504 Roma
641 2475 787 2518 spesso
811 2475 1016 2517 vengono
1038 2456 1190 2504 lettere
1210 2457 1255 2502 in
1279 2454 1561 2503 mercatanti²
1583 2455 1662 2503 che
1685 2456 1724 2503 ci
1745 2455 2007 2503 aburattano

198 2525 225 2571 il
247 2525 450 2581 cervello,
473 2543 564 2572 non
586 2526 702 2572 varie
722 2525 963 2572 solamente
986 2525 1039 2572 da
1057 2543 1144 2572 una
1164 2525 1218 2572 ad
1234 2525 1435 2581 un’altra,
1457 2543 1527 2572 ma
1547 2525 1777 2571 contrarie:
1801 2524 1853 2571 ‘el
1874 2527 2007 2584 Papae

278 2724 293 2748 ¹³
312 2729 474 2766 Roberto
492 2729 688 2773 Malatesta,
709 2729 806 2767 Lord
824 2728 865 2766 of
882 2730 1029 2773 Rimini,
1048 2728 1119 2766 also
1141 2728 1333 2777 employed
1351 2729 1399 2777 by
1416 2728 1479 2766 the
1495 2728 1626 2776 league,
1646 2727 1690 2765 cf.
1707 2727 1827 2765 letters
1847 2731 1902 2772 82,
1919 2739 2007 2765 note

197 2782 233 2831 b)
252 2782 324 2820 and
340 2786 394 2827 87,
412 2794 500 2820 note
517 2782 552 2831 b)
571 2782 696 2820 above.
717 2784 781 2820 On
798 2782 852 2820 his
868 2794 1035 2831 attempts
1053 2794 1087 2820 at
1103 2781 1174 2820 this
1190 2783 1277 2820 time
1294 2793 1333 2820 to
1351 2782 1528 2830 negotiate
1544 2795 1564 2819 a
1579 2793 1741 2819 contract
1755 2780 1846 2819 with
1860 2781 2005 2824 Venice,

196 2838 336 2879 Lettere,
356 2838 413 2878 III,
432 2838 510 2878 362,
530 2847 616 2872 note
638 2838 689 2872 14.

278 2897 292 2911 ⁰
303 2895 491 2993 ἕζοεξιηῑο
509 2893 642 2937 Sforza,
662 2893 759 2931 Lord
773 2893 814 2931 of
829 2895 966 2937 Pesaro,
982 2907 1038 2931 see
1057 2896 1232 2937 Lorenzo,
1248 2896 1385 2936 Lettere,
1404 2895 1461 2936 IV,
1480 2895 1580 2936 9-10,
1598 2903 1684 2929 note
1702 2895 1733 2936 6,
1748 2890 1819 2929 and
1833 2890 1939 2929 letter
1952 2894 2006 2935 87,

197 2958 285 2983 note
359 2959 379 2983 a
405 2959 485 2983 ove.

278 3008 290 3021 ²
306 3003 486 3052 Probably
500 3016 540 3041 to
557 3004 600 3041 be
617 3003 698 3041 read
714 3006 782 3041 ‘17‘
799 3003 935 3041 instead
947 3003 988 3041 of
1002 3005 1071 3041 ‘15’
1087 3017 1121 3040 as
1138 3004 1176 3040 in
1192 3006 1228 3047 F,
1245 3006 1333 3040 Ross
1349 3002 1419 3040 and
1432 3002 1536 3046 Scala,
1553 3005 1597 3040 96
1612 3005 1693 3048 [75],
1712 3013 1798 3039 note
1812 3004 1868 3045 983
1883 3000 1928 3039 cf.
1943 3000 2006 3039 the

197 3057 331 3094 Dieci's
348 3055 454 3094 letter
468 3068 508 3093 to
528 3059 692 3093 Lorenzo
711 3055 752 3093 of
771 3059 811 3093 17
826 3059 982 3104 January
1001 3054 1223 3103 (Palat.1091,
1241 3054 1305 3092 fol.
1324 3054 1457 3103 38r—v).

278 3107 293 3132 b
311 3117 373 3152 See
390 3126 478 3152 note
496 3114 527 3162 a)
547 3114 672 3152 above.

279 3177 292 3191 ⁶
308 3172 425 3209 Sixtus
445 3175 502 3209 IV.
