2072 3450
134 181 387 216 TEXTUAL
411 180 586 214 NOTES

133 321 218 355 214.

133 373 217 407 216.
233 367 242 389 ¹

133 530 243 598 220.2

132 630 242 669 221.ι

132 740 216 774 222.

131 1316 215 1349 223.

131 1896 215 1930 224.

132 2788 216 2822 225.
231 2783 242 2804 ¹

234 315 243 337 ¹
258 329 318 354 aut
332 319 375 353 V:
391 328 431 354 ut
445 318 498 364 Ly

258 368 445 418 quomodo
462 370 505 405 V:
521 382 633 416 quum
649 369 675 404 L

230 420 244 442 ²
258 422 416 471 Vergilio
430 424 494 470 Ly:
509 420 659 470 Virgilio
673 422 706 456 V

231 471 243 494 ³
258 474 468 522 opposueris
483 475 526 509 V:
542 473 747 521 apposueris
762 474 815 520 Ly

233 525 242 546 ¹
258 529 405 564 Iustum:
421 540 460 563 ex
471 525 531 562 do.
547 526 718 563 Giustum
733 539 815 562 corr.
833 525 895 561 MS

230 576 374 616 ²:erunt
388 589 543 627 suprascr.
562 578 625 614 MS

230 631 497 703 ²probandum:
513 629 699 679 probanda
712 631 775 667 MS

230 681 315 720 ²me
325 694 401 732 post
413 682 616 719 doctrinam
628 681 739 718 delevi

257 749 307 774 est
320 748 476 785 suprascr.
495 737 558 772 MS

229 786 494 837 ²postliminio:
509 787 695 836 postlimio
711 788 774 824 MS

230 839 609 890 ³te(?)postesseadd.
626 842 689 877 MS

229 892 243 913 ⁴
257 906 362 941 atque
376 893 497 929 amicis
511 907 550 929 ex
562 893 702 940 tuisque
716 906 799 928 corr.
816 893 879 928 MS

230 944 242 966 ⁵
256 946 323 983 tibi
336 957 492 994 suprascr.
511 947 574 982 MS

229 996 243 1017 ⁶
257 998 390 1034 litteras
402 1009 558 1045 suprascr.
577 998 640 1033 MS

230 1048 243 1070 ⁷
258 1051 402 1099 ingenio
416 1065 455 1087 ex
468 1062 594 1087 namra
606 1064 689 1086 corr.
706 1050 769 1086 MS

230 1100 242 1122 ⁸
256 1115 307 1140 est
319 1114 476 1151 suprascr.
494 1103 558 1139 MS

228 1153 243 1175 ⁹
255 1156 350 1193 -dam
366 1156 497 1192 nostris
509 1167 665 1203 suprascr.
683 1156 747 1191 MS

232 734 242 756 i

1097 171 1385 211 1:214-225

1840 171 1930 210 519

231 1205 259 1227 ¹⁰
270 1207 338 1244 Sed
351 1207 464 1244 valeat
477 1237 484 1244 .
501 1237 508 1243 .
524 1237 531 1243 .
545 1221 683 1255 serpere
697 1206 825 1243 lauros‘
841 1209 878 1243 in
893 1220 998 1254 marg.
1014 1220 1096 1242 corr.
1114 1209 1170 1242 ml
1187 1220 1226 1242 α
1239 1207 1295 1242 ‘Et
1309 1206 1419 1254 possit
1435 1205 1563 1242 hedera
1577 1204 1642 1241 hec
1654 1204 1721 1241 tibi
1735 1219 1874 1253 serpere

267 1261 360 1297 inter
371 1272 428 1297 tot
442 1260 571 1296 lauros’
587 1263 646 1296 m2

231 1310 241 1332 ¹
256 1312 459 1349 discederes:
476 1311 624 1348 disceres
639 1314 698 1348 m2

228 1363 243 1385 ²
256 1380 276 1402 a
288 1379 346 1402 me
361 1365 592 1402 vehementer
604 1376 760 1413 suprascr.
778 1367 837 1401 m2

230 1415 242 1437 ³
256 1432 275 1454 a
289 1431 346 1454 me
356 1428 432 1465 post
446 1429 656 1465 exoptatum
668 1415 730 1453 deL
748 1419 806 1453 m2

228 1469 243 1490 ⁴
256 1471 354 1519 prius
366 1481 449 1507 ante
460 1484 567 1518 quam
581 1469 643 1506 del.
660 1473 719 1506 m2

229 1520 242 1542 ⁵
256 1521 521 1571 proficiscerere
534 1537 573 1559 ex
585 1521 810 1571 proficiscere
823 1536 905 1558 corr.
922 1524 981 1558 m2

228 1574 243 1596 ⁶
257 1575 390 1625 Effugit
405 1591 424 1613 e
437 1590 574 1613 carcere
588 1575 870 1613 condonandum
885 1587 946 1612 est.
962 1577 1084 1612 Nemo
1099 1574 1213 1612 libens
1226 1574 1388 1611 libertate
1400 1586 1493 1611 caret
1502 1585 1578 1623 post
1591 1574 1708 1611 oratio
1720 1573 1783 1610 del.
1800 1577 1859 1610 m2

229 1626 243 1647 ⁷
256 1641 361 1666 caret:
375 1627 567 1676 hicfinitur
579 1631 637 1664 m2

229 1679 242 1701 ⁸
256 1683 391 1730 poteris
404 1696 443 1718 α
455 1694 557 1730 potes
571 1696 654 1718 corr.
671 1685 727 1717 ml

228 1731 243 1753 ⁹
256 1735 313 1771 cui
327 1746 378 1770 est
391 1745 547 1782 suprascr.
565 1748 604 1770 ex
616 1733 722 1770 bonis
735 1745 786 1770 est
799 1747 881 1770 corr.
899 1736 955 1769 ml

231 1784 259 1807 ¹⁰
272 1788 337 1836 ipsi
351 1801 391 1824 ex
404 1788 477 1835 ipse
491 1801 574 1823 corr.
591 1790 647 1823 ml

231 1837 256 1859 ¹¹
271 1854 317 1876 se:
331 1838 453 1876 addidi

231 1890 241 1912 ¹
256 1892 339 1930 Tibi
353 1907 391 1929 α
404 1892 470 1930 tibi
484 1907 567 1929 corr.
584 1895 643 1929 1112

228 1942 243 1964 ²
256 1944 428 1982 ornanda:
443 1944 635 1981 hornando
648 1946 714 1981 Mo

230 1995 242 2017 ³
256 1997 473 2046 adsumperis
489 2012 528 2034 ex
541 1997 759 2046 absumperis
775 2011 857 2034 corr.
874 2000 933 2034 m2

228 2048 243 2069 ⁴
256 2050 508 2098 Marsupinum
522 2064 562 2086 α
574 2050 851 2098 Marsuppinum
865 2063 948 2086 corr.
965 2052 1023 2085 m2

229 2101 242 2123 ⁵
255 2115 296 2139 ut
309 2117 348 2139 ex
361 2117 406 2139 ne
419 2117 502 2144 corr.
519 2106 578 2139 m2

228 2153 242 2174 ⁶
256 2154 355 2203 quod
368 2169 407 2192 ex
420 2154 534 2202 Quod
547 2154 765 2203 sup.lin.corr.
783 2158 842 2191 m2
860 2154 899 2201 (?)

229 2206 242 2227 ⁷
256 2208 385 2245 Videre
399 2222 438 2244 ex
450 2207 570 2245 videre
583 2222 666 2244 corr.
683 2211 741 2244 rn2

229 2257 242 2279 ⁸
256 2272 302 2297 et·
317 2262 360 2297 Et
374 2274 456 2297 corr.
474 2263 533 2296 m2

228 2311 243 2332 ⁹
256 2313 326 2350 alii:
341 2313 415 2350 Alii
427 2328 510 2350 corr.
528 2317 586 2350 m2

231 2363 259 2385 ¹⁰
231 2365 427 2438 ¹¹quidam:
444 2365 605 2413 Quidam
619 2380 702 2402 corr.
719 2368 778 2402 m2

246 2417 365 2455 ¹vani·
380 2420 471 2455 Vani
485 2433 568 2456 corr.
585 2422 644 2455 m2

231 2468 257 2490 ¹²
271 2472 412 2507 Poenos
425 2485 464 2507 α
477 2485 614 2518 poenos
629 2485 711 2507 corr.
729 2474 787 2507 m2

231 2521 257 2543 ¹³
271 2523 484 2572 foedifragos
500 2538 539 2560 ex
552 2523 746 2572 fedigragos
761 2538 844 2560 corr.
861 2527 919 2560 m2

231 2574 258 2595 ¹⁴
271 2588 476 2624 appetentes
490 2590 528 2612 ex
541 2575 677 2624 cupidis
691 2587 846 2624 suprascr.
865 2579 923 2612 m2

231 2627 257 2648 ¹⁵
271 2641 306 2666 et
320 2659 327 2665 .
343 2659 350 2665 .
367 2659 374 2665 .
390 2659 397 2665 .
413 2641 515 2665 natos
529 2643 568 2665 ex
580 2641 683 2665 natos
697 2641 800 2677 atque
815 2628 954 2677 linguae
966 2640 1121 2677 suprascr.
1140 2632 1198 2665 m2

231 2679 258 2700 ¹⁶
271 2680 357 2717 Vale
370 2691 453 2717 ante
466 2680 638 2729 impulisti
650 2680 713 2717 del.
730 2684 801 2723 1112,
815 2680 897 2717 hinc
907 2680 1032 2717 deinde
1043 2683 1101 2716 m2

232 2731 258 2752 ¹⁷
272 2734 316 2770 Iis
330 2734 373 2770 ist
385 2744 468 2770 ante
480 2734 544 2770 ista
555 2733 618 2770 del.
635 2736 694 2769 m2

256 2797 292 2822 te
305 2814 313 2821 .
329 2815 337 2821 .
352 2814 360 2821 .
376 2784 642 2833 indignabunda
655 2799 694 2821 ex
706 2799 782 2821 non
797 2797 869 2821 rata
881 2784 1098 2833 sup.lin.corr.
1116 2786 1179 2821 MS

229 2835 243 2857 ²
256 2839 312 2875 Sic
326 2837 385 2874 illa
398 2838 588 2875 nobiscum
603 2837 694 2874 ludit
702 2849 778 2886 post
791 2837 1039 2874 conditionem
1051 2837 1114 2874 del.
1131 2839 1194 2874 MS

230 2887 243 2909 ³
257 2889 406 2926 delectat
419 2904 458 2926 α
471 2889 621 2926 Gaudeo
635 2889 852 2937 sup.lin.corr.
871 2891 934 2926 MS

230 2941 244 2962 ⁴
257 2954 360 2991 putes
374 2957 413 2979 ex
425 2955 476 2979 est
488 2942 706 2991 sup.lin.corr.
724 2944 788 2979 MS

231 2991 243 3014 ⁵
257 3006 475 3042 conceptum
488 3005 644 3042 suprascr.
663 2996 726 3031 MS

230 3045 245 3066 ⁶
258 3048 369 3084 animi
381 3059 537 3095 suprascr.
556 3049 619 3084 MS

231 3096 245 3117 ⁷
259 3098 370 3135 modo
385 3113 424 3135 ex
437 3098 527 3135 mihi
541 3113 616 3147 per·
628 3098 845 3147 sup.lin.corr.
863 3100 927 3136 MS

232 3149 244 3171 ¹
259 3151 440 3200 Polignoti
455 3151 616 3200 quadam:
634 3155 671 3189 in
686 3151 871 3200 margadd.
888 3154 951 3189 MS
