2124 3458
136 163 317 197 ESSAYs
1842 158 1933 199 407

135 318 295 347 munus
320 314 397 355 est,
422 300 505 346 iam
528 314 623 346 turn
648 317 671 346 a
692 300 924 360 principio,
950 317 1050 346 cum
1075 300 1118 346 in
1142 300 1375 347 duodecim
1401 301 1539 348 tribus
1563 302 1681 348 iuxta
1703 319 1937 349 numerum

134 367 330 414 filiorum
367 367 494 414 Iacob
525 367 670 414 omnis
704 366 867 414 Israelis
894 366 1102 427 populusu
1138 381 1346 428 tanquam
1377 369 1422 414 in
1454 386 1587 415 unam
1621 369 1937 430 rempublicam

133 435 295 482 divisus
325 449 401 491 est,
431 450 608 482 auctore
639 435 769 482 etiam
800 435 894 495 ipso
925 449 966 482 et
994 450 1392 483 commonstratore
1423 435 1571 492 Deo,⁶¹
1604 441 1762 497 Moyse
1792 452 1939 484 autem

131 503 453 563 sapientissimo
487 502 562 550 illo
591 502 700 549 duce
728 517 857 563 atque
885 502 1134 550 felicissimo
1163 503 1432 564 perficiente.
1461 508 1621 565 Neque
1648 504 1724 552 ulli
1754 523 1938 565 usquam

131 570 285 631 populi
309 585 512 630 gentesve
536 570 646 617 adeo
668 570 874 617 barbarae
899 571 1196 632 immanesque
1220 571 1423 632 leguntur
1446 570 1589 633 quae⁶2
1614 573 1738 619 omni
1762 574 1937 633 penitus

133 638 341 698 religione
362 636 689 698 privarentur,⁶³
712 652 868 698 utputa
882 656 991 698 quae
1012 656 1112 685 cum
1135 640 1279 686 anima
1297 639 1425 686 simul
1442 641 1691 687 innascatur
1711 641 1755 686 in
1777 658 1936 701 corpus

132 720 174 752 et
201 723 301 752 cum
333 720 471 752 aetate
498 705 704 752 inolescat
732 704 911 752 simul.⁶⁴
943 706 1096 753 Dividi
1124 721 1270 754 autem
1298 707 1654 754 commodissime
1688 709 1732 754 in
1762 709 1939 755 caerim-

132 774 254 820 onias
275 787 316 820 et
335 791 454 820 sacra
469 773 593 820 solet.
617 771 815 820 Dicant⁶⁵
835 773 941 834 quid
960 774 1004 820 in
1027 774 1153 821 nobis
1173 775 1451 835 potissimum
1477 775 1723 822 notandum
1745 791 1935 823 censent.

130 842 192 888 Sit
234 841 318 888 hoc
359 841 527 888 dictum
565 841 683 888 bona
723 839 1003 888 amicorum⁶⁶
1043 843 1181 889 venia:
1222 840 1351 889 non⁶7
1391 844 1617 890 consuevit
1657 843 1937 891 Florentinus

129 909 320 970 populus
347 909 414 956 vel
441 909 610 956 cultura
633 927 856 956 sacrorum
882 909 950 957 vel
975 928 1129 957 eorum
1155 928 1264 971 quae
1289 910 1343 958 ad
1365 911 1609 958 ornandam
1635 930 1818 973 quoquo
1845 930 1936 959 mo-

131 975 224 1024 do⁶⁸
262 977 518 1037 religionem
553 978 775 1037 pertinent
810 977 937 1025 alicui
972 978 1136 1025 cedere.
1170 978 1406 1026 Declarant
1440 979 1484 1026 id
1517 994 1584 1027 tot
1619 980 1796 1040 templa,
1832 979 1935 1028 tot⁶⁹

130 1044 256 1092 aedes
274 1062 418 1091 sacrae
438 1059 560 1091 tanta
580 1059 801 1092 extructae
821 1045 1146 1105 magnificentia
1167 1061 1208 1093 et
1230 1046 1401 1102 decore,
1422 1062 1470 1094 ut
1494 1045 1690 1094 merito⁷⁰
1713 1049 1758 1094 in
1781 1048 1937 1095 admir-

130 1113 325 1159 ationem
355 1110 478 1159 esse71
508 1127 669 1172 queant
699 1113 904 1160 omnibus
936 1112 1201 1160 hominibus.
1237 1113 1408 1161 Confer
1435 1132 1536 1161 cum
1566 1116 1726 1162 nostris
1754 1115 1936 1163 aliarum

129 1181 358 1227 civitatum
382 1179 520 1227 moles
544 1180 702 1227 divinis
725 1180 905 1228 dictatas
927 1181 1192 1229 nominibus.
1221 1186 1319 1229 Nec
1342 1200 1530 1229 numero
1554 1181 1668 1230 nos⁷²
1692 1201 1772 1230 nec
1795 1184 1934 1231 nobil-

130 1249 233 1295 itate
255 1249 450 1295 invenies
473 1247 712 1295 inferiores.
1439 1298 1442 1300 .

212 1315 296 1362 Sed
324 1316 403 1362 ista
428 1334 585 1362 censeo
611 1314 790 1363 minus⁷³
820 1316 1160 1377 reprehendunt,
1189 1336 1242 1365 ne
1269 1318 1322 1365 ab
1348 1318 1476 1365 rebus
1504 1319 1617 1379 ipsis,
1647 1319 1775 1366 nobis
1803 1321 1935 1367 etiam

128 1383 387 1439 tacentibus,
425 1382 693 1444 arguantur.⁷
693 1383 709 1408 ⁴
750 1384 967 1432 Confusas
1007 1403 1095 1432 esse
1132 1384 1300 1446 magis⁷⁵
1339 1386 1455 1447 apud
1492 1405 1572 1434 nos
1609 1387 1847 1444 distinctas,
1885 1403 1933 1435 ut

128 1451 308 1512 quidam
339 1466 512 1512 putant,
544 1470 624 1498 usu
659 1467 898 1513 naturaque
930 1453 1190 1513 reipublicae
1222 1469 1367 1514 partes
1397 1472 1490 1501 non
1523 1473 1664 1516 aequo
1695 1456 1845 1502 animo
1879 1456 1935 1503 fe-

128 1517 282 1575 runt37⁶
304 1534 346 1566 et
365 1519 611 1566 sacerdotes
630 1521 761 1567 etiam
783 1535 912 1581 atque
932 1522 1159 1582 episcopos
1181 1537 1361 1569 vocatos
1381 1522 1508 1569 fuisse
1533 1524 1577 1569 in
1599 1523 1934 1571 administrandi

128 1604 194 1634 res
218 1586 425 1647 profanas
451 1588 706 1634 societatem
731 1587 921 1635 alienum
947 1587 1156 1649 putant.⁷⁷
1182 1592 1372 1637 Decreta
1394 1608 1501 1637 vero
1523 1590 1699 1651 publica
1727 1609 1819 1638 non
1846 1592 1932 1639 iam

125 1670 278 1702 senatu
301 1670 373 1702 aut
399 1656 651 1716 magistratu
673 1656 936 1713 auctoribus,
960 1657 1036 1704 sed
1057 1657 1256 1715 fratrum,
1279 1658 1354 1705 sed
1373 1659 1727 1719 praedicatorum
1749 1661 1933 1707 auctori-

126 1738 215 1771 tate
252 1724 377 1784 (quos
413 1722 625 1784 vocant)⁷⁸
664 1725 891 1785 rogatique
928 1740 970 1772 et
1002 1725 1186 1786 perferri
1222 1727 1378 1783 aiunt3v
1410 1727 1648 1788 prophetas
1684 1729 1816 1775 etiam
1852 1747 1933 1776 nos

126 1792 377 1838 excitavisse
399 1792 627 1852 quosdam,
652 1793 727 1853 qui
749 1811 841 1840 rem
863 1792 1202 1841 Florentinam79
1224 1794 1340 1855 apud
1363 1795 1552 1856 reliquos
1575 1795 1720 1843 Italiae
1742 1797 1931 1843 maxime

123 1859 315 1920 populos
343 1859 571 1906 ridiculam
598 1860 843 1907 redderent.
868 1862 1054 1908 Acriora
1079 1861 1183 1909 haec
1206 1862 1383 1923 quidem
1409 1877 1450 1910 et
1475 1863 1727 1911 difficiliora
1748 1879 1934 1925 propter

125 1945 222 1974 eam
252 1945 362 1988 quae
394 1927 446 1974 de
477 1927 779 1975 huiuscemodi
814 1929 941 1976 rebus
971 1928 1208 1977 oboritu1³³0
1243 1931 1358 1977 inter
1387 1930 1588 1979 homines
1621 1931 1931 1979 diversitatem.

126 1999 275 2056 Itaque
296 2010 338 2042 te
361 1995 469 2042 mihi
493 2014 625 2056 quam
647 1997 939 2044 attentissimo
962 2015 1072 2058 opus
1096 2013 1170 2045 est.

209 2064 362 2110 Enitar
384 2062 536 2110 enim⁸¹
562 2083 646 2125 pro
670 2083 767 2112 mea
788 2065 902 2111 virili
926 2080 974 2112 ut
999 2084 1053 2113 ne
1078 2066 1162 2113 hoc
1186 2065 1398 2127 quidem⁸²
1424 2067 1711 2115 indiscussum
1740 2068 1934 2116 indefen-

123 2130 343 2192 sumque⁸³
370 2132 652 2192 relinquatur.
675 2136 939 2193 Separantur
956 2152 1063 2181 vero
1083 2152 1107 2181 a
1124 2136 1252 2182 sacris
1269 2135 1466 2196 profana.
1491 2137 1604 2195 Quis
1626 2136 1670 2183 id
1690 2138 1932 2197 negaverit?

123 2203 290 2246 Verum
316 2217 404 2246 esse
429 2218 478 2247 ea
499 2201 614 2247 inter
634 2218 678 2247 se
703 2202 934 2258 contraria,
958 2220 1067 2262 quae
1089 2202 1168 2249 sub
1195 2202 1352 2250 eodem
1374 2221 1530 2264 genere
1554 2220 1856 2261 numerentur,
1881 2220 1929 2252 ut

125 2268 362 2314 convenire
387 2283 605 2328 nequeant
631 2268 774 2316 nullus
798 2269 865 2316 vel
891 2269 1149 2317 mediociter
1171 2270 1326 2318 doctus
1350 2273 1622 2319 concesserit.
1648 2276 1776 2332 Quae
1800 2274 1932 2333 igitur

125 2336 283 2382 iniuria
301 2350 363 2382 est
382 2336 416 2382 si
436 2335 621 2383 alterum
638 2354 772 2396 genus
791 2337 913 2384 alteri
930 2338 1172 2398 opituletur
1191 2341 1206 2385 ?
1227 2343 1310 2386 Res
1327 2357 1433 2386 vero
1448 2340 1624 2400 publica
1641 2340 1758 2388 unde
1775 2339 1930 2388 unde⁸⁴

122 2418 268 2464 potest
292 2403 471 2451 utilitati
494 2404 691 2452 consulat
717 2420 758 2452 et
780 2405 919 2453 saluti.
945 2410 1093 2467 Atque
1116 2422 1163 2454 ut
1188 2425 1305 2455 nunc
1329 2406 1543 2469 quidem⁸⁵
1567 2408 1673 2470 quid
1696 2410 1931 2470 antiquitas

122 2472 358 2519 servaverit
376 2473 791 2532 praetermittamus,
813 2492 905 2521 non
926 2474 1008 2521 soli
1030 2493 1110 2522 nos
1132 2475 1211 2523 hac
1232 2490 1489 2536 tempestate
1509 2476 1666 2524 talibus
1686 2478 1855 2525 utimur
1877 2478 1931 2525 ad

124 2554 240 2586 recte
266 2539 602 2599 gubernandum
635 2540 922 2598 adminiculis,
952 2542 1028 2589 sed
1058 2544 1237 2590 maximi
1267 2545 1398 2590 etiam
1428 2559 1470 2591 et
1498 2544 1697 2605 religioni
1727 2546 1927 2606 inprimis

123 2606 381 2654 deditissimi
416 2625 534 2668 reges
566 2623 607 2655 et
637 2609 792 2669 populi
826 2624 867 2656 et
897 2611 1116 2671 principes
1149 2611 1265 2658 idem
1297 2626 1418 2658 extra
1448 2630 1629 2659 omnem
1663 2614 1838 2673 penitus
1870 2614 1929 2659 vi-

123 2676 449 2735 tuperationem
467 2675 679 2723 factitant.
696 2676 807 2724 Illud
821 2679 959 2725 acrius
975 2678 1257 2735 invehuntur,
1275 2679 1396 2740 quod
1412 2695 1661 2727 nostrarum
1681 2681 1767 2727 iam
1782 2680 1928 2741 legum

123 2757 253 2803 atque
267 2742 547 2790 decretorum
574 2743 726 2791 fratres
751 2746 837 2792 sint
864 2760 906 2792 et
931 2746 1251 2806 praedicatores
1275 2761 1317 2794 et
1343 2748 1560 2808 peregrini
1587 2748 1766 2809 quidam
1782 2763 1928 2796 aucto-

202 2950 218 2964 ¹²
234 2945 311 2983 The
329 2947 559 2995 comparison
576 2947 740 2985 between
755 2947 817 2986 the
834 2948 963 2997 people
979 2948 1020 2986 of
1036 2949 1137 2987 Israel
1154 2949 1224 2987 and
1240 2949 1410 2988 Florence
1428 2964 1498 2988 was
1515 2950 1617 2989 made
1637 2951 1686 2999 by
1702 2951 1929 2990 Savonarola:

119 3010 177 3035 see
194 2999 390 3042 A.Brown‚
405 2998 645 3043 ‘Savonarola,
661 2999 889 3038 Machiavelli
902 2999 973 3038 and
986 3003 1116 3039 Moses:
1136 3015 1155 3039 a
1171 3000 1346 3050 changing
1361 3001 1506 3046 model,'
1524 3003 1563 3039 in
1578 3002 1735 3041 Florence
1747 3003 1822 3041 and
1832 3003 1931 3052 Italy:

119 3050 344 3139 ῗῖζιὲιὲζςςαηεε
357 3049 486 3088 Studia·
500 3053 537 3088 in
550 3050 688 3088 honour
699 3050 881 3099 osNicolai
891 3051 1107 3096 Rubinstein,
1123 3052 1176 3091 ed.
1193 3053 1373 3101 P.Denley
1387 3053 1458 3091 and
1471 3053 1628 3098 C.Elam‚
1645 3054 1811 3099 London,
1829 3059 1927 3098 1988,

201 3163 216 3177 '‘
236 3160 301 3196 On
317 3158 380 3197 the
397 3159 523 3208 charge
539 3159 618 3198 that
635 3160 806 3199 Florence
823 3175 894 3200 was
914 3164 1022 3200 ‘sotto
1042 3162 1066 3199 il
1084 3176 1242 3211 governo
1260 3162 1304 3201 de
1322 3177 1397 3201 uno
1415 3163 1528 3207 frate,'
1545 3178 1602 3202 see
1621 3164 1725 3208 Scala,
1748 3168 1812 3202 126
1829 3168 1911 3211 [86].
