2118 3444
219 172 311 212 274
1829 174 1967 208 PART
1992 175 2024 208 V

1114 319 1137 360 3

685 390 986 429 DIALOGUS
1008 390 1084 427 DE
1106 388 1569 428 CONSOLATIONE

1075 459 1178 496 1463

305 550 360 600 L¹,
379 551 463 592 fols.
487 554 714 598 104v-122v,
732 549 916 603 preceded
935 549 986 602 by
1007 565 1053 590 an
1072 549 1327 602 autographed
1344 549 1453 589 letter
1470 562 1510 589 to
1531 552 1704 589 Lorenzo
1723 548 1781 589 de’
1801 548 1943 589 Medici

305 607 414 648 dated
434 611 477 648 31
499 606 714 647 December
734 609 823 647 1463
843 607 883 645 in
901 608 972 654 Str,
991 605 1057 646 fol.
1077 610 1122 646 55
1143 605 1277 658 (edited
1298 621 1334 646 as
1351 605 1460 646 letter
1481 608 1521 646 13
1542 606 1581 644 in
1598 606 1741 646 section
1762 608 1778 644 I
1796 604 1942 658 above).

304 666 370 705 See
382 663 496 712 Scala,
512 666 789 711 36-37‚268-69
804 665 1049 711 [23-24‚185];
1068 664 1117 702 G.
1131 661 1329 710 McClure,
1341 663 1488 702 Sorrow
1497 660 1576 702 and
1589 660 1838 710 Consolation,
1857 664 1948 702 135-

304 723 363 760 39.
385 720 471 760 Tit.:
494 719 768 759 ‘Bartholomei
788 718 910 759 Scalae
930 718 1096 770 dialogus
1117 717 1163 758 de
1183 717 1442 758 consolatione
1464 718 1529 770 qui
1548 717 1685 758 dicitur
1706 719 1896 757 Cosmus?

220 823 503 883 Investiganti
519 822 629 868 mihi
647 821 878 882 diligenter
893 836 1021 882 atque
1037 821 1091 868 ad
1104 820 1423 868 consolandum
1442 820 1782 881 leniendumque
1799 838 2024 868 summum

221 891 423 938 dolorem
443 908 608 947 meum,
631 907 763 951 quem
782 907 833 937 ex
853 889 1131 937 acerbissimo
1152 889 1357 936 Iohannis
1376 888 1575 944 Medicis,
1595 889 1750 935 Cosmi
1770 887 1864 945 filii,
1885 888 2029 936 obitu·

219 960 516 1019 suscepissem,
550 959 748 1005 animum
781 957 866 1004 huc
894 972 1023 1018 atque
1051 957 1153 1004 illuc
1181 957 1384 1013 versanti,
1414 956 1522 1002 nihil
1549 957 1725 1017 penitus
1753 955 1955 1003 veniebat
1984 956 2031 1002 in

221 1041 418 1074 mentem
436 1026 557 1088 quod
573 1044 666 1074 non
684 1044 837 1086 augere
854 1026 988 1086 magis
1004 1043 1136 1086 quam
1152 1025 1293 1072 levare
1308 1024 1509 1072 dolorem
1526 1024 1759 1072 videretur.
1778 1025 1892 1084 Quis
1908 1025 2027 1071 enim

221 1095 461 1143 durissimis
494 1094 562 1142 vel
594 1094 827 1142 roboribus
861 1093 929 1141 vel
959 1093 1188 1155 lapidibus,
1220 1108 1268 1141 ut
1299 1094 1457 1141 Graeci
1487 1092 1750 1150 fabulantur,
1783 1107 1908 1140 natus
1939 1107 2029 1140 tam

221 1164 452 1211 adversum
476 1181 623 1210 casum
648 1177 826 1223 tamque
849 1163 933 1210 toti
957 1163 1087 1209 etiam
1110 1163 1276 1209 civitati
1298 1161 1612 1223 deplorandam
1635 1176 1800 1208 sortem
1824 1162 1960 1218 siccis,
1982 1175 2031 1208 ut

221 1233 281 1279 ita
298 1232 456 1288 dicam,
476 1231 613 1279 oculis
634 1246 763 1292 atque
782 1231 932 1278 animo
952 1248 1044 1277 non
1062 1230 1442 1291 perturbatissime
1462 1230 1596 1290 possit
1619 1230 1891 1290 conspicere?
1911 1228 2028 1276 Mihi

221 1299 401 1361 quidem
426 1300 486 1347 ita
508 1300 650 1346 visum
679 1314 755 1355 est,
781 1300 855 1360 qui
877 1299 1024 1360 potuit
1051 1299 1201 1346 animo
1228 1316 1320 1345 non
1344 1298 1725 1345 vehementissime
1752 1297 2027 1345 commoveri

221 1368 412 1429 deosque
437 1382 566 1428 atque
589 1382 702 1415 astra
723 1367 914 1414 crudelia
936 1384 1028 1414 non
1053 1366 1281 1427 appellare,
1306 1381 1353 1414 ut
1377 1367 1435 1414 ait
1455 1360 1623 1427 poeta,b
1649 1365 1877 1413 hominem
1903 1365 2028 1413 illum

221 1437 410 1484 omnino
432 1435 686 1492 nonfuisse,
708 1450 780 1483 aut
799 1450 914 1482 certe
934 1453 1114 1482 omnem
1134 1435 1309 1496 penitus
1330 1434 1567 1482 humanam
1589 1452 1637 1481 ac
1654 1434 1888 1481 mortalem
1908 1448 2030 1481 natu-

221 1523 315 1552 ram
336 1505 514 1551 exuisse.
537 1506 680 1551 Tanta
697 1504 815 1550 enim
837 1504 988 1559 virtus,
1011 1518 1132 1550 tanta
1151 1503 1411 1559 humanitas,
1435 1517 1556 1549 tanta
1574 1517 1615 1549 et
1633 1502 1807 1563 publice
1829 1516 1871 1549 et
1888 1502 2028 1563 priva-

220 1574 302 1620 tim
333 1587 511 1633 tamque
542 1571 742 1619 miranda
770 1571 944 1632 agendis
974 1572 1019 1617 in
1050 1571 1177 1618 rebus
1206 1570 1440 1631 prudentia
1467 1571 1695 1631 repentina
1724 1584 1765 1617 et
1793 1571 2029 1617 immatura

221 1655 365 1688 morte
386 1641 540 1687 amissa
560 1654 621 1687 est
639 1654 687 1687 ut
707 1639 832 1687 valde
851 1639 1092 1686 dolendum
1110 1640 1163 1686 sit
1184 1640 1345 1695 amicis,
1366 1638 1522 1700 quibus
1543 1653 1633 1686 erat
1652 1639 1894 1686 certissimo
1910 1655 2030 1699 prae-

219 1708 346 1765 sidio,
367 1708 743 1769 ingemiscendum
762 1709 861 1764 suis,
883 1725 992 1768 quos
1012 1721 1052 1754 et
1069 1707 1252 1754 ornabat
1271 1721 1312 1754 et
1328 1707 1508 1767 augebat
1527 1707 1648 1753 miris
1665 1706 1878 1763 laudibus;
1897 1706 2026 1753 bonis

221 1777 429 1824 omnibus
459 1791 500 1824 et
525 1777 691 1824 civitati
716 1775 873 1823 debitis
895 1777 1063 1837 piisque
1090 1775 1279 1823 lacrimis
1304 1776 1393 1823 eius
1419 1776 1472 1822 sit
1499 1774 1629 1822 funus
1653 1774 2025 1836 prosequendum,

218 1860 412 1907 patrono
429 1863 509 1893 suo
529 1859 658 1906 atque
673 1863 854 1892 suorum
875 1844 1160 1891 consiliorum
1183 1845 1340 1892 amisso
1359 1858 1548 1891 auctore.
1567 1846 1694 1903 Quae
1713 1861 1793 1904 ego
1809 1861 1910 1890 cum
1927 1861 2028 1890 vere

221 1929 262 1962 et
285 1915 489 1961 omnium
515 1914 733 1961 sententia
754 1914 1005 1974 cogitarem,
1028 1912 1258 1960 accedebat
1280 1913 1400 1974 quasi
1423 1912 1599 1974 squalor
1622 1911 1800 1973 quidam
1824 1926 1866 1959 et
1888 1929 2028 1973 aspec-

220 1998 303 2039 tus,
326 1983 371 2029 in
394 2000 702 2043 quemcunque
724 1981 840 2029 oculi
862 1981 1119 2038 inciderent,
1141 1996 1328 2028 maestus
1348 1980 1589 2028 admodum
1611 1995 1740 2041 atque
1758 1979 2025 2028 miserabilis.

219 2055 362 2098 Voces
376 2065 601 2112 praeterea
614 2050 1036 2111 lamentationesque
1050 2050 1209 2111 passim
1227 2049 1528 2105 audiebantur,
1547 2067 1655 2110 quae
1672 2048 1904 2096 roboribus
1923 2066 2028 2109 quo-

221 2137 304 2180 que
323 2133 365 2166 et
381 2118 586 2175 silicibus,
609 2136 702 2165 non
721 2133 894 2165 tantum
913 2136 964 2165 ex
984 2118 1047 2165 his
1066 2119 1178 2165 natis
1196 2117 1462 2174 hominibus,
1486 2117 1683 2165 lacrimas
1699 2116 1870 2164 valeant
1887 2131 2029 2164 extor-

220 2205 366 2248 quere.
384 2187 660 2234 Occurrebat
678 2187 809 2234 etiarn
827 2187 977 2233 animo
995 2201 1161 2247 quanto
1178 2204 1313 2233 essem
1328 2186 1577 2246 patrocinio
1595 2185 1786 2241 orbatus,
1806 2186 1880 2245 qui
1896 2184 2029 2232 talem

220 2269 482 2315 tantumque
506 2255 651 2301 virum
675 2255 953 2315 amicumque
975 2255 1394 2315 praestantissimum
1419 2254 1668 2300 amisissem.
1696 2252 1807 2300 Illud
1827 2270 1934 2300 vero
1955 2270 2026 2300 me

220 2324 266 2369 in
286 2323 440 2384 primis
465 2322 648 2383 angebat
670 2337 907 2383 noctesque
929 2337 970 2369 et
992 2322 1081 2369 dies
1101 2323 1299 2383 quietum
1322 2340 1408 2369 esse
1432 2340 1523 2368 non
1543 2321 1725 2377 sinebat,
1748 2320 1869 2382 quod
1891 2320 2028 2368 oculis

220 2392 438 2438 continuo
472 2390 786 2438 obversabatur
816 2390 1185 2437 venerandissima
1215 2404 1256 2437 et
1286 2390 1554 2437 sanctissima
1583 2403 1806 2436 senectute
1835 2392 2025 2436 Cosmus

218 2473 357 2519 pater,
376 2477 508 2519 quern
526 2459 605 2505 etsi
623 2458 912 2517 fortissimum
933 2459 1077 2505 virum
1097 2472 1398 2518 quantumque
1415 2475 1587 2518 semper
1605 2456 1914 2504 fortuna‹tum›
1932 2474 2028 2516 cog-

221 2527 455 2583 novissem,
479 2540 606 2574 tanto
626 2541 775 2573 tamen
794 2541 971 2587 tamque
993 2526 1082 2573 alto
1102 2544 1151 2573 ac
1168 2543 1304 2587 paene
1325 2525 1441 2573 letali
1459 2525 1638 2572 vulnere
1658 2542 1745 2572 esse
1766 2524 2026 2572 duraturum

220 2596 293 2641 vix
315 2595 557 2655 sperabam.
585 2595 762 2654 Quinto
787 2595 905 2641 enim
932 2609 973 2641 et
995 2595 1312 2655 septuagesimo
1339 2594 1425 2640 iam
1449 2611 1566 2640 anno
1594 2593 1710 2653 (nam
1736 2610 1837 2640 eum
1863 2592 2028 2652 agebat,

220 2664 360 2724 gravis
394 2663 693 2723 diuturnoque
727 2662 944 2723 podagrae
979 2662 1139 2709 morbo
1174 2677 1352 2709 vexatus
1386 2676 1427 2709 et
1461 2661 1626 2721 debilis)
1666 2678 1860 2722 quonam
1894 2674 2026 2721 pacto

221 2746 396 2778 tantum
413 2730 524 2778 ferre
541 2731 743 2778 dolorem
759 2745 904 2791 posset
924 2748 1016 2777 non
1034 2730 1250 2777 videbam.
1270 2729 1409 2789 Quod
1424 2730 1459 2777 si
1477 2729 1583 2790 quid
1598 2730 1643 2775 in
1661 2732 1830 2776 Cosmo
1849 2745 2025 2789 quoque

221 2798 390 2846 adversi
412 2798 648 2855 accidisset,
672 2816 843 2845 causam
866 2816 1047 2845 omnem
1072 2816 1149 2845 cur
1170 2797 1404 2858 aliquando
1427 2797 1575 2844 laetari
1594 2796 1779 2857 amplius
1800 2813 2026 2857 possemus

220 2867 436 2914 sublatam
466 2885 553 2914 esse
582 2866 840 2914 iudicabam.
872 2871 1020 2926 Itaque
1046 2866 1331 2913 vehementer
1355 2866 1506 2912 anxius
1536 2879 1698 2918 memet
1726 2863 1780 2911 ad
1805 2867 2023 2911 Cosmum

303 3130 314 3144 ²
334 3127 520 3164 Giovanni
534 3126 572 3164 di
591 3127 741 3163 Cosimo
760 3125 816 3163 de'
835 3125 968 3163 Medici
984 3125 1065 3163 died
1083 3139 1135 3162 on
1155 3129 1169 3161 1
1191 3125 1403 3162 November
1423 3127 1520 3168 1463,
1538 3138 1594 3161 see
1615 3127 1696 3167 1.13‚
1715 3135 1802 3161 note
1819 3122 1862 3171 a).

302 3178 317 3202 b
335 3183 466 3232 Vergil,
483 3183 596 3231 Eclog.
615 3186 715 3227 v,23.
