2118 3444
106 182 335 216 PRIVATE
362 181 589 214 LETTERS
1816 169 1903 210 149

106 319 294 367 l’officio
315 319 408 365 mio
426 335 506 378 per
522 317 579 377 gli
601 316 766 376 oblighi
789 315 848 363 ho
868 333 953 362 con
974 330 1139 362 cotesta
1156 314 1261 362 citta
1278 329 1319 361 et
1338 332 1423 361 con
1444 315 1517 360 voi
1539 314 1583 360 in
1602 312 1911 374 particularita.

188 390 404 434 Pmeterea
420 400 672 433 tornorono
690 385 765 445 qui
779 383 1084 431 ultimamente
1100 386 1136 430 e'
1155 382 1442 443 capomaestri
1458 381 1512 429 da
1525 382 1739 437 Bientina‚
1757 395 1798 428 et
1814 380 1908 428 rife-

107 457 283 503 riscono
311 454 390 502 che
415 454 459 500 vi
483 471 597 501 sono
625 452 692 500 de’
720 451 842 499 modi
869 451 923 499 da
948 465 1203 499 contentare
1227 450 1267 498 la
1291 451 1488 511 Signoria
1513 454 1673 497 Vostra
1699 449 1742 496 di
1770 449 1911 510 quelle

106 541 205 571 cose
230 522 274 570 di
299 522 339 569 la
363 537 405 569 et
429 539 521 568 non
547 520 635 568 fare
661 520 804 567 molto
827 519 1071 580 preiudicio
1096 518 1181 566 allo
1208 517 1423 574 aedificio,
1449 532 1490 565 et
1514 517 1593 565 che
1619 517 1664 564 lo
1690 517 1910 564 imbascia-

106 591 213 639 dore
235 604 388 637 vostro
411 590 446 636 si
470 588 602 636 trovo
626 589 671 634 in
694 587 758 635 sul
784 587 913 635 facto.
937 591 1010 634 Ne
1033 586 1218 634 doverra
1243 586 1398 633 havere
1421 585 1590 632 riferito
1613 585 1693 632 alla
1715 585 1913 645 Signoria

105 663 278 714 Vostra‚
301 672 343 705 et
362 657 623 718 aspectavasi
641 655 823 717 qualche
844 656 963 703 aviso
983 654 1037 702 da
1054 655 1128 702 voi
1148 654 1268 715 dopo
1287 654 1328 701 la
1346 672 1421 701 sua
1440 668 1615 701 tornata
1630 654 1774 714 prima
1793 671 1836 700 se
1857 670 1910 700 ne

103 726 292 788 pigliassi
315 727 390 787 qui
411 725 519 773 altra
537 724 863 772 deliberatione.
886 727 958 771 Da
979 741 1048 770 me
1069 722 1383 770 occorrerebbe
1406 721 1624 769 ricordare
1646 721 1910 768 fedelmente

106 795 186 843 che
212 813 240 842 o
267 794 377 841 dessi
403 794 522 841 aviso
549 793 624 854 qui
650 792 762 840 della
783 806 931 839 vostra
955 792 1200 838 intentione
1224 808 1304 851 per
1327 790 1494 846 lettera,
1520 808 1548 837 o
1573 803 1825 837 veramente
1850 790 1911 835 mi

103 862 361 924 piacerebbe
377 879 456 923 per
471 860 654 922 qualche
670 875 822 908 vostro
840 859 1049 907 mandato
1065 859 1109 907 di
1126 877 1217 906 non
1235 858 1373 906 molta
1388 858 1769 906 dimonstratione.
1789 861 1910 905 Sono

106 945 228 979 certo
250 930 344 986 che,
366 929 448 977 alla
467 943 630 976 venuta
649 947 738 985 sua,
760 946 804 975 se
826 946 880 975 ne
901 927 1149 989 piglerebbe
1172 926 1256 974 tale
1275 927 1440 988 partito
1462 926 1541 974 che
1564 926 1779 973 resteresti
1799 925 1910 973 bene

105 999 305 1046 contenti
337 1012 378 1045 et
406 997 625 1045 satisfacti.
658 995 1034 1044 Raccomandorni
1065 995 1146 1043 alla
1174 996 1372 1056 Signoria
1400 999 1572 1042 Vostra.
1604 995 1690 1041 Die
1719 999 1774 1041 26
1802 994 1913 1041 Maii

110 1072 228 1115 1483.

958 1207 1064 1248 1813

544 1277 622 1317 ΤΟ
645 1277 760 1316 THE
782 1278 1087 1316 COMMUNE
1109 1277 1184 1315 OF
1206 1275 1471 1315 GALEATA

202 1374 287 1419 Mo,
307 1370 374 1411 fol.
394 1373 479 1411 34v.
499 1369 612 1410 Draft
630 1368 922 1410 memorandum
943 1369 995 1421 by
1014 1368 1140 1409 Scribe
1157 1371 1206 1417 A,
1226 1367 1378 1408 headed:
1403 1368 1589 1408 ‘Comuni
1609 1367 1809 1407 Galeatae.‘

105 1479 169 1523 Ut
186 1474 344 1535 eligant
363 1475 409 1520 in
427 1492 581 1521 eorum
600 1473 836 1520 officialem
852 1476 928 1520 Ser
942 1473 1193 1520 Antonium
1213 1472 1265 1519 de
1281 1471 1531 1532 Bargellinis
1549 1471 1625 1518 ubi
1640 1472 1835 1532 primurn
1854 1472 1909 1518 sit

105 1543 331 1590 electionis
353 1541 533 1589 facultas
554 1542 599 1587 in
621 1559 743 1588 suam
765 1542 962 1601 gratiam,
984 1555 1064 1587 etc.
1086 1541 1171 1587 Die
1193 1545 1247 1586 27
1267 1541 1377 1587 Maii
1403 1544 1520 1587 1483.

971 1683 1048 1724 182

250 1753 328 1793 To
351 1754 635 1792 GABRIELE
654 1753 1003 1798 MALASPINA,
1022 1753 1292 1800 MARQUIS
1315 1753 1391 1791 01:
1413 1752 1765 1791 FosmNovo

856 1823 907 1859 27
928 1822 1029 1871 May
1052 1822 1154 1859 1483

187 1917 271 1962 Mo,
292 1913 358 1954 fol.
379 1917 463 1954 34vi
483 1913 596 1954 Draft
615 1913 667 1966 by
686 1913 811 1954 Scribe
829 1915 878 1961 A,
898 1912 1050 1954 headed:
1074 1912 1304 1953 ‘Marchioni
1325 1912 1493 1953 Gabrieli
1510 1912 1766 1964 Malespinae.‘

104 2023 153 2065 Io
177 2018 236 2065 ho
258 2036 388 2079 preso
412 2017 647 2078 dispiacere
671 2017 739 2064 del
763 2017 997 2078 dispiacere
1021 2016 1132 2064 della
1152 2017 1349 2077 Signoria
1371 2021 1544 2073 Vostra,
1571 2016 1598 2062 il
1623 2016 1748 2077 quale
1769 2034 1849 2077 per
1870 2015 1911 2063 la

103 2086 258 2133 lettera
274 2100 422 2133 vostra
440 2085 584 2146 vegho
605 2085 758 2132 havete
775 2103 918 2146 preso,
939 2099 981 2132 et
998 2103 1078 2146 per
1097 2085 1244 2146 quello
1264 2084 1343 2132 che
1363 2085 1407 2131 vi
1424 2085 1588 2145 scripsi,
1612 2084 1640 2130 il
1660 2084 1739 2131 che
1759 2102 1809 2131 so
1829 2083 1909 2131 che

104 2153 150 2201 fu
171 2155 337 2214 scripto
359 2153 551 2201 anchora
572 2153 626 2200 da
645 2153 756 2209 altri,
778 2153 832 2200 da
851 2153 922 2200 chi
941 2152 982 2200 la
1001 2154 1198 2214 Signoria
1218 2157 1378 2200 Vostra
1399 2171 1491 2200 non
1512 2152 1604 2213 puo
1627 2166 1844 2213 aspectare
1864 2170 1907 2199 se

104 2240 197 2269 non
219 2236 345 2269 tucto
368 2239 517 2268 amore
540 2236 581 2268 et
604 2221 838 2268 affectione
861 2236 902 2268 et
924 2221 1199 2268 observantia
1221 2222 1395 2268 inverso
1418 2220 1461 2268 di
1483 2221 1571 2277 voi3
1596 2235 1637 2268 et
1657 2239 1738 2282 per
1759 2220 1907 2281 quello

104 2290 297 2337 anchora
315 2290 394 2337 che
415 2289 515 2337 dissi
535 2308 559 2337 3
576 2293 652 2337 Ser
668 2291 917 2346 Mariotto‚²
934 2289 1013 2337 che
1031 2290 1075 2336 vi
1094 2289 1269 2337 riferissi
1289 2307 1312 2337 a
1330 2289 1466 2336 bocca
1482 2307 1562 2350 per
1580 2290 1667 2336 mia
1683 2303 1821 2350 parte,
1839 2307 1910 2349 pa-

104 2357 300 2405 rendone
319 2359 560 2405 necessario
581 2359 626 2404 in
643 2376 736 2405 uno
756 2376 855 2405 caso
874 2357 918 2405 di
935 2357 1078 2419 quella
1095 2372 1250 2405 natura
1266 2357 1355 2405 fare
1374 2357 1527 2405 officio
1546 2357 1590 2404 di
1608 2357 1762 2404 buono
1782 2358 1910 2404 servi-

104 2426 223 2473 dore.
245 2429 317 2473 Da
335 2426 456 2473 dicto
475 2429 551 2473 Ser
567 2427 786 2473 Mariotto
805 2425 864 2473 ho
887 2425 1051 2473 havuto
1071 2426 1115 2473 di
1136 2444 1286 2473 nuovo
1307 2425 1347 2473 13
1365 2426 1616 2473 imbasciata
1635 2440 1783 2473 vostra
1801 2426 1914 2473 circa

104 2498 140 2541 a'
170 2494 398 2541 medesimi
425 2493 573 2541 effecti
597 2509 638 2541 et
666 2495 807 2541 inteso
835 2493 1026 2541 anchora
1052 2494 1199 2555 quello
1227 2494 1306 2541 che
1335 2494 1390 2541 ha
1413 2509 1630 2555 proposto
1658 2512 1739 2555 per
1763 2508 1912 2541 vostra

102 2576 225 2623 parte
256 2562 342 2609 allo
374 2561 528 2609 officio
561 2562 628 2609 de'
660 2563 800 2609 Dieci.
832 2562 1021 2610 Vedrete
1049 2580 1129 2623 per
1157 2580 1244 2610 una
1274 2562 1429 2609 lettera
1456 2562 1523 2609 del
1556 2562 1654 2609 loro
1687 2561 1841 2609 officio
1872 2562 1913 2609 la

104 2631 289 2691 risposta
316 2630 396 2677 che
421 2631 465 2677 vi
491 2624 646 2677 fannob
677 2630 730 2677 ne
757 2631 800 2677 io
827 2631 966 2691 saprei
991 2630 1082 2678 dire
1110 2630 1270 2691 meglio
1297 2630 1376 2678 che
1404 2630 1551 2691 quello
1578 2630 1657 2677 che
1684 2630 1738 2678 da
1762 2630 1861 2677 loro
1888 2629 1910 2677 ὲ

102 2713 218 2745 stato
232 2713 417 2759 pensato
435 2713 476 2745 et
493 2698 745 2745 deliberato.
763 2698 1011 2746 Solamente
1027 2700 1071 2745 vi
1085 2698 1269 2759 priegho
1286 2698 1365 2746 che
1383 2699 1681 2759 interpretiate
1698 2699 1743 2744 in
1760 2698 1909 2745 buona

102 2780 225 2827 parte
245 2780 287 2813 et
306 2766 572 2826 assegnatelo
592 2766 677 2813 allo
699 2784 847 2813 amore
869 2767 960 2813 mio
981 2766 1060 2813 che
1078 2781 1213 2827 porto
1234 2766 1315 2813 alla
1333 2767 1530 2827 Signoria
1548 2771 1709 2813 Vostra
1730 2766 1908 2827 quando

184 3025 197 3040 ²
209 3020 428 3069 Mandatory
442 3020 484 3058 of
494 3021 678 3059 Marcth
691 3021 857 3059 Gabriele
872 3021 938 3069 (see
951 3021 1015 3059 the
1027 3021 1132 3059 letter
1141 3021 1234 3059 cited
1247 3022 1287 3058 in
1299 3033 1386 3059 note
1400 3021 1448 3070 (b)
1465 3021 1596 3069 below)
1612 3021 1784 3069 referring
1794 3033 1834 3058 to
1848 3020 1911 3058 the

105 3072 320 3121 ‘dispiacere’
342 3072 383 3110 of
400 3072 462 3111 the
483 3072 678 3117 Marchese,
702 3073 844 3122 ‘perche
862 3073 953 3111 dicie
975 3074 1040 3111 noi
1059 3073 1187 3111 havere
1207 3074 1322 3111 inteco
1343 3073 1408 3111 che
1427 3073 1519 3111 della
1540 3085 1660 3111 vostra
1678 3072 1757 3111 fede
1778 3074 1840 3121 qui
1859 3074 1911 3110 sia

102 3138 195 3163 stato
214 3125 363 3174 qualche
380 3125 617 3170 dubitatione,
636 3129 714 3164 etc.'

184 3177 200 3202 '³
217 3184 322 3221 Dieci
337 3182 376 3221 di
393 3183 498 3227 Bana,
516 3184 661 3221 Missive
683 3187 735 3227 18,
752 3183 832 3221 fols.
855 3187 1012 3228 15r—16r,
1030 3185 1134 3222 Dieci
1150 3195 1190 3222 to
1208 3183 1391 3221 Marchaee
1410 3183 1587 3227 Gabriele,
1606 3187 1649 3220 27
1667 3186 1754 3231 May
1774 3186 1871 3220 1483.
