2124 3458
220 272 428 322 PART
468 274 546 322 VI
1444 275 1446 278 ’
1766 277 2029 329 POEMS

641 782 694 820 A.
717 781 893 820 LATIN
914 783 1145 821 ELEGIES
1165 783 1292 822 ΑΝΙ)
1314 784 1618 823 ECLOGUES

1121 986 1140 1026 1

648 1057 831 1095 ELEGY
851 1058 917 1096 IN
937 1057 1138 1096 PRAISE
1160 1058 1235 1097 OF
1258 1058 1406 1097 POPE
1426 1058 1554 1098 PIUS
1575 1060 1617 1097 ῙῙ

983 1127 1272 1166 c.1459-1460

303 1216 416 1269 Chig,
432 1216 518 1257 fols.
536 1220 707 1265 89r-93r,
723 1218 788 1265 Tr,
803 1216 888 1258 fols.
906 1221 1076 1258 89r-93r.
1090 1218 1285 1259 Emended
1302 1218 1353 1271 by
1368 1219 1479 1260 Silvia
1494 1220 1625 1260 Rizzo.
1646 1219 1709 1261 Cf.
1722 1219 1835 1269 Scala,
1853 1224 1948 1261 270-

302 1276 345 1313 71
368 1276 555 1322 [185-86],
577 1276 623 1313 R.
643 1274 821 1322 Avesani,
844 1275 1172 1327 ‘Epaeneticorum
1195 1274 1239 1317 ad
1259 1276 1368 1315 Pium
1389 1277 1445 1324 11,’
1468 1279 1526 1324 48,
1546 1289 1637 1317 note
1657 1279 1716 1317 31.

217 1445 489 1493 Bartolomei
512 1447 693 1506 Vopisci
716 1446 893 1493 Schalae
913 1446 1059 1507 Elegia
1082 1448 1127 1493 in
1150 1447 1343 1495 Laudem
1366 1449 1430 1494 Pii
1452 1453 1489 1494 Π
1509 1448 1737 1496 Pontificis
1759 1450 1947 1496 Maximi

338 1553 412 1596 Est
437 1547 575 1605 furor,
599 1567 627 1596 o
650 1553 818 1606 Musae,
841 1567 1023 1610 magnos
1045 1568 1298 1611 percurrere
1321 1569 1513 1612 campos3

424 1617 624 1664 Grandia
646 1635 715 1664 me
739 1617 939 1665 insolitus
961 1636 1042 1679 per
1062 1619 1159 1679 iuga
1182 1633 1322 1680 raptat
1344 1637 1480 1667 amor.

337 1690 453 1746 Ergo
477 1685 619 1733 favete
639 1704 817 1743 novem,
842 1686 1062 1734 Phoebeia
1082 1687 1224 1744 turba,
1246 1687 1429 1749 puellae,

422 1756 594 1815 Tuque,
616 1769 743 1816 pater
761 1769 927 1812 vatum,
950 1755 1135 1816 pulcher
1156 1755 1336 1817 Apollo,
1362 1756 1471 1814 fave,

337 1824 588 1884 Duciteque
610 1823 834 1880 audacem,
857 1823 1012 1881 fateor,
1032 1842 1113 1885 per
1132 1839 1275 1872 vestra
1293 1843 1464 1873 sorores
1890 1841 1909 1872 5

422 1895 567 1939 Antra
589 1892 692 1939 deae
714 1907 756 1939 et
776 1910 947 1942 sacrum
972 1911 1089 1940 nunc
1112 1894 1275 1954 aperite
1296 1911 1462 1941 nemus.

336 1964 458 2007 Nam
483 1960 593 2006 mihi
617 1960 669 2007 de
690 1960 858 2008 levibus
882 1979 974 2008 non
995 1975 1096 2008 sunt
1121 1961 1258 2009 modo
1282 1963 1475 2009 carmina
1496 1962 1636 2018 rebus,

421 2028 506 2075 Sed
528 2046 657 2085 nova,
680 2028 756 2076 sed
776 2028 949 2089 grandis
973 2047 1038 2076 res
1060 2029 1329 2077 modulanda
1350 2031 1483 2077 venit.

335 2101 458 2144 Nam
482 2096 590 2158 quid
612 2096 774 2144 habent
798 2097 1000 2145 homines
1025 2098 1163 2145 maius
1185 2112 1242 2155 te,
1263 2116 1434 2146 summe
1458 2098 1671 2155 sacerdos,

422 2169 514 2212 Aut
538 2165 693 2212 melius
716 2184 848 2226 quam
871 2166 935 2213 ius
959 2166 1179 2226 religionis
1204 2166 1386 2214 habent?
1870 2182 1909 2213 10

336 2237 389 2280 Et
413 2233 541 2280 nobis
566 2233 618 2280 de
640 2248 682 2280 te
703 2251 850 2280 versus
874 2252 1005 2290 nunc,
1028 2252 1199 2281 summe
1223 2234 1436 2291 sacerdos,

421 2304 579 2362 Deque
600 2302 683 2362 piis
706 2301 834 2349 rebus
858 2301 1077 2362 religionis
1102 2317 1242 2349 erunt.

335 2369 419 2417 Sed
441 2371 596 2417 misere
619 2370 834 2417 addubito
855 2370 972 2431 quali
993 2385 1035 2418 te
1057 2372 1249 2418 carmine
1269 2372 1465 2432 primum

421 2438 674 2498 Aggrediar:
699 2438 867 2495 calami,
889 2438 1036 2499 lingua
1058 2457 1298 2500 manusque
1322 2454 1531 2487 tremunt.

335 2506 608 2554 Audendum
632 2521 782 2554 tamen
804 2521 879 2554 est.
902 2507 1040 2555 Dabis
1063 2508 1152 2568 ipse
1176 2508 1221 2554 in
1244 2509 1438 2555 carmina
1457 2509 1581 2555 vires.
1868 2523 1905 2554 15

421 2576 646 2636 Incipiam:
673 2576 761 2636 ipse
786 2576 956 2623 animos
981 2577 1292 2637 ingeniumque
1317 2576 1449 2624 dabis

334 2648 464 2704 Ergo,
488 2658 636 2691 sancte
655 2658 793 2704 pater,
815 2644 942 2691 saecli
963 2662 1058 2705 spes
1080 2645 1222 2701 unica,
1245 2645 1371 2692 salve.

419 2711 542 2759 Salve
566 2713 741 2768 iterum,
763 2711 909 2772 proles
932 2730 1063 2772 quam
1085 2730 1293 2772 generosa
1315 2712 1460 2760 deum.

334 2779 471 2836 Salve,
494 2798 596 2827 vera
615 2779 727 2827 salus
751 2780 905 2827 mundi
929 2780 1183 2841 Christique
1208 2781 1406 2828 minister

420 2852 569 2908 Atque
591 2849 678 2895 Dei
699 2866 826 2895 verus
850 2863 1093 2909 cunctaque
1115 2849 1205 2896 iure
1226 2863 1396 2909 potens.
1863 2863 1904 2894 20

334 2920 527 2976 Nanque
548 2931 676 2976 potes
698 2917 854 2976 Stygiis
878 2917 1042 2963 animas
1066 2934 1269 2964 revocare
1290 2917 1481 2964 tenebris

420 2988 487 3030 Ac
508 2984 744 3044 prohibere
769 2985 915 3044 nigros
940 2985 1095 3031 mortis
1118 2984 1234 3031 adire
1255 2984 1384 3040 lacus,

334 3051 467 3098 Unde
492 3051 726 3098 hominum
752 3053 915 3112 species
938 3051 1143 3099 divorum
1168 3053 1368 3099 immixta
1391 3052 1560 3099 choreis

420 3123 634 3166 Aeternas
654 3121 790 3180 possit
817 3138 991 3180 carpere
1013 3120 1199 3176 delicias3
