2118 3444
135 179 317 212 ESSAYS
1843 171 1934 212 307

910 319 948 360 5.
971 318 1166 361 Fortuna

134 416 269 478 Apud
295 434 520 464 summum
552 416 824 477 deorumque
853 431 982 477 atque
1010 416 1243 463 hominum
1273 431 1458 477 patrem,
1485 431 1533 464 ut
1562 420 1786 464 Homerus
1814 435 1940 478 saepe

133 484 321 546 appellat
351 489 516 541 Iovem,
547 485 726 532 Miseria
754 484 1018 545 querebatur
1045 484 1165 545 quod
1196 485 1240 531 in
1272 499 1466 532 extrema
1492 499 1735 532 ceterarum
1765 503 1941 546 quoque

134 571 281 601 rerum
316 549 557 600 omnium¹³
594 567 779 613 egestate
813 553 1049 600 necessaria
1082 553 1213 600 etiam
1245 553 1317 599 vix
1350 550 1666 614 suppeterent¹⁴
1702 553 1756 601 ad
1787 554 1938 610 vitam,

133 639 265 683 quam
291 622 379 682 ipse
406 621 606 677 dedisset,
630 621 988 669 conservandam.
1015 621 1251 669 Multatam
1274 639 1317 669 se
1340 618 1398 669 a¹⁵
1423 626 1619 669 Fortuna
1643 640 1760 683 agro,
1786 622 1938 679 domo,

130 691 285 750 patria,
316 689 492 745 divitiis,
521 687 828 750 supellectili,¹⁶
861 690 1009 736 amicis
1038 689 1231 746 tandem,
1262 691 1336 750 qui
1363 690 1680 750 percommode
1712 690 1937 751 quondam

132 757 478 804 consolarentur.
503 761 566 804 Ita
584 757 797 804 deiectam
814 775 858 804 se
878 775 899 804 e
918 757 1017 804 sede
1038 757 1302 818 amplissima
1323 757 1544 818 dignitatis
1563 773 1693 819 atque
1713 758 1936 805 honorum

132 843 224 872 non
248 824 498 885 spectaculo
520 842 607 872 esse
631 839 804 872 tantum
827 839 955 886 atque
976 825 1180 886 exemplo
1203 843 1349 872 rerum
1375 825 1681 882 humanarum,
1704 826 1780 873 sed
1802 827 1936 873 risum

132 911 308 954 quoque
328 893 536 953 praebere
555 893 640 940 iam
660 908 702 940 et
721 894 841 940 iocos
860 893 1190 954 spectatoribus,
1211 908 1259 940 ut
1279 893 1435 941 additis
1452 893 1507 941 ad
1523 909 1757 954 egestatem
1776 894 1937 941 morbo

131 962 263 1008 etiam
285 975 327 1007 et
347 962 471 1007 senio
493 960 600 1007 nihil
624 962 715 1021 spei
737 976 867 1008 restet
888 962 995 1021 quin
1014 976 1230 1022 perpetuo
1252 962 1296 1008 in
1320 979 1517 1009 maerore
1538 962 1939 1009 contabescendum

129 1029 197 1075 sit.
225 1032 422 1075 Fortuna
447 1046 637 1089 quoque,
664 1025 808 1089 quae¹⁷
833 1029 911 1075 etsi
935 1028 1134 1075 densiore
1161 1029 1359 1076 involuta
1384 1029 1543 1076 nebula
1568 1029 1797 1076 obscurior
1822 1048 1940 1076 com-

129 1096 324 1157 parebat,
348 1114 444 1143 suas
468 1111 509 1143 et
533 1097 623 1157 ipsa
647 1093 834 1143 contra¹⁸
857 1111 1001 1157 partes
1023 1096 1239 1144 tuebatur.
1266 1100 1455 1144 Causam
1474 1098 1677 1158 Juppiter
1700 1097 1755 1144 ad
1774 1098 1939 1145 Miner-

130 1182 231 1211 vam
262 1182 314 1211 ex
342 1182 423 1211 suo
453 1179 597 1211 ortam
628 1165 767 1225 capite
795 1165 956 1212 reiecit.
985 1165 1071 1212 Die
1102 1165 1233 1225 igitur
1260 1164 1376 1212 dicta
1404 1165 1581 1222 iudicio,
1612 1183 1713 1213 cum
1743 1170 1940 1213 Fortuna

130 1232 319 1289 afuisset,
353 1233 505 1280 absens
537 1229 820 1280 damnatur.¹⁹
851 1234 1053 1280 Miseriae
1085 1248 1231 1280 autem
1263 1233 1317 1281 ad
1345 1234 1554 1294 praetorii
1586 1233 1701 1281 fores
1732 1234 1939 1282 clamanti

130 1315 260 1362 atque
280 1300 536 1362 imploranti
561 1319 693 1362 opem
717 1301 796 1348 dea
813 1319 893 1362 per
913 1302 1092 1349 nuntios
1114 1301 1374 1362 significavit
1396 1299 1685 1349 damnatam²⁰
1707 1302 1939 1350 adversari—

130 1387 200 1416 am
220 1387 308 1416 esse
327 1384 456 1430 atque
475 1369 691 1417 indictum
709 1384 973 1430 perpetuum
992 1370 1205 1426 exsilium3
1228 1371 1365 1431 ipsam
1382 1371 1464 1418 sibi
1485 1386 1654 1418 mutare
1672 1371 1934 1419 condicione

128 1455 269 1498 posse,
293 1438 328 1484 si
350 1438 578 1484 Minervae
600 1439 645 1484 in
668 1456 803 1498 regno
827 1437 1100 1485 habitaverit.

927 1579 965 1621 6.
988 1578 1141 1621 Fames

130 1674 320 1721 Rediens
341 1674 394 1721 ab
417 1674 657 1722 alvearibus
679 1693 802 1722 ursus
826 1674 952 1722 melle
972 1675 1127 1735 plenus
1150 1675 1302 1722 incidit
1325 1676 1371 1722 in
1393 1690 1623 1732 castaneas,
1644 1694 1752 1736 quae
1775 1677 1821 1722 in
1840 1695 1940 1737 pro-

129 1759 251 1789 cerae
267 1743 417 1789 matris
433 1743 563 1789 ramis
581 1743 767 1802 rigentes
783 1743 828 1788 in
843 1744 929 1789 suis
947 1742 1113 1790 echinis
1130 1743 1474 1790 confidentiores
1488 1743 1660 1791 stabant
1677 1758 1719 1791 et
1735 1762 1941 1804 quaeren-

129 1824 220 1856 tem
237 1809 418 1856 latibula
434 1809 488 1856 ad
502 1828 684 1858 somnos
704 1828 854 1857 ursum
874 1811 1020 1871 iurgiis
1040 1810 1322 1858 incessebant.
1342 1811 1586 1872 Respondit
1605 1829 1740 1858 ursus:
1763 1815 1937 1872 ‘Neque

128 1895 208 1924 vos
229 1895 304 1924 arx
325 1878 405 1924 ista
426 1878 540 1924 avita
558 1893 700 1924 vestra
719 1896 859 1938 neque
882 1896 1002 1925 arma
1020 1878 1108 1925 ulla
1127 1880 1330 1935 texerint,
1350 1880 1384 1926 si
1406 1878 1541 1926 fames
1561 1879 1725 1926 bellum
1751 1879 1938 1938 inferat.'

863 2020 900 2061 7.
924 2019 1009 2061 Res
1028 2014 1203 2075 publica

128 2116 310 2163 Romuli
329 2131 371 2163 et
386 2118 515 2163 Remi
530 2135 654 2177 grues
674 2118 768 2177 (etsi
783 2117 978 2165 vultures
995 2118 1173 2179 quidam
1188 2118 1494 2179 prodiderunt)
1515 2118 1625 2166 datis
1641 2120 1828 2179 auguriis
1844 2137 1939 2180 per-

127 2184 322 2231 volando
346 2185 525 2232 tandem
550 2186 750 2232 coierunt
774 2187 818 2232 in
842 2204 981 2233 unum
1009 2204 1164 2247 agmen
1187 2205 1235 2234 ac
1254 2188 1449 2248 primum
1476 2184 1630 2248 quasi²¹
1659 2188 1703 2233 in
1728 2187 1935 2235 choream

126 2252 307 2313 paulum
335 2253 702 2300 circumvolantes
727 2272 816 2300 sese
843 2269 973 2301 cantu
999 2255 1114 2301 inter
1136 2273 1179 2301 se
1203 2273 1283 2302 suo
1309 2255 1614 2315 gratulabundi
1642 2255 1936 2303 consalutave-

128 2335 238 2367 rant.
275 2322 446 2368 Creatis
481 2321 638 2368 deinde
672 2321 854 2369 ducibus
891 2323 1091 2369 instructi
1125 2322 1179 2370 ad
1210 2322 1407 2370 volatum
1445 2324 1626 2384 quisque
1662 2341 1683 2370 e
1719 2323 1820 2371 loco
1854 2342 1935 2371 suo

129 2403 358 2435 moventes
396 2388 450 2435 ad
484 2407 718 2436 numerum
757 2389 842 2437 alas
876 2408 1020 2437 aerem
1054 2390 1270 2438 secabant.
1306 2392 1420 2438 Fessi
1457 2391 1587 2438 duces
1621 2391 1855 2438 veniebant
1892 2393 1937 2438 in

126 2470 418 2516 postremum3
448 2472 642 2504 recentes
666 2458 710 2503 in
736 2457 949 2504 fessorum
976 2458 1125 2505 locum
1149 2458 1452 2505 succedebant.
1476 2460 1627 2506 Varias
1652 2474 1799 2506 autem
1824 2460 1940 2506 inter

127 2523 369 2570 volandum
396 2521 700 2584 effingebant22
726 2524 890 2572 formas
914 2540 962 2572 ut
986 2543 1079 2572 non
1104 2526 1356 2586 incongrue,
1382 2541 1430 2573 ut
1455 2526 1565 2572 mihi
1590 2541 1697 2573 tunc
1719 2523 1934 2587 quidem²³

127 2591 270 2638 visum
299 2606 376 2647 est,
402 2593 651 2652 putaverim
679 2595 966 2640 Carmentem
994 2593 1102 2640 olim
1130 2608 1203 2640 aut
1229 2593 1481 2641 Evandrum
1510 2608 1583 2641 aut
1610 2594 1834 2641 Cadmum
1863 2609 1936 2642 aut

127 2662 334 2719 Moysem
353 2674 482 2720 atque
497 2659 789 2716 Palamedem,
807 2675 848 2708 et
864 2661 938 2722 qui
953 2662 1148 2722 primum
1167 2661 1331 2709 litteras
1346 2662 1558 2709 invenisse
1577 2663 1816 2709 memoriae
1832 2680 1931 2723 pro-

128 2726 307 2783 duntur,
326 2727 516 2788 aliquam
533 2727 719 2788 figuram
737 2728 791 2775 ad
806 2728 977 2776 illarum
995 2728 1233 2790 figurarum
1252 2729 1436 2777 modum
1456 2731 1743 2777 constituisse.
1765 2730 1813 2777 Id
1826 2748 1934 2777 vero

128 2795 452 2856 contemplatus
470 2796 685 2857 quispiam
703 2814 804 2843 cum
822 2797 1007 2844 venisset
1026 2815 1171 2844 rerum
1185 2797 1461 2858 publicarum
1480 2799 1526 2844 in
1543 2813 1754 2854 mentem,
1772 2798 1935 2846 diutius

128 2877 190 2910 est
211 2863 349 2910 oculis
370 2881 525 2911 eorum
547 2864 745 2911 volatum
766 2880 1035 2925 prosecutus,
1060 2881 1101 2913 et
1121 2884 1221 2913 cum
1242 2866 1468 2927 voluptate
1490 2867 1621 2913 etiam
1642 2881 1785 2914 cetera
1802 2866 1935 2913 admi-

129 2945 259 2987 ratus,
280 2932 573 2979 constantiam
594 2932 731 2979 modo
753 2932 941 2993 aliquam
962 2948 1003 2980 et
1022 2933 1343 2981 firmitudinem
1364 2935 1409 2980 in
1430 2933 1583 2981 formis
1603 2933 1838 2995 figurisque
1859 2952 1932 2981 vo-

127 2998 315 3046 lantium
330 2999 603 3047 desideravit.
620 3001 958 3061 Responderunt
972 3019 1109 3061 grues:
1127 3005 1202 3049 ‘At
1213 3020 1292 3060 vos
1304 3002 1447 3049 multo
1457 3002 1678 3049 stabiliore
1692 3003 1737 3048 in
1750 3002 1935 3049 elemen-

128 3081 177 3113 to
200 3084 340 3127 neque
363 3067 566 3114 ordinem
588 3086 757 3115 servare
778 3068 916 3116 ullum
942 3087 1083 3130 neque
1103 3084 1215 3116 stare
1236 3071 1484 3117 constitutis
1506 3071 1658 3117 vestris
1680 3070 1917 3117 didicistis.'
