2118 3444
195 157 286 198 248
1785 161 1923 195 PART
1948 162 1999 195 IV

197 315 361 362 quanta
383 300 633 356 calliditate,
656 314 819 360 quanta
841 313 946 355 arte,
969 300 1195 359 quantisve
1219 313 1260 346 et
1283 317 1414 359 quam
1437 298 1577 359 longis
1604 298 2003 347 machinationibus

197 369 241 416 id
266 384 413 416 totum
439 368 565 415 vobis
594 368 782 428 arripere
808 367 967 414 frustra
990 368 1170 414 ‹cona›ti
1194 381 1309 423 sunt,
1336 366 1467 414 credo
1492 385 1571 414 vos
1596 366 1758 414 oblitos
1785 385 1877 414 non
1903 385 2005 414 esse,

195 437 280 485 Sed
309 437 486 484 illorum
515 435 676 497 perfidi
704 435 846 496 legati,
876 436 950 496 qui
980 435 1084 482 haec
1110 434 1407 482 scelestissima
1435 434 1726 496 omnibusque
1760 434 1840 482 diis
1870 435 2007 483 invisa

196 505 537 567 pertractabant,
552 522 644 551 non
659 504 884 551 solverunt
902 504 1141 551 immeritas
1155 521 1332 564 poenas,
1348 503 1400 550 de
1414 503 1570 564 quibus
1586 503 1848 564 supplicium
1864 521 2003 564 popu-

196 574 346 621 lariter
368 587 596 633 sumptum
629 587 703 619 est.
732 572 857 631 Quid
884 572 1026 619 dicam
1054 571 1106 618 de
1131 571 1247 618 bello
1276 586 1430 618 contra
1455 576 1666 628 Lucanos,
1695 571 1840 619 hostes
1867 586 2007 619 vetus-

197 643 388 688 tissimos
410 655 451 688 et
473 641 646 687 nomini
668 655 709 687 et
728 640 889 700 gloriae
909 654 1074 686 vestrae
1092 640 1267 700 penitus
1287 640 1462 695 invisos,
1485 640 1559 700 qui
1580 639 1743 686 iamdiu
1762 639 1841 686 sub
1864 653 2006 686 vestra

197 710 392 757 dictione
420 723 678 756 tenerentur
703 709 784 755 nisi
811 726 984 755 summa
1012 707 1198 776 perfidia
1224 722 1265 754 et
1290 707 1543 768 proditione
1573 725 1616 754 se
1644 708 2003 768 interposuissent

196 777 487 825 scelestissimi
520 791 561 824 et
592 777 897 823 immanissimi
932 776 1169 823 homines?¹
1200 775 1325 834 Quid
1356 775 1498 822 dicam
1530 775 1582 822 de
1612 775 2003 823 innumerabilibus

198 846 366 892 iniuriis
387 863 492 906 quas
510 863 716 905 cuperem
736 845 782 890 in
800 844 1004 891 cordibus
1024 844 1176 890 vestris
1194 861 1280 890 esse
1299 844 1514 920 expositas
1533 858 1574 890 et
1592 861 1696 904 quas
1712 861 1813 890 cum
1831 843 2007 891 silentio

195 914 432 974 praeterire
460 931 553 960 non
579 930 759 973 possum
793 913 874 959 nisi
903 930 983 959 nos
1011 913 1147 959 nimia
1175 913 1387 972 temporis
1415 912 1610 972 angustia
1638 912 1873 959 invasisset.
1902 915 2007 959 Una

197 997 347 1029 tamen
363 981 455 1028 sola
472 999 568 1041 spes
586 995 662 1036 est,
681 980 803 1041 quod
820 994 888 1027 tot
905 994 1132 1040 tantasque
1150 979 1402 1026 huiusmodi
1422 979 1648 1040 quotidie
1638 997 1683 1025 ιιι
1698 979 1883 1040 publicis
1903 993 1945 1026 et
1962 980 2009 1025 in

195 1050 377 1110 privatis
396 1063 497 1096 ante
514 1048 666 1095 oculos
687 1063 854 1095 vestros
875 1049 1050 1108 aspicio,
1071 1062 1118 1094 ut
1139 1065 1231 1094 non
1250 1047 1457 1094 dubitetis
1474 1048 1509 1094 si
1529 1047 1676 1108 aliquo
1696 1047 1834 1094 modo
1854 1065 2006 1094 conce-

198 1117 327 1164 datur
347 1131 522 1164 tantum
544 1116 787 1163 subsidium
813 1117 858 1162 in
880 1130 1069 1163 vestram
1092 1133 1273 1162 omnem
1296 1116 1530 1176 pernitiem
1554 1133 1642 1162 esse
1664 1133 1986 1162 concessurum.

282 1185 366 1232 Sed
392 1185 498 1245 quid
523 1202 603 1245 ego
627 1184 753 1245 plura
780 1186 1151 1231 commemorem?
1179 1183 1306 1230 Plura
1331 1184 1449 1230 enirn
1477 1201 1826 1230 commemorare
1853 1197 2009 1230 statue-

198 1272 304 1301 ram.
334 1253 621 1300 Credendum
648 1267 710 1300 est
736 1271 823 1308 eos,
850 1252 1006 1313 quibus
1032 1270 1204 1313 semper
1228 1251 1533 1299 Florentinum
1561 1269 1727 1298 nomen
1751 1252 1941 1298 invisum
1969 1265 2011 1298 et

198 1322 403 1369 odiosum
431 1336 507 1377 est,
531 1339 554 1368 a
575 1321 831 1368 Florentina
851 1320 1051 1367 libertate
1072 1320 1313 1367 subsidium
1338 1320 1462 1376 velle,
1487 1321 1568 1367 nisi
1590 1334 1638 1367 ut
1662 1320 1786 1367 omni
1808 1320 2004 1380 primum

196 1391 414 1450 privatam
439 1389 599 1436 robore
624 1389 868 1444 debilitent,
893 1389 1103 1449 omnique
1127 1388 1283 1435 deinde
1307 1389 1646 1448 oppugnationis
1670 1406 1825 1448 genere
1849 1387 2004 1448 [publi-

198 1462 312 1514 cam]
337 1459 615 1518 oppugnent?
640 1462 694 1504 Et
719 1457 804 1504 hoc
827 1475 907 1517 ego
931 1456 1115 1504 dixerim
1138 1474 1161 1503 a
1182 1456 1415 1517 prudentia
1435 1470 1577 1503 vestra
1598 1474 1715 1503 nunc
1740 1455 2008 1503 animadver-

198 1526 398 1582 tendum,
426 1525 547 1586 quod
573 1543 727 1572 omnes
750 1526 969 1586 principes
995 1539 1036 1572 et
1058 1525 1213 1585 populi
1240 1524 1496 1572 iamdudum
1522 1524 1939 1580 animadverterunt,
1965 1538 2007 1571 et

198 1594 363 1642 nedum
387 1594 439 1641 ab
460 1593 623 1641 eisdem
643 1594 783 1654 rogati
800 1593 979 1640 subsidii
1002 1593 1165 1654 aliquid
1184 1593 1393 1649 tribuant,
1413 1592 1489 1640 sed
1506 1607 1554 1640 ut
1574 1592 1848 1639 Christianae
1868 1592 2007 1639 crucis

196 1664 402 1724 proprios
427 1662 573 1710 hostes
593 1661 766 1723 capitali
786 1661 891 1709 odio
912 1663 1191 1709 insectantur.
1213 1665 1340 1721 Quae
1359 1662 1544 1722 turpior,
1567 1678 1676 1722 quae
1696 1660 1866 1717 clarior,
1886 1678 2010 1721 quae,

198 1733 394 1792 inquam,
415 1732 558 1778 maior
576 1730 746 1791 repulsa
764 1748 851 1777 esse
868 1731 1015 1791 potuit
1035 1748 1167 1790 quam
1185 1748 1325 1790 nuper
1343 1730 1388 1776 in
1406 1730 1567 1776 summi
1587 1728 1815 1776 Pontificis
1834 1743 1875 1776 et
1891 1746 2009 1776 sanc-

198 1800 353 1847 tissimi
375 1799 547 1846 domini
567 1799 707 1846 nostri
727 1799 995 1845 concistorio
1017 1799 1062 1844 in
1083 1798 1162 1845 hac
1180 1816 1224 1845 re
1244 1812 1285 1845 et
1304 1816 1327 1845 a
1343 1798 1495 1845 vestris
1514 1812 1555 1844 et
1574 1797 1626 1844 ab
1647 1798 1849 1844 omnium
1871 1797 2009 1844 natio-

199 1886 307 1915 num
336 1867 485 1927 legatis
510 1885 602 1914 uno
632 1885 845 1914 consensu
874 1867 985 1927 passi
1013 1861 1147 1913 sunt?j
1172 1870 1378 1913 Vestrum
1405 1865 1533 1926 plane
1559 1865 1774 1926 aliquibus
1803 1866 2007 1912 interesse

199 1937 397 1996 contigit.
420 1935 712 1982 Crediderant
730 1936 848 1982 enim
867 1934 1130 1982 callidissimi
1148 1935 1230 1981 viri
1247 1934 1325 1981 sub
1344 1952 1418 1995 spe
1438 1933 1565 1981 falsae
1580 1934 1754 1994 pietatis
1771 1948 1812 1981 et
1830 1934 1875 1980 in
1893 1951 2006 1980 sum-

200 2023 323 2052 murn
348 2003 611 2065 pontificem
637 2018 678 2051 et
700 2003 998 2050 Christianam
1024 2002 1159 2050 fidem
1182 2002 1308 2050 fictae
1332 2002 1563 2063 religionis,
1589 2002 1643 2049 ad
1664 2002 1748 2049 hoc
1772 2001 1889 2049 idem
1911 2001 2010 2049 flec-

198 2088 289 2120 tere
306 2074 501 2133 optimos
520 2073 740 2133 principes
758 2087 799 2119 et
816 2073 1011 2119 civitates
1026 2073 1071 2118 in
1091 2090 1180 2132 quo
1198 2090 1315 2119 nunc
1334 2072 1493 2118 iterum
1510 2071 1802 2118 constantiam
1818 2085 2007 2118 vestram

198 2156 415 2201 temptare
433 2159 526 2187 non
543 2140 725 2200 pudent.
746 2145 912 2187 Verum
933 2158 1086 2187 omnes
1104 2139 1311 2186 videbant
1330 2158 1403 2186 eos
1422 2140 1496 2199 qui
1515 2140 1599 2186 iam
1618 2157 1719 2186 cum
1738 2139 1892 2185 Turcis
1908 2139 2009 2186 taci-

198 2224 240 2256 te
259 2208 643 2255 confoederassent
662 2226 795 2255 omne
813 2207 1054 2255 subsidium
1077 2208 1312 2268 omniaque
1332 2225 1451 2254 arma
1467 2222 1621 2254 contra
1636 2207 1840 2267 proprios
1860 2206 2007 2253 Chris·
2075 2202 2078 2205 ¹

198 2278 342 2324 tianos
366 2291 407 2324 et
428 2295 507 2323 vos
530 2277 645 2337 ipsos
671 2294 757 2323 esse
781 2294 1081 2323 conversuros.

279 2637 286 2661 ἰ
313 2641 514 2679 Florence's
539 2640 779 2678 unsuccessful
808 2654 882 2678 war
906 2641 1038 2688 against
1065 2643 1178 2678 Lucca
1202 2639 1299 2677 from
1327 2643 1412 2677 1429
1438 2651 1477 2677 to
1507 2642 1591 2677 1433
1618 2638 1791 2676 followed
1813 2638 1876 2676 the
1900 2651 2006 2687 peace

198 2694 399 2732 concluded
416 2694 465 2743 by
483 2694 654 2732 Florence
671 2693 741 2732 and
756 2695 889 2731 Venice
906 2694 1038 2742 against
1053 2693 1194 2731 Milan'
1184 2707 1223 2730 m
1238 2692 1344 2742 April
1362 2696 1459 2737 1428,
1478 2692 1666 2741 according
1680 2704 1720 2730 to
1738 2691 1860 2730 which
1874 2692 2008 2729 Venice

198 2747 269 2785 had
282 2746 409 2795 gained
424 2747 604 2784 extensive
618 2747 791 2794 territory
804 2747 844 2782 in
858 2745 1063 2794 Lombardy
1078 2745 1169 2783 with
1184 2745 1389 2783 Florentine
1400 2759 1547 2793 money,
1564 2744 1672 2782 while
1686 2744 1856 2782 Florence
1872 2743 2010 2792 ‘gained

198 2798 367 2847 nothing'
385 2798 579 2847 (repeating
595 2798 658 2836 the
676 2810 798 2836 events
815 2797 855 2835 of
874 2801 983 2835 1337-
985 2801 1039 2841 39,
1057 2811 1113 2835 see
1132 2809 1218 2835 note
1236 2797 1273 2845 (i)
1293 2796 1431 2845 above),
1451 2798 1496 2835 G.
1500 2796 1667 2840 Brucker‚
1690 2795 1755 2834 The
1771 2798 1871 2834 Civic
1893 2794 2012 2833 World

198 2851 242 2899 of
250 2850 341 2899 early
355 2853 579 2888 Renaissance
596 2850 763 2894 Florence,
782 2851 986 2894 Princeton,
1005 2853 1102 2894 1977,
1122 2853 1188 2887 495
1207 2849 1369 2898 (quoting
1388 2849 1479 2886 Neri
1496 2847 1688 2897 Capponi);
1709 2847 1752 2885 cf.
1770 2846 2007 2891 Machiavelli,

197 2908 315 2942 Istorie
325 2904 526 2952 florentine,
546 2903 607 2941 bk
627 2907 685 2947 IV,
706 2903 762 2941 ch.
768 2907 819 2940 15.

279 2966 286 2988 ¹
303 2961 379 2998 The
394 2975 499 3009 peace
515 2960 663 3008 signed
654 2974 693 2997 ιιι
710 2963 825 2998 Rome
842 2974 893 2997 on
909 2963 930 2996 2
946 2960 1125 3007 February
1145 2963 1229 2997 1468
1245 2958 1425 3008 proposed
1441 2958 1518 2996 that
1534 2958 1704 2996 Colleoni
1717 2957 1850 2995 should
1865 2957 1909 2995 be
1924 2956 2008 3006 paid

202 3018 277 3058 100,
281 3018 347 3051 000
365 3014 487 3051 ducats
507 3028 526 3051 a
542 3028 628 3062 year
645 3014 693 3061 by
710 3013 771 3051 the
791 3013 915 3050 Italian
930 3027 1081 3061 powers,
1102 3012 1192 3050 with
1208 3012 1269 3050 the
1286 3012 1364 3050 title
1380 3011 1421 3049 of
1438 3014 1515 3060 Cap
1515 3012 1592 3049 tain
1609 3010 1763 3049 General
1780 3010 1839 3048 for
1854 3009 1917 3048 the
1935 3023 2010 3048 war

199 3067 332 3114 against
357 3066 420 3103 the
447 3065 575 3109 Turks,
603 3066 643 3102 in
668 3077 793 3103 return
815 3065 874 3102 for
898 3064 961 3102 the
987 3065 1202 3102 restoration
1226 3063 1266 3102 of
1289 3063 1388 3101 lands
1414 3063 1524 3101 taken
1546 3063 1675 3111 during
1699 3062 1762 3100 the
1786 3076 1861 3100 war
1885 3062 1925 3099 in
1948 3061 2011 3099 the

200 3122 396 3166 Romagna
423 3117 536 3155 These
562 3129 670 3155 terms
696 3131 789 3154 were
813 3116 963 3165 rejected
987 3116 1035 3164 by
1059 3116 1121 3154 the
1144 3115 1251 3153 other
1270 3129 1422 3164 powers,
1447 3115 1627 3158 however,
1652 3114 1792 3162 forcing
1813 3114 1947 3151 Venice
1969 3125 2008 3151 to

200 3184 380 3218 re-engage
400 3169 454 3207 his
472 3181 598 3217 troops
617 3168 756 3212 herself,
776 3169 969 3212 Romanin,
988 3170 1108 3212 scoria,
1128 3171 1273 3205 331-32.
