<?xml version="1.0" encoding="UTF-8"?>
<!DOCTYPE html PUBLIC "-//W3C//DTD XHTML 1.0 Transitional//EN"
    "http://www.w3.org/TR/xhtml1/DTD/xhtml1-transitional.dtd">
<html xmlns="http://www.w3.org/1999/xhtml" xml:lang="en" lang="en">
 <head>
  <title>
</title>
<meta http-equiv="Content-Type" content="text/html;charset=utf-8" />
  <meta name='ocr-system' content='tesseract 3.04.00' />
  <meta name='ocr-capabilities' content='ocr_page ocr_carea ocr_par ocr_line ocrx_word'/>
</head>
<body>
  <div class='ocr_page' id='page_1' title='image "bartolomeoscalah00scaluoft_0342.png"; bbox 0 0 2118 3444; ppageno 0'>
   <div class='ocr_carea' id='block_1_1' title="bbox 203 157 2007 198">
    <p class='ocr_par' dir='ltr' id='par_1_1' title="bbox 203 157 2007 198">
     <span class='ocr_line' id='line_1_1' title="bbox 203 157 2007 198; baseline -0.004 0"><span class='ocrx_word' id='word_1_1' title='bbox 203 157 308 198; x_wconf 45' lang='lat'>302&gt;</span> <span class='ocrx_word' id='word_1_2' title='bbox 1814 158 1951 192; x_wconf 89' lang='lat' dir='ltr'>PART</span> <span class='ocrx_word' id='word_1_3' title='bbox 1977 159 2007 191; x_wconf 93' lang='lat' dir='ltr'>v</span> 
     </span>
    </p>
   </div>
   <div class='ocr_carea' id='block_1_2' title="bbox 201 297 2016 2954">
    <p class='ocr_par' dir='ltr' id='par_1_2' title="bbox 202 297 2015 633">
     <span class='ocr_line' id='line_1_2' title="bbox 202 297 2013 361; baseline -0.003 -11"><span class='ocrx_word' id='word_1_4' title='bbox 202 302 380 350; x_wconf 86' lang='lat' dir='ltr'>solertia</span> <span class='ocrx_word' id='word_1_5' title='bbox 404 316 452 349; x_wconf 92' lang='lat' dir='ltr'>ut</span> <span class='ocrx_word' id='word_1_6' title='bbox 481 301 624 348; x_wconf 91' lang='lat' dir='ltr'>nullus</span> <span class='ocrx_word' id='word_1_7' title='bbox 651 301 719 357; x_wconf 90' lang='lat' dir='ltr'>sit,</span> <span class='ocrx_word' id='word_1_8' title='bbox 748 318 908 361; x_wconf 90' lang='lat' dir='ltr'>aequus</span> <span class='ocrx_word' id='word_1_9' title='bbox 935 299 1073 346; x_wconf 93' lang='lat' dir='ltr'>modo</span> <span class='ocrx_word' id='word_1_10' title='bbox 1100 313 1277 346; x_wconf 89' lang='lat' dir='ltr'>naturae</span> <span class='ocrx_word' id='word_1_11' title='bbox 1302 298 1406 346; x_wconf 93' lang='lat' dir='ltr'>velit</span> <span class='ocrx_word' id='word_1_12' title='bbox 1433 316 1534 355; x_wconf 88' lang='lat' dir='ltr'>esse,</span> <span class='ocrx_word' id='word_1_13' title='bbox 1562 299 1637 359; x_wconf 93' lang='lat' dir='ltr'>qui</span> <span class='ocrx_word' id='word_1_14' title='bbox 1663 316 1754 345; x_wconf 92' lang='lat' dir='ltr'>non</span> <span class='ocrx_word' id='word_1_15' title='bbox 1782 297 1935 345; x_wconf 89' lang='lat' dir='ltr'>debeat</span> <span class='ocrx_word' id='word_1_16' title='bbox 1961 316 2013 345; x_wconf 89' lang='lat' dir='ltr'>ex</span> 
     </span>
     <span class='ocr_line' id='line_1_3' title="bbox 204 365 2015 431; baseline -0.003 -13"><span class='ocrx_word' id='word_1_17' title='bbox 204 371 295 418; x_wconf 90' lang='lat' dir='ltr'>aliis</span> <span class='ocrx_word' id='word_1_18' title='bbox 315 388 424 431; x_wconf 92' lang='lat' dir='ltr'>quae</span> <span class='ocrx_word' id='word_1_19' title='bbox 445 367 698 416; x_wconf 82' lang='lat' dir='ltr'>manifesto5</span> <span class='ocrx_word' id='word_1_20' title='bbox 715 369 1029 429; x_wconf 85' lang='lat' dir='ltr'>sapientissime</span> <span class='ocrx_word' id='word_1_21' title='bbox 1051 367 1163 414; x_wconf 89' lang='lat' dir='ltr'>facta</span> <span class='ocrx_word' id='word_1_22' title='bbox 1179 381 1431 423; x_wconf 92' lang='lat' dir='ltr'>cernuntur,</span> <span class='ocrx_word' id='word_1_23' title='bbox 1453 366 1578 414; x_wconf 91' lang='lat' dir='ltr'>huius</span> <span class='ocrx_word' id='word_1_24' title='bbox 1600 384 1775 427; x_wconf 93' lang='lat' dir='ltr'>quoque</span> <span class='ocrx_word' id='word_1_25' title='bbox 1796 367 1856 413; x_wconf 91' lang='lat' dir='ltr'>rei</span> <span class='ocrx_word' id='word_1_26' title='bbox 1875 365 2015 413; x_wconf 88' lang='lat' dir='ltr'>facere</span> 
     </span>
     <span class='ocr_line' id='line_1_4' title="bbox 204 433 2015 498; baseline -0.002 -12"><span class='ocrx_word' id='word_1_27' title='bbox 204 439 430 494; x_wconf 88' lang='lat' dir='ltr'>iudicium,</span> <span class='ocrx_word' id='word_1_28' title='bbox 455 437 584 498; x_wconf 92' lang='lat' dir='ltr'>idque</span> <span class='ocrx_word' id='word_1_29' title='bbox 601 437 750 498; x_wconf 92' lang='lat' dir='ltr'>potius</span> <span class='ocrx_word' id='word_1_30' title='bbox 772 437 1041 497; x_wconf 89' lang='lat' dir='ltr'>ignorantiae</span> <span class='ocrx_word' id='word_1_31' title='bbox 1058 454 1172 492; x_wconf 90' lang='lat' dir='ltr'>suae,</span> <span class='ocrx_word' id='word_1_32' title='bbox 1192 436 1266 496; x_wconf 93' lang='lat' dir='ltr'>qui</span> <span class='ocrx_word' id='word_1_33' title='bbox 1286 453 1374 496; x_wconf 92' lang='lat' dir='ltr'>quo</span> <span class='ocrx_word' id='word_1_34' title='bbox 1392 450 1523 495; x_wconf 93' lang='lat' dir='ltr'>pacto</span> <span class='ocrx_word' id='word_1_35' title='bbox 1543 449 1657 482; x_wconf 92' lang='lat' dir='ltr'>recte</span> <span class='ocrx_word' id='word_1_36' title='bbox 1675 434 1719 481; x_wconf 91' lang='lat' dir='ltr'>id</span> <span class='ocrx_word' id='word_1_37' title='bbox 1738 452 1913 495; x_wconf 93' lang='lat' dir='ltr'>quoque</span> <span class='ocrx_word' id='word_1_38' title='bbox 1933 433 2015 482; x_wconf 90' lang='lat' dir='ltr'>fac-</span> 
     </span>
     <span class='ocr_line' id='line_1_5' title="bbox 203 503 2010 567; baseline -0.003 -13"><span class='ocrx_word' id='word_1_39' title='bbox 203 522 299 555; x_wconf 91' lang='lat' dir='ltr'>tum</span> <span class='ocrx_word' id='word_1_40' title='bbox 320 508 374 554; x_wconf 88' lang='lat' dir='ltr'>sit</span> <span class='ocrx_word' id='word_1_41' title='bbox 396 520 583 567; x_wconf 88' lang='lat' dir='ltr'>nequeat</span> <span class='ocrx_word' id='word_1_42' title='bbox 604 505 857 565; x_wconf 90' lang='lat' dir='ltr'>intelligere,</span> <span class='ocrx_word' id='word_1_43' title='bbox 879 522 1010 565; x_wconf 90' lang='lat' dir='ltr'>quam</span> <span class='ocrx_word' id='word_1_44' title='bbox 1032 518 1209 551; x_wconf 90' lang='lat' dir='ltr'>naturae</span> <span class='ocrx_word' id='word_1_45' title='bbox 1230 504 1360 564; x_wconf 90' lang='lat' dir='ltr'>ipsius</span> <span class='ocrx_word' id='word_1_46' title='bbox 1381 504 1469 550; x_wconf 88' lang='lat' dir='ltr'>sive</span> <span class='ocrx_word' id='word_1_47' title='bbox 1490 503 1774 563; x_wconf 89' lang='lat' dir='ltr'>negligentiae</span> <span class='ocrx_word' id='word_1_48' title='bbox 1794 504 1882 550; x_wconf 91' lang='lat' dir='ltr'>sive</span> <span class='ocrx_word' id='word_1_49' title='bbox 1904 503 2010 549; x_wconf 87' lang='lat' dir='ltr'>invi-</span> 
     </span>
     <span class='ocr_line' id='line_1_6' title="bbox 204 573 965 633; baseline -0.007 -10"><span class='ocrx_word' id='word_1_50' title='bbox 204 575 313 631; x_wconf 86' lang='lat' dir='ltr'>diae,</span> <span class='ocrx_word' id='word_1_51' title='bbox 335 576 369 622; x_wconf 90' lang='lat' dir='ltr'>si</span> <span class='ocrx_word' id='word_1_52' title='bbox 393 574 455 621; x_wconf 91' lang='lat' dir='ltr'>fas</span> <span class='ocrx_word' id='word_1_53' title='bbox 477 589 538 621; x_wconf 90' lang='lat' dir='ltr'>est</span> <span class='ocrx_word' id='word_1_54' title='bbox 562 573 719 629; x_wconf 90' lang='lat' dir='ltr'>dicere,</span> <span class='ocrx_word' id='word_1_55' title='bbox 741 574 965 633; x_wconf 87' lang='lat' dir='ltr'>assignare.</span> 
     </span>
    </p>

    <p class='ocr_par' dir='ltr' id='par_1_3' title="bbox 201 639 2016 2002">
     <span class='ocr_line' id='line_1_7' title="bbox 289 639 2012 702; baseline -0.002 -13"><span class='ocrx_word' id='word_1_56' title='bbox 289 647 476 702; x_wconf 89' lang='lat' dir='ltr'>Quanto</span> <span class='ocrx_word' id='word_1_57' title='bbox 512 660 619 688; x_wconf 93' lang='lat' dir='ltr'>vero</span> <span class='ocrx_word' id='word_1_58' title='bbox 658 641 890 688; x_wconf 89' lang='lat' dir='ltr'>humanius</span> <span class='ocrx_word' id='word_1_59' title='bbox 925 640 1270 701; x_wconf 89' lang='lat' dir='ltr'>prudentiusque</span> <span class='ocrx_word' id='word_1_60' title='bbox 1310 640 1353 685; x_wconf 92' lang='lat' dir='ltr'>hi</span> <span class='ocrx_word' id='word_1_61' title='bbox 1392 639 1555 686; x_wconf 89' lang='lat' dir='ltr'>faciunt</span> <span class='ocrx_word' id='word_1_62' title='bbox 1592 640 1667 699; x_wconf 92' lang='lat' dir='ltr'>qui</span> <span class='ocrx_word' id='word_1_63' title='bbox 1703 640 1789 686; x_wconf 90' lang='lat' dir='ltr'>iam</span> <span class='ocrx_word' id='word_1_64' title='bbox 1825 653 1921 686; x_wconf 91' lang='lat' dir='ltr'>tum</span> <span class='ocrx_word' id='word_1_65' title='bbox 1959 639 2012 686; x_wconf 90' lang='lat' dir='ltr'>ab</span> 
     </span>
     <span class='ocr_line' id='line_1_8' title="bbox 204 706 2009 767; baseline -0.003 -9"><span class='ocrx_word' id='word_1_66' title='bbox 204 713 384 758; x_wconf 90' lang='lat' dir='ltr'>ineunte</span> <span class='ocrx_word' id='word_1_67' title='bbox 410 724 548 757; x_wconf 89' lang='lat' dir='ltr'>aetate</span> <span class='ocrx_word' id='word_1_68' title='bbox 572 709 834 756; x_wconf 86' lang='lat' dir='ltr'>brevitatem</span> <span class='ocrx_word' id='word_1_69' title='bbox 860 708 1075 755; x_wconf 87' lang='lat' dir='ltr'>humanae</span> <span class='ocrx_word' id='word_1_70' title='bbox 1100 709 1214 754; x_wconf 91' lang='lat' dir='ltr'>vitae</span> <span class='ocrx_word' id='word_1_71' title='bbox 1240 722 1386 754; x_wconf 89' lang='lat' dir='ltr'>mente</span> <span class='ocrx_word' id='word_1_72' title='bbox 1412 725 1460 754; x_wconf 88' lang='lat' dir='ltr'>ac</span> <span class='ocrx_word' id='word_1_73' title='bbox 1484 708 1749 767; x_wconf 89' lang='lat' dir='ltr'>cogitatione</span> <span class='ocrx_word' id='word_1_74' title='bbox 1776 706 2009 767; x_wconf 89' lang='lat' dir='ltr'>complexi,</span> 
     </span>
     <span class='ocr_line' id='line_1_9' title="bbox 204 775 2010 839; baseline -0.003 -13"><span class='ocrx_word' id='word_1_75' title='bbox 204 797 297 826; x_wconf 91' lang='lat' dir='ltr'>non</span> <span class='ocrx_word' id='word_1_76' title='bbox 313 777 691 839; x_wconf 90' lang='lat' dir='ltr'>quemadmodum</span> <span class='ocrx_word' id='word_1_77' title='bbox 709 777 902 837; x_wconf 85' lang='lat' dir='ltr'>ignaviae</span> <span class='ocrx_word' id='word_1_78' title='bbox 916 775 1227 836; x_wconf 88' lang='lat' dir='ltr'>socordiaeque</span> <span class='ocrx_word' id='word_1_79' title='bbox 1242 793 1341 822; x_wconf 88' lang='lat' dir='ltr'>suae</span> <span class='ocrx_word' id='word_1_80' title='bbox 1356 793 1500 822; x_wconf 88' lang='lat' dir='ltr'>causas</span> <span class='ocrx_word' id='word_1_81' title='bbox 1514 789 1778 830; x_wconf 89' lang='lat' dir='ltr'>excusantes,</span> <span class='ocrx_word' id='word_1_82' title='bbox 1795 788 2010 831; x_wconf 88' lang='lat' dir='ltr'>naturam,</span> 
     </span>
     <span class='ocr_line' id='line_1_10' title="bbox 204 837 2010 908; baseline -0.003 -14"><span class='ocrx_word' id='word_1_83' title='bbox 204 846 326 908; x_wconf 92' lang='lat' dir='ltr'>quod</span> <span class='ocrx_word' id='word_1_84' title='bbox 356 847 450 894; x_wconf 91' lang='lat' dir='ltr'>aevi</span> <span class='ocrx_word' id='word_1_85' title='bbox 476 846 529 893; x_wconf 91' lang='lat' dir='ltr'>sit</span> <span class='ocrx_word' id='word_1_86' title='bbox 559 845 715 901; x_wconf 91' lang='lat' dir='ltr'>brevis,</span> <span class='ocrx_word' id='word_1_87' title='bbox 747 844 868 905; x_wconf 92' lang='lat' dir='ltr'>quod</span> <span class='ocrx_word' id='word_1_88' title='bbox 897 843 1114 891; x_wconf 92' lang='lat' dir='ltr'>imbecilla</span> <span class='ocrx_word' id='word_1_89' title='bbox 1143 858 1270 900; x_wconf 89' lang='lat' dir='ltr'>aetas,</span> <span class='ocrx_word' id='word_1_90' title='bbox 1298 858 1344 891; x_wconf 93' lang='lat' dir='ltr'>ut</span> <span class='ocrx_word' id='word_1_91' title='bbox 1375 844 1431 890; x_wconf 89' lang='lat' dir='ltr'>ait</span> <span class='ocrx_word' id='word_1_92' title='bbox 1460 837 1675 903; x_wconf 71' lang='lat' dir='ltr'>Crispus,‘³</span> <span class='ocrx_word' id='word_1_93' title='bbox 1708 843 2010 899; x_wconf 90' lang='lat' dir='ltr'>criminentur,</span> 
     </span>
     <span class='ocr_line' id='line_1_11' title="bbox 204 911 2012 975; baseline -0.002 -13"><span class='ocrx_word' id='word_1_94' title='bbox 204 916 413 975; x_wconf 83' lang='lat' dir='ltr'>cogitant3</span> <span class='ocrx_word' id='word_1_95' title='bbox 434 932 589 961; x_wconf 93' lang='lat' dir='ltr'>verum</span> <span class='ocrx_word' id='word_1_96' title='bbox 614 931 703 974; x_wconf 91' lang='lat' dir='ltr'>quo</span> <span class='ocrx_word' id='word_1_97' title='bbox 723 927 855 973; x_wconf 88' lang='lat' dir='ltr'>pacto</span> <span class='ocrx_word' id='word_1_98' title='bbox 878 913 1010 972; x_wconf 90' lang='lat' dir='ltr'>magis</span> <span class='ocrx_word' id='word_1_99' title='bbox 1032 912 1255 959; x_wconf 90' lang='lat' dir='ltr'>brevitatis</span> <span class='ocrx_word' id='word_1_100' title='bbox 1277 912 1408 972; x_wconf 91' lang='lat' dir='ltr'>ipsius</span> <span class='ocrx_word' id='word_1_101' title='bbox 1431 911 1590 958; x_wconf 87' lang='lat' dir='ltr'>damna</span> <span class='ocrx_word' id='word_1_102' title='bbox 1611 928 1894 971; x_wconf 87' lang='lat' dir='ltr'>compensare</span> <span class='ocrx_word' id='word_1_103' title='bbox 1916 928 2012 971; x_wconf 91' lang='lat' dir='ltr'>pos-</span> 
     </span>
     <span class='ocr_line' id='line_1_12' title="bbox 203 979 2012 1041; baseline -0.003 -11"><span class='ocrx_word' id='word_1_104' title='bbox 203 985 304 1040; x_wconf 89' lang='lat' dir='ltr'>sint,</span> <span class='ocrx_word' id='word_1_105' title='bbox 332 1000 510 1030; x_wconf 89' lang='lat' dir='ltr'>summo</span> <span class='ocrx_word' id='word_1_106' title='bbox 539 981 700 1038; x_wconf 90' lang='lat' dir='ltr'>studio,</span> <span class='ocrx_word' id='word_1_107' title='bbox 731 999 833 1028; x_wconf 90' lang='lat' dir='ltr'>cura</span> <span class='ocrx_word' id='word_1_108' title='bbox 860 995 901 1028; x_wconf 93' lang='lat' dir='ltr'>et</span> <span class='ocrx_word' id='word_1_109' title='bbox 928 980 1150 1041; x_wconf 90' lang='lat' dir='ltr'>diligentia</span> <span class='ocrx_word' id='word_1_110' title='bbox 1174 981 1515 1041; x_wconf 84' lang='lat' dir='ltr'>perscrutantur!</span> <span class='ocrx_word' id='word_1_111' title='bbox 1546 979 1710 1038; x_wconf 86' lang='lat' dir='ltr'>Quales</span> <span class='ocrx_word' id='word_1_112' title='bbox 1737 993 1779 1026; x_wconf 94' lang='lat' dir='ltr'>et</span> <span class='ocrx_word' id='word_1_113' title='bbox 1803 980 1944 1040; x_wconf 87' lang='lat' dir='ltr'>prisca</span> <span class='ocrx_word' id='word_1_114' title='bbox 1970 993 2012 1026; x_wconf 90' lang='lat' dir='ltr'>et</span> 
     </span>
     <span class='ocr_line' id='line_1_13' title="bbox 204 1047 2016 1111; baseline -0.003 -12"><span class='ocrx_word' id='word_1_115' title='bbox 204 1066 354 1099; x_wconf 89' lang='lat' dir='ltr'>nostra</span> <span class='ocrx_word' id='word_1_116' title='bbox 378 1066 493 1099; x_wconf 88' lang='lat' dir='ltr'>aetas</span> <span class='ocrx_word' id='word_1_117' title='bbox 516 1050 680 1098; x_wconf 88' lang='lat' dir='ltr'>multos</span> <span class='ocrx_word' id='word_1_118' title='bbox 705 1047 847 1106; x_wconf 80' lang='lat' dir='ltr'>vidit,⁶</span> <span class='ocrx_word' id='word_1_119' title='bbox 872 1050 946 1111; x_wconf 92' lang='lat' dir='ltr'>qui</span> <span class='ocrx_word' id='word_1_120' title='bbox 969 1049 1074 1096; x_wconf 91' lang='lat' dir='ltr'>alius</span> <span class='ocrx_word' id='word_1_121' title='bbox 1100 1048 1181 1096; x_wconf 89' lang='lat' dir='ltr'>alia</span> <span class='ocrx_word' id='word_1_122' title='bbox 1203 1049 1248 1095; x_wconf 90' lang='lat' dir='ltr'>in</span> <span class='ocrx_word' id='word_1_123' title='bbox 1272 1048 1397 1096; x_wconf 90' lang='lat' dir='ltr'>laude</span> <span class='ocrx_word' id='word_1_124' title='bbox 1421 1047 1624 1095; x_wconf 88' lang='lat' dir='ltr'>claruere.</span> <span class='ocrx_word' id='word_1_125' title='bbox 1650 1052 1761 1095; x_wconf 91' lang='lat' dir='ltr'>Non</span> <span class='ocrx_word' id='word_1_126' title='bbox 1785 1048 1903 1095; x_wconf 90' lang='lat' dir='ltr'>enirn</span> <span class='ocrx_word' id='word_1_127' title='bbox 1927 1065 2016 1095; x_wconf 90' lang='lat' dir='ltr'>una</span> 
     </span>
     <span class='ocr_line' id='line_1_14' title="bbox 204 1117 2012 1179; baseline -0.003 -11"><span class='ocrx_word' id='word_1_128' title='bbox 204 1121 432 1168; x_wconf 90' lang='lat' dir='ltr'>dumtaxat</span> <span class='ocrx_word' id='word_1_129' title='bbox 449 1138 514 1167; x_wconf 91' lang='lat' dir='ltr'>res</span> <span class='ocrx_word' id='word_1_130' title='bbox 531 1134 592 1166; x_wconf 91' lang='lat' dir='ltr'>est</span> <span class='ocrx_word' id='word_1_131' title='bbox 611 1120 656 1165; x_wconf 91' lang='lat' dir='ltr'>in</span> <span class='ocrx_word' id='word_1_132' title='bbox 675 1137 760 1179; x_wconf 92' lang='lat' dir='ltr'>qua</span> <span class='ocrx_word' id='word_1_133' title='bbox 774 1119 910 1179; x_wconf 89' lang='lat' dir='ltr'>possit</span> <span class='ocrx_word' id='word_1_134' title='bbox 930 1119 1100 1165; x_wconf 91' lang='lat' dir='ltr'>animus</span> <span class='ocrx_word' id='word_1_135' title='bbox 1120 1118 1213 1165; x_wconf 88' lang='lat' dir='ltr'>aevi</span> <span class='ocrx_word' id='word_1_136' title='bbox 1228 1117 1488 1165; x_wconf 90' lang='lat' dir='ltr'>brevitatem</span> <span class='ocrx_word' id='word_1_137' title='bbox 1502 1135 1708 1178; x_wconf 91' lang='lat' dir='ltr'>superans</span> <span class='ocrx_word' id='word_1_138' title='bbox 1726 1134 1814 1164; x_wconf 90' lang='lat' dir='ltr'>sese</span> <span class='ocrx_word' id='word_1_139' title='bbox 1834 1117 2012 1164; x_wconf 89' lang='lat' dir='ltr'>immor-</span> 
     </span>
     <span class='ocr_line' id='line_1_15' title="bbox 203 1184 2014 1247; baseline -0.003 -11"><span class='ocrx_word' id='word_1_140' title='bbox 203 1189 362 1236; x_wconf 88' lang='lat' dir='ltr'>talitati</span> <span class='ocrx_word' id='word_1_141' title='bbox 382 1187 708 1235; x_wconf 91' lang='lat' dir='ltr'>commendare.</span> <span class='ocrx_word' id='word_1_142' title='bbox 734 1186 987 1234; x_wconf 89' lang='lat' dir='ltr'>Laudantur</span> <span class='ocrx_word' id='word_1_143' title='bbox 1008 1187 1125 1233; x_wconf 87' lang='lat' dir='ltr'>enim</span> <span class='ocrx_word' id='word_1_144' title='bbox 1147 1185 1415 1247; x_wconf 92' lang='lat' dir='ltr'>philosophi,</span> <span class='ocrx_word' id='word_1_145' title='bbox 1442 1185 1677 1233; x_wconf 90' lang='lat' dir='ltr'>laudantur</span> <span class='ocrx_word' id='word_1_146' title='bbox 1697 1200 1906 1241; x_wconf 89' lang='lat' dir='ltr'>oratores,</span> <span class='ocrx_word' id='word_1_147' title='bbox 1929 1184 2014 1232; x_wconf 92' lang='lat' dir='ltr'>lau-</span> 
     </span>
     <span class='ocr_line' id='line_1_16' title="bbox 204 1254 2013 1318; baseline -0.002 -14"><span class='ocrx_word' id='word_1_148' title='bbox 204 1257 366 1305; x_wconf 90' lang='lat' dir='ltr'>dantur</span> <span class='ocrx_word' id='word_1_149' title='bbox 378 1258 676 1318; x_wconf 90' lang='lat' dir='ltr'>imperatores.</span> <span class='ocrx_word' id='word_1_150' title='bbox 693 1260 858 1303; x_wconf 90' lang='lat' dir='ltr'>Rerum</span> <span class='ocrx_word' id='word_1_151' title='bbox 873 1273 1048 1316; x_wconf 92' lang='lat' dir='ltr'>quoque</span> <span class='ocrx_word' id='word_1_152' title='bbox 1060 1254 1335 1316; x_wconf 90' lang='lat' dir='ltr'>publicarum</span> <span class='ocrx_word' id='word_1_153' title='bbox 1351 1254 1724 1302; x_wconf 89' lang='lat' dir='ltr'>administratores</span> <span class='ocrx_word' id='word_1_154' title='bbox 1737 1268 2013 1315; x_wconf 88' lang='lat' dir='ltr'>rectoresque</span> 
     </span>
     <span class='ocr_line' id='line_1_17' title="bbox 204 1322 2013 1386; baseline -0.003 -13"><span class='ocrx_word' id='word_1_155' title='bbox 204 1341 245 1373; x_wconf 89' lang='lat' dir='ltr'>et</span> <span class='ocrx_word' id='word_1_156' title='bbox 263 1340 580 1386; x_wconf 88' lang='lat' dir='ltr'>temperatores</span> <span class='ocrx_word' id='word_1_157' title='bbox 595 1324 866 1385; x_wconf 91' lang='lat' dir='ltr'>populorum</span> <span class='ocrx_word' id='word_1_158' title='bbox 888 1341 1061 1371; x_wconf 91' lang='lat' dir='ltr'>summa</span> <span class='ocrx_word' id='word_1_159' title='bbox 1077 1341 1250 1384; x_wconf 92' lang='lat' dir='ltr'>semper</span> <span class='ocrx_word' id='word_1_160' title='bbox 1268 1324 1312 1369; x_wconf 89' lang='lat' dir='ltr'>in</span> <span class='ocrx_word' id='word_1_161' title='bbox 1329 1322 1466 1383; x_wconf 88' lang='lat' dir='ltr'>gloria</span> <span class='ocrx_word' id='word_1_162' title='bbox 1484 1323 1737 1379; x_wconf 90' lang='lat' dir='ltr'>extiterunt;</span> <span class='ocrx_word' id='word_1_163' title='bbox 1752 1337 2013 1383; x_wconf 91' lang='lat' dir='ltr'>tantumque</span> 
     </span>
     <span class='ocr_line' id='line_1_18' title="bbox 204 1390 2012 1453; baseline -0.003 -11"><span class='ocrx_word' id='word_1_164' title='bbox 204 1394 322 1442; x_wconf 83' lang='lat' dir='ltr'>abest</span> <span class='ocrx_word' id='word_1_165' title='bbox 342 1408 390 1441; x_wconf 94' lang='lat' dir='ltr'>ut</span> <span class='ocrx_word' id='word_1_166' title='bbox 408 1393 586 1453; x_wconf 91' lang='lat' dir='ltr'>singulis</span> <span class='ocrx_word' id='word_1_167' title='bbox 608 1392 926 1453; x_wconf 91' lang='lat' dir='ltr'>consequendis</span> <span class='ocrx_word' id='word_1_168' title='bbox 944 1391 1143 1439; x_wconf 89' lang='lat' dir='ltr'>laudibus</span> <span class='ocrx_word' id='word_1_169' title='bbox 1166 1391 1356 1439; x_wconf 90' lang='lat' dir='ltr'>humana</span> <span class='ocrx_word' id='word_1_170' title='bbox 1373 1392 1463 1438; x_wconf 89' lang='lat' dir='ltr'>vita</span> <span class='ocrx_word' id='word_1_171' title='bbox 1480 1409 1572 1438; x_wconf 92' lang='lat' dir='ltr'>non</span> <span class='ocrx_word' id='word_1_172' title='bbox 1590 1390 1793 1447; x_wconf 82' lang='lat' dir='ltr'>sufficiat,</span> <span class='ocrx_word' id='word_1_173' title='bbox 1812 1404 1860 1438; x_wconf 93' lang='lat' dir='ltr'>ut</span> <span class='ocrx_word' id='word_1_174' title='bbox 1877 1390 1946 1437; x_wconf 90' lang='lat' dir='ltr'>vel</span> <span class='ocrx_word' id='word_1_175' title='bbox 1966 1391 2012 1436; x_wconf 93' lang='lat' dir='ltr'>in</span> 
     </span>
     <span class='ocr_line' id='line_1_19' title="bbox 201 1458 2014 1523; baseline -0.002 -14"><span class='ocrx_word' id='word_1_176' title='bbox 201 1462 420 1523; x_wconf 90' lang='lat' dir='ltr'>plerisque</span> <span class='ocrx_word' id='word_1_177' title='bbox 438 1461 506 1508; x_wconf 93' lang='lat' dir='ltr'>vel</span> <span class='ocrx_word' id='word_1_178' title='bbox 526 1462 571 1507; x_wconf 93' lang='lat' dir='ltr'>in</span> <span class='ocrx_word' id='word_1_179' title='bbox 589 1460 796 1508; x_wconf 92' lang='lat' dir='ltr'>omnibus</span> <span class='ocrx_word' id='word_1_180' title='bbox 815 1460 943 1507; x_wconf 90' lang='lat' dir='ltr'>simul</span> <span class='ocrx_word' id='word_1_181' title='bbox 965 1459 1212 1520; x_wconf 90' lang='lat' dir='ltr'>complures</span> <span class='ocrx_word' id='word_1_182' title='bbox 1231 1459 1460 1520; x_wconf 89' lang='lat' dir='ltr'>legerimus</span> <span class='ocrx_word' id='word_1_183' title='bbox 1478 1473 1518 1506; x_wconf 93' lang='lat' dir='ltr'>et</span> <span class='ocrx_word' id='word_1_184' title='bbox 1536 1458 1843 1515; x_wconf 90' lang='lat' dir='ltr'>audiverimus,</span> <span class='ocrx_word' id='word_1_185' title='bbox 1862 1463 1940 1515; x_wconf 91' lang='lat' dir='ltr'>[et]</span> <span class='ocrx_word' id='word_1_186' title='bbox 1954 1459 2014 1505; x_wconf 90' lang='lat' dir='ltr'>vi-</span> 
     </span>
     <span class='ocr_line' id='line_1_20' title="bbox 204 1527 2014 1590; baseline -0.002 -13"><span class='ocrx_word' id='word_1_187' title='bbox 204 1530 397 1578; x_wconf 90' lang='lat' dir='ltr'>derimus</span> <span class='ocrx_word' id='word_1_188' title='bbox 423 1530 504 1590; x_wconf 89' lang='lat' dir='ltr'>ipsi</span> <span class='ocrx_word' id='word_1_189' title='bbox 530 1528 769 1576; x_wconf 89' lang='lat' dir='ltr'>nonnullos</span> <span class='ocrx_word' id='word_1_190' title='bbox 798 1528 1009 1576; x_wconf 90' lang='lat' dir='ltr'>claruisse.</span> <span class='ocrx_word' id='word_1_191' title='bbox 1038 1531 1089 1575; x_wconf 93' lang='lat' dir='ltr'>C.</span> <span class='ocrx_word' id='word_1_192' title='bbox 1118 1527 1296 1589; x_wconf 91' lang='lat' dir='ltr'>quidem</span> <span class='ocrx_word' id='word_1_193' title='bbox 1321 1531 1493 1584; x_wconf 88' lang='lat' dir='ltr'>Caesar,</span> <span class='ocrx_word' id='word_1_194' title='bbox 1519 1528 1552 1574; x_wconf 90' lang='lat' dir='ltr'>is</span> <span class='ocrx_word' id='word_1_195' title='bbox 1577 1528 1697 1574; x_wconf 94' lang='lat' dir='ltr'>cuius</span> <span class='ocrx_word' id='word_1_196' title='bbox 1723 1545 1842 1574; x_wconf 87' lang='lat' dir='ltr'>arma</span> <span class='ocrx_word' id='word_1_197' title='bbox 1865 1541 2014 1587; x_wconf 89' lang='lat' dir='ltr'>gentes</span> 
     </span>
     <span class='ocr_line' id='line_1_21' title="bbox 204 1595 2008 1657; baseline -0.002 -12"><span class='ocrx_word' id='word_1_198' title='bbox 204 1616 359 1646; x_wconf 89' lang='lat' dir='ltr'>omnes</span> <span class='ocrx_word' id='word_1_199' title='bbox 385 1599 644 1654; x_wconf 92' lang='lat' dir='ltr'>timuerunt,</span> <span class='ocrx_word' id='word_1_200' title='bbox 670 1615 819 1644; x_wconf 92' lang='lat' dir='ltr'>nonne</span> <span class='ocrx_word' id='word_1_201' title='bbox 845 1615 1041 1644; x_wconf 91' lang='lat' dir='ltr'>summus</span> <span class='ocrx_word' id='word_1_202' title='bbox 1070 1611 1221 1644; x_wconf 91' lang='lat' dir='ltr'>orator</span> <span class='ocrx_word' id='word_1_203' title='bbox 1242 1596 1323 1643; x_wconf 88' lang='lat' dir='ltr'>fuit</span> <span class='ocrx_word' id='word_1_204' title='bbox 1347 1597 1620 1657; x_wconf 89' lang='lat' dir='ltr'>scriptorque</span> <span class='ocrx_word' id='word_1_205' title='bbox 1648 1595 2008 1656; x_wconf 87' lang='lat' dir='ltr'>elegantissimus?</span> 
     </span>
     <span class='ocr_line' id='line_1_22' title="bbox 202 1664 2010 1726; baseline -0.002 -12"><span class='ocrx_word' id='word_1_206' title='bbox 202 1672 267 1714; x_wconf 91' lang='lat' dir='ltr'>M.</span> <span class='ocrx_word' id='word_1_207' title='bbox 286 1685 394 1714; x_wconf 94' lang='lat' dir='ltr'>vero</span> <span class='ocrx_word' id='word_1_208' title='bbox 410 1666 592 1722; x_wconf 91' lang='lat' dir='ltr'>Tullius,</span> <span class='ocrx_word' id='word_1_209' title='bbox 615 1667 735 1713; x_wconf 90' lang='lat' dir='ltr'>cuius</span> <span class='ocrx_word' id='word_1_210' title='bbox 753 1665 805 1712; x_wconf 93' lang='lat' dir='ltr'>de</span> <span class='ocrx_word' id='word_1_211' title='bbox 823 1665 1025 1712; x_wconf 90' lang='lat' dir='ltr'>doctrina</span> <span class='ocrx_word' id='word_1_212' title='bbox 1042 1665 1337 1726; x_wconf 87' lang='lat' dir='ltr'>elegantiaque</span> <span class='ocrx_word' id='word_1_213' title='bbox 1353 1664 1438 1712; x_wconf 92' lang='lat' dir='ltr'>dici</span> <span class='ocrx_word' id='word_1_214' title='bbox 1456 1682 1548 1711; x_wconf 92' lang='lat' dir='ltr'>non</span> <span class='ocrx_word' id='word_1_215' title='bbox 1565 1678 1710 1725; x_wconf 92' lang='lat' dir='ltr'>potest</span> <span class='ocrx_word' id='word_1_216' title='bbox 1726 1664 1840 1720; x_wconf 88' lang='lat' dir='ltr'>satis,</span> <span class='ocrx_word' id='word_1_217' title='bbox 1861 1681 2010 1710; x_wconf 92' lang='lat' dir='ltr'>nonne</span> 
     </span>
     <span class='ocr_line' id='line_1_23' title="bbox 203 1732 2012 1795; baseline -0.002 -12"><span class='ocrx_word' id='word_1_218' title='bbox 203 1735 356 1783; x_wconf 92' lang='lat' dir='ltr'>consul</span> <span class='ocrx_word' id='word_1_219' title='bbox 380 1753 429 1782; x_wconf 90' lang='lat' dir='ltr'>ea</span> <span class='ocrx_word' id='word_1_220' title='bbox 445 1736 571 1795; x_wconf 87' lang='lat' dir='ltr'>gessit</span> <span class='ocrx_word' id='word_1_221' title='bbox 593 1752 702 1795; x_wconf 90' lang='lat' dir='ltr'>quae</span> <span class='ocrx_word' id='word_1_222' title='bbox 724 1734 867 1781; x_wconf 92' lang='lat' dir='ltr'>nullus</span> <span class='ocrx_word' id='word_1_223' title='bbox 889 1735 1169 1795; x_wconf 91' lang='lat' dir='ltr'>quantumvis</span> <span class='ocrx_word' id='word_1_224' title='bbox 1190 1734 1381 1794; x_wconf 90' lang='lat' dir='ltr'>egregius</span> <span class='ocrx_word' id='word_1_225' title='bbox 1401 1734 1642 1794; x_wconf 89' lang='lat' dir='ltr'>imperator</span> <span class='ocrx_word' id='word_1_226' title='bbox 1661 1732 1728 1780; x_wconf 91' lang='lat' dir='ltr'>vel</span> <span class='ocrx_word' id='word_1_227' title='bbox 1749 1732 2012 1780; x_wconf 86' lang='lat' dir='ltr'>consultasse</span> 
     </span>
     <span class='ocr_line' id='line_1_24' title="bbox 202 1801 2013 1865; baseline -0.002 -14"><span class='ocrx_word' id='word_1_228' title='bbox 202 1805 374 1865; x_wconf 90' lang='lat' dir='ltr'>gravius</span> <span class='ocrx_word' id='word_1_229' title='bbox 399 1803 467 1850; x_wconf 91' lang='lat' dir='ltr'>vel</span> <span class='ocrx_word' id='word_1_230' title='bbox 490 1804 662 1864; x_wconf 86' lang='lat' dir='ltr'>gessisse</span> <span class='ocrx_word' id='word_1_231' title='bbox 689 1803 868 1863; x_wconf 90' lang='lat' dir='ltr'>gnavius</span> <span class='ocrx_word' id='word_1_232' title='bbox 892 1803 1118 1863; x_wconf 88' lang='lat' dir='ltr'>potuisset,</span> <span class='ocrx_word' id='word_1_233' title='bbox 1147 1802 1403 1863; x_wconf 90' lang='lat' dir='ltr'>quibusque,</span> <span class='ocrx_word' id='word_1_234' title='bbox 1431 1816 1478 1849; x_wconf 92' lang='lat' dir='ltr'>ut</span> <span class='ocrx_word' id='word_1_235' title='bbox 1503 1801 1683 1858; x_wconf 91' lang='lat' dir='ltr'>solebat,</span> <span class='ocrx_word' id='word_1_236' title='bbox 1708 1801 1844 1862; x_wconf 92' lang='lat' dir='ltr'>possit</span> <span class='ocrx_word' id='word_1_237' title='bbox 1872 1818 2013 1862; x_wconf 92' lang='lat' dir='ltr'>neque</span> 
     </span>
     <span class='ocr_line' id='line_1_25' title="bbox 204 1870 2007 1933; baseline -0.002 -14"><span class='ocrx_word' id='word_1_238' title='bbox 204 1873 430 1920; x_wconf 89' lang='lat' dir='ltr'>immerito</span> <span class='ocrx_word' id='word_1_239' title='bbox 448 1871 638 1933; x_wconf 88' lang='lat' dir='ltr'>gloriari,</span> <span class='ocrx_word' id='word_1_240' title='bbox 661 1875 721 1919; x_wconf 91' lang='lat' dir='ltr'>‘O</span> <span class='ocrx_word' id='word_1_241' title='bbox 742 1871 1013 1919; x_wconf 84' lang='lat' dir='ltr'>fortunatam</span> <span class='ocrx_word' id='word_1_242' title='bbox 1032 1885 1178 1918; x_wconf 91' lang='lat' dir='ltr'>natam</span> <span class='ocrx_word' id='word_1_243' title='bbox 1199 1889 1268 1918; x_wconf 93' lang='lat' dir='ltr'>me</span> <span class='ocrx_word' id='word_1_244' title='bbox 1287 1870 1463 1918; x_wconf 91' lang='lat' dir='ltr'>consule</span> <span class='ocrx_word' id='word_1_245' title='bbox 1484 1873 2007 1931; x_wconf 66' lang='lat' dir='ltr'>Romam&#39;e—quanquam</span> 
     </span>
     <span class='ocr_line' id='line_1_26' title="bbox 203 1941 1154 2002; baseline 0 -15"><span class='ocrx_word' id='word_1_246' title='bbox 203 1941 414 2002; x_wconf 90' lang='lat' dir='ltr'>exemplis</span> <span class='ocrx_word' id='word_1_247' title='bbox 437 1941 565 1988; x_wconf 91' lang='lat' dir='ltr'>nobis</span> <span class='ocrx_word' id='word_1_248' title='bbox 590 1941 804 1987; x_wconf 89' lang='lat' dir='ltr'>extraneis</span> <span class='ocrx_word' id='word_1_249' title='bbox 825 1958 917 1987; x_wconf 92' lang='lat' dir='ltr'>non</span> <span class='ocrx_word' id='word_1_250' title='bbox 941 1954 1002 1987; x_wconf 90' lang='lat' dir='ltr'>est</span> <span class='ocrx_word' id='word_1_251' title='bbox 1025 1942 1154 2000; x_wconf 88' lang='lat' dir='ltr'>opus?</span> 
     </span>
    </p>

    <p class='ocr_par' dir='ltr' id='par_1_4' title="bbox 201 2006 2014 2954">
     <span class='ocr_line' id='line_1_27' title="bbox 287 2006 2011 2069; baseline -0.002 -13"><span class='ocrx_word' id='word_1_252' title='bbox 287 2014 416 2056; x_wconf 90' lang='lat' dir='ltr'>Unus</span> <span class='ocrx_word' id='word_1_253' title='bbox 437 2010 556 2056; x_wconf 91' lang='lat' dir='ltr'>enim</span> <span class='ocrx_word' id='word_1_254' title='bbox 576 2006 787 2056; x_wconf 88' lang='lat' dir='ltr'>Cosmus7</span> <span class='ocrx_word' id='word_1_255' title='bbox 804 2026 887 2069; x_wconf 91' lang='lat' dir='ltr'>pro</span> <span class='ocrx_word' id='word_1_256' title='bbox 907 2008 1055 2055; x_wconf 89' lang='lat' dir='ltr'>multis</span> <span class='ocrx_word' id='word_1_257' title='bbox 1075 2026 1182 2068; x_wconf 87' lang='lat' dir='ltr'>quae</span> <span class='ocrx_word' id='word_1_258' title='bbox 1201 2007 1348 2055; x_wconf 90' lang='lat' dir='ltr'>afferri</span> <span class='ocrx_word' id='word_1_259' title='bbox 1362 2022 1539 2068; x_wconf 90' lang='lat' dir='ltr'>possent</span> <span class='ocrx_word' id='word_1_260' title='bbox 1560 2006 1758 2067; x_wconf 91' lang='lat' dir='ltr'>exempla</span> <span class='ocrx_word' id='word_1_261' title='bbox 1775 2006 2011 2053; x_wconf 91' lang='lat' dir='ltr'>documen-</span> 
     </span>
     <span class='ocr_line' id='line_1_28' title="bbox 202 2075 2012 2137; baseline -0.002 -12"><span class='ocrx_word' id='word_1_262' title='bbox 202 2093 251 2125; x_wconf 92' lang='lat' dir='ltr'>to</span> <span class='ocrx_word' id='word_1_263' title='bbox 272 2078 516 2125; x_wconf 90' lang='lat' dir='ltr'>certissimo</span> <span class='ocrx_word' id='word_1_264' title='bbox 537 2095 624 2124; x_wconf 89' lang='lat' dir='ltr'>esse</span> <span class='ocrx_word' id='word_1_265' title='bbox 646 2077 789 2133; x_wconf 93' lang='lat' dir='ltr'>debet,</span> <span class='ocrx_word' id='word_1_266' title='bbox 812 2095 943 2137; x_wconf 91' lang='lat' dir='ltr'>quem</span> <span class='ocrx_word' id='word_1_267' title='bbox 964 2094 1044 2136; x_wconf 92' lang='lat' dir='ltr'>ego</span> <span class='ocrx_word' id='word_1_268' title='bbox 1063 2076 1253 2123; x_wconf 91' lang='lat' dir='ltr'>arbitror</span> <span class='ocrx_word' id='word_1_269' title='bbox 1271 2094 1410 2123; x_wconf 92' lang='lat' dir='ltr'>unum</span> <span class='ocrx_word' id='word_1_270' title='bbox 1433 2076 1621 2123; x_wconf 91' lang='lat' dir='ltr'>extitisse</span> <span class='ocrx_word' id='word_1_271' title='bbox 1643 2076 1687 2121; x_wconf 91' lang='lat' dir='ltr'>in</span> <span class='ocrx_word' id='word_1_272' title='bbox 1708 2093 1839 2135; x_wconf 93' lang='lat' dir='ltr'>quem</span> <span class='ocrx_word' id='word_1_273' title='bbox 1861 2089 1902 2122; x_wconf 92' lang='lat' dir='ltr'>et</span> <span class='ocrx_word' id='word_1_274' title='bbox 1921 2075 2012 2135; x_wconf 85' lang='lat' dir='ltr'>ipsa</span> 
     </span>
     <span class='ocr_line' id='line_1_29' title="bbox 203 2142 2014 2205; baseline -0.002 -13"><span class='ocrx_word' id='word_1_275' title='bbox 203 2145 416 2193; x_wconf 88' lang='lat' dir='ltr'>munifica</span> <span class='ocrx_word' id='word_1_276' title='bbox 441 2160 597 2192; x_wconf 90' lang='lat' dir='ltr'>natura</span> <span class='ocrx_word' id='word_1_277' title='bbox 619 2163 780 2205; x_wconf 90' lang='lat' dir='ltr'>suaque</span> <span class='ocrx_word' id='word_1_278' title='bbox 809 2146 899 2205; x_wconf 91' lang='lat' dir='ltr'>ipsa</span> <span class='ocrx_word' id='word_1_279' title='bbox 923 2144 1065 2191; x_wconf 91' lang='lat' dir='ltr'>studia</span> <span class='ocrx_word' id='word_1_280' title='bbox 1089 2159 1130 2191; x_wconf 89' lang='lat' dir='ltr'>et</span> <span class='ocrx_word' id='word_1_281' title='bbox 1154 2144 1322 2191; x_wconf 91' lang='lat' dir='ltr'>labores</span> <span class='ocrx_word' id='word_1_282' title='bbox 1347 2159 1414 2191; x_wconf 90' lang='lat' dir='ltr'>tot</span> <span class='ocrx_word' id='word_1_283' title='bbox 1441 2158 1648 2203; x_wconf 88' lang='lat' dir='ltr'>tantaque</span> <span class='ocrx_word' id='word_1_284' title='bbox 1672 2142 1939 2190; x_wconf 91' lang='lat' dir='ltr'>contulerint</span> <span class='ocrx_word' id='word_1_285' title='bbox 1965 2157 2014 2189; x_wconf 92' lang='lat' dir='ltr'>ut</span> 
     </span>
     <span class='ocr_line' id='line_1_30' title="bbox 203 2211 2012 2272; baseline -0.002 -12"><span class='ocrx_word' id='word_1_286' title='bbox 203 2214 371 2260; x_wconf 88' lang='lat' dir='ltr'>maiora</span> <span class='ocrx_word' id='word_1_287' title='bbox 390 2213 508 2260; x_wconf 92' lang='lat' dir='ltr'>nulla</span> <span class='ocrx_word' id='word_1_288' title='bbox 529 2227 601 2260; x_wconf 92' lang='lat' dir='ltr'>aut</span> <span class='ocrx_word' id='word_1_289' title='bbox 621 2212 946 2259; x_wconf 90' lang='lat' dir='ltr'>admirabiliora</span> <span class='ocrx_word' id='word_1_290' title='bbox 966 2230 1052 2259; x_wconf 90' lang='lat' dir='ltr'>esse</span> <span class='ocrx_word' id='word_1_291' title='bbox 1069 2213 1250 2272; x_wconf 92' lang='lat' dir='ltr'>possint.</span> <span class='ocrx_word' id='word_1_292' title='bbox 1273 2216 1393 2258; x_wconf 91' lang='lat' dir='ltr'>Nam</span> <span class='ocrx_word' id='word_1_293' title='bbox 1414 2212 1508 2272; x_wconf 91' lang='lat' dir='ltr'>quis</span> <span class='ocrx_word' id='word_1_294' title='bbox 1527 2228 1722 2271; x_wconf 88' lang='lat' dir='ltr'>unquam</span> <span class='ocrx_word' id='word_1_295' title='bbox 1742 2225 1815 2257; x_wconf 86' lang='lat' dir='ltr'>aut</span> <span class='ocrx_word' id='word_1_296' title='bbox 1835 2211 2012 2270; x_wconf 91' lang='lat' dir='ltr'>ingenio</span> 
     </span>
     <span class='ocr_line' id='line_1_31' title="bbox 203 2278 2010 2341; baseline -0.002 -13"><span class='ocrx_word' id='word_1_297' title='bbox 203 2282 369 2329; x_wconf 88' lang='lat' dir='ltr'>acriore</span> <span class='ocrx_word' id='word_1_298' title='bbox 391 2295 463 2328; x_wconf 89' lang='lat' dir='ltr'>aut</span> <span class='ocrx_word' id='word_1_299' title='bbox 486 2281 702 2328; x_wconf 89' lang='lat' dir='ltr'>diviniore</span> <span class='ocrx_word' id='word_1_300' title='bbox 727 2281 942 2327; x_wconf 91' lang='lat' dir='ltr'>memoria</span> <span class='ocrx_word' id='word_1_301' title='bbox 963 2280 1044 2327; x_wconf 88' lang='lat' dir='ltr'>fuit</span> <span class='ocrx_word' id='word_1_302' title='bbox 1066 2294 1138 2327; x_wconf 89' lang='lat' dir='ltr'>aut</span> <span class='ocrx_word' id='word_1_303' title='bbox 1161 2298 1247 2327; x_wconf 89' lang='lat' dir='ltr'>esse</span> <span class='ocrx_word' id='word_1_304' title='bbox 1267 2280 1434 2341; x_wconf 90' lang='lat' dir='ltr'>potuit?</span> <span class='ocrx_word' id='word_1_305' title='bbox 1457 2283 1584 2339; x_wconf 87' lang='lat' dir='ltr'>Quae</span> <span class='ocrx_word' id='word_1_306' title='bbox 1606 2278 1784 2340; x_wconf 90' lang='lat' dir='ltr'>quidem</span> <span class='ocrx_word' id='word_1_307' title='bbox 1806 2279 1893 2325; x_wconf 87' lang='lat' dir='ltr'>iam</span> <span class='ocrx_word' id='word_1_308' title='bbox 1913 2292 2010 2325; x_wconf 91' lang='lat' dir='ltr'>tum</span> 
     </span>
     <span class='ocr_line' id='line_1_32' title="bbox 203 2347 2010 2410; baseline -0.002 -14"><span class='ocrx_word' id='word_1_309' title='bbox 203 2350 255 2397; x_wconf 91' lang='lat' dir='ltr'>ab</span> <span class='ocrx_word' id='word_1_310' title='bbox 277 2349 463 2396; x_wconf 89' lang='lat' dir='ltr'>infantia</span> <span class='ocrx_word' id='word_1_311' title='bbox 483 2350 573 2410; x_wconf 88' lang='lat' dir='ltr'>ipsa</span> <span class='ocrx_word' id='word_1_312' title='bbox 595 2349 811 2405; x_wconf 87' lang='lat' dir='ltr'>excolens,</span> <span class='ocrx_word' id='word_1_313' title='bbox 834 2348 888 2396; x_wconf 87' lang='lat' dir='ltr'>ad</span> <span class='ocrx_word' id='word_1_314' title='bbox 906 2367 1002 2396; x_wconf 90' lang='lat' dir='ltr'>eam</span> <span class='ocrx_word' id='word_1_315' title='bbox 1023 2366 1154 2409; x_wconf 91' lang='lat' dir='ltr'>quam</span> <span class='ocrx_word' id='word_1_316' title='bbox 1175 2366 1292 2395; x_wconf 91' lang='lat' dir='ltr'>nunc</span> <span class='ocrx_word' id='word_1_317' title='bbox 1313 2362 1543 2408; x_wconf 91' lang='lat' dir='ltr'>tantopere</span> <span class='ocrx_word' id='word_1_318' title='bbox 1564 2347 1837 2394; x_wconf 91' lang='lat' dir='ltr'>admirantur</span> <span class='ocrx_word' id='word_1_319' title='bbox 1856 2364 2010 2394; x_wconf 91' lang='lat' dir='ltr'>omnes</span> 
     </span>
     <span class='ocr_line' id='line_1_33' title="bbox 203 2414 2012 2477; baseline -0.001 -14"><span class='ocrx_word' id='word_1_320' title='bbox 203 2417 476 2465; x_wconf 83' lang='lat' dir='ltr'>fertilitatem</span> <span class='ocrx_word' id='word_1_321' title='bbox 498 2417 832 2477; x_wconf 90' lang='lat' dir='ltr'>bonitatemque</span> <span class='ocrx_word' id='word_1_322' title='bbox 856 2417 1073 2477; x_wconf 89' lang='lat' dir='ltr'>perduxit.</span> <span class='ocrx_word' id='word_1_323' title='bbox 1099 2416 1223 2475; x_wconf 89' lang='lat' dir='ltr'>Quid</span> <span class='ocrx_word' id='word_1_324' title='bbox 1247 2417 1365 2463; x_wconf 91' lang='lat' dir='ltr'>enim</span> <span class='ocrx_word' id='word_1_325' title='bbox 1392 2434 1483 2462; x_wconf 92' lang='lat' dir='ltr'>non</span> <span class='ocrx_word' id='word_1_326' title='bbox 1507 2416 1754 2476; x_wconf 90' lang='lat' dir='ltr'>temptavit,</span> <span class='ocrx_word' id='word_1_327' title='bbox 1779 2414 1917 2461; x_wconf 94' lang='lat' dir='ltr'>modo</span> <span class='ocrx_word' id='word_1_328' title='bbox 1941 2414 2012 2461; x_wconf 91' lang='lat' dir='ltr'>ali—</span> 
     </span>
     <span class='ocr_line' id='line_1_34' title="bbox 203 2483 2010 2547; baseline -0.002 -14"><span class='ocrx_word' id='word_1_329' title='bbox 203 2486 310 2547; x_wconf 91' lang='lat' dir='ltr'>quid</span> <span class='ocrx_word' id='word_1_330' title='bbox 327 2487 373 2532; x_wconf 89' lang='lat' dir='ltr'>in</span> <span class='ocrx_word' id='word_1_331' title='bbox 390 2503 433 2533; x_wconf 89' lang='lat' dir='ltr'>se</span> <span class='ocrx_word' id='word_1_332' title='bbox 452 2485 631 2532; x_wconf 88' lang='lat' dir='ltr'>haberet</span> <span class='ocrx_word' id='word_1_333' title='bbox 647 2485 798 2541; x_wconf 90' lang='lat' dir='ltr'>laudis;</span> <span class='ocrx_word' id='word_1_334' title='bbox 819 2500 891 2532; x_wconf 90' lang='lat' dir='ltr'>aut</span> <span class='ocrx_word' id='word_1_335' title='bbox 910 2484 1016 2545; x_wconf 89' lang='lat' dir='ltr'>quid</span> <span class='ocrx_word' id='word_1_336' title='bbox 1031 2485 1263 2545; x_wconf 89' lang='lat' dir='ltr'>temptavit</span> <span class='ocrx_word' id='word_1_337' title='bbox 1281 2484 1401 2545; x_wconf 92' lang='lat' dir='ltr'>quod</span> <span class='ocrx_word' id='word_1_338' title='bbox 1420 2502 1511 2531; x_wconf 93' lang='lat' dir='ltr'>non</span> <span class='ocrx_word' id='word_1_339' title='bbox 1529 2485 1582 2531; x_wconf 91' lang='lat' dir='ltr'>sit</span> <span class='ocrx_word' id='word_1_340' title='bbox 1600 2483 1844 2531; x_wconf 87' lang='lat' dir='ltr'>felicissime</span> <span class='ocrx_word' id='word_1_341' title='bbox 1864 2500 2010 2530; x_wconf 91' lang='lat' dir='ltr'>conse-</span> 
     </span>
     <span class='ocr_line' id='line_1_35' title="bbox 203 2551 2008 2614; baseline -0.002 -13"><span class='ocrx_word' id='word_1_342' title='bbox 203 2556 348 2601; x_wconf 85' lang='lat' dir='ltr'>cutus?</span> <span class='ocrx_word' id='word_1_343' title='bbox 372 2555 508 2614; x_wconf 89' lang='lat' dir='ltr'>Legit,</span> <span class='ocrx_word' id='word_1_344' title='bbox 530 2553 710 2610; x_wconf 89' lang='lat' dir='ltr'>audivit,</span> <span class='ocrx_word' id='word_1_345' title='bbox 732 2553 841 2600; x_wconf 90' lang='lat' dir='ltr'>vidit</span> <span class='ocrx_word' id='word_1_346' title='bbox 863 2554 1024 2600; x_wconf 93' lang='lat' dir='ltr'>omnia.</span> <span class='ocrx_word' id='word_1_347' title='bbox 1050 2552 1177 2599; x_wconf 89' lang='lat' dir='ltr'>Nihil</span> <span class='ocrx_word' id='word_1_348' title='bbox 1199 2571 1394 2613; x_wconf 86' lang='lat' dir='ltr'>unquam</span> <span class='ocrx_word' id='word_1_349' title='bbox 1417 2552 1575 2599; x_wconf 90' lang='lat' dir='ltr'>excidit</span> <span class='ocrx_word' id='word_1_350' title='bbox 1597 2551 1718 2613; x_wconf 93' lang='lat' dir='ltr'>quod</span> <span class='ocrx_word' id='word_1_351' title='bbox 1739 2551 2008 2612; x_wconf 87' lang='lat' dir='ltr'>cognoverit.</span> 
     </span>
     <span class='ocr_line' id='line_1_36' title="bbox 201 2619 2011 2683; baseline -0.002 -14"><span class='ocrx_word' id='word_1_352' title='bbox 201 2627 355 2669; x_wconf 92' lang='lat' dir='ltr'>Nemo</span> <span class='ocrx_word' id='word_1_353' title='bbox 376 2622 613 2683; x_wconf 90' lang='lat' dir='ltr'>disputavit</span> <span class='ocrx_word' id='word_1_354' title='bbox 632 2623 812 2678; x_wconf 90' lang='lat' dir='ltr'>acutius,</span> <span class='ocrx_word' id='word_1_355' title='bbox 834 2639 967 2669; x_wconf 92' lang='lat' dir='ltr'>nemo</span> <span class='ocrx_word' id='word_1_356' title='bbox 986 2639 1140 2668; x_wconf 92' lang='lat' dir='ltr'>verum</span> <span class='ocrx_word' id='word_1_357' title='bbox 1162 2622 1328 2668; x_wconf 90' lang='lat' dir='ltr'>invenit</span> <span class='ocrx_word' id='word_1_358' title='bbox 1349 2620 1527 2677; x_wconf 86' lang='lat' dir='ltr'>facilius,</span> <span class='ocrx_word' id='word_1_359' title='bbox 1549 2638 1682 2667; x_wconf 91' lang='lat' dir='ltr'>nemo</span> <span class='ocrx_word' id='word_1_360' title='bbox 1703 2619 1823 2680; x_wconf 92' lang='lat' dir='ltr'>quod</span> <span class='ocrx_word' id='word_1_361' title='bbox 1843 2620 2011 2666; x_wconf 90' lang='lat' dir='ltr'>invenit</span> 
     </span>
     <span class='ocr_line' id='line_1_37' title="bbox 203 2688 2007 2751; baseline -0.002 -14"><span class='ocrx_word' id='word_1_362' title='bbox 203 2691 410 2751; x_wconf 88' lang='lat' dir='ltr'>expressit</span> <span class='ocrx_word' id='word_1_363' title='bbox 431 2690 723 2737; x_wconf 90' lang='lat' dir='ltr'>commodius.</span> <span class='ocrx_word' id='word_1_364' title='bbox 746 2691 901 2737; x_wconf 88' lang='lat' dir='ltr'>Mirari</span> <span class='ocrx_word' id='word_1_365' title='bbox 920 2689 1019 2737; x_wconf 91' lang='lat' dir='ltr'>licet</span> <span class='ocrx_word' id='word_1_366' title='bbox 1037 2689 1363 2736; x_wconf 85' lang='lat' dir='ltr'>confluentibus</span> <span class='ocrx_word' id='word_1_367' title='bbox 1384 2689 1438 2736; x_wconf 86' lang='lat' dir='ltr'>ad</span> <span class='ocrx_word' id='word_1_368' title='bbox 1454 2707 1554 2736; x_wconf 91' lang='lat' dir='ltr'>eum</span> <span class='ocrx_word' id='word_1_369' title='bbox 1576 2688 1724 2735; x_wconf 93' lang='lat' dir='ltr'>multis</span> <span class='ocrx_word' id='word_1_370' title='bbox 1743 2705 2007 2748; x_wconf 90' lang='lat' dir='ltr'>quocunque</span> 
     </span>
     <span class='ocr_line' id='line_1_38' title="bbox 203 2756 2013 2819; baseline -0.002 -14"><span class='ocrx_word' id='word_1_371' title='bbox 203 2760 248 2805; x_wconf 91' lang='lat' dir='ltr'>in</span> <span class='ocrx_word' id='word_1_372' title='bbox 268 2776 424 2819; x_wconf 89' lang='lat' dir='ltr'>genere</span> <span class='ocrx_word' id='word_1_373' title='bbox 445 2758 757 2805; x_wconf 87' lang='lat' dir='ltr'>excellentibus</span> <span class='ocrx_word' id='word_1_374' title='bbox 775 2759 878 2804; x_wconf 91' lang='lat' dir='ltr'>viris</span> <span class='ocrx_word' id='word_1_375' title='bbox 899 2759 1004 2818; x_wconf 89' lang='lat' dir='ltr'>(erat</span> <span class='ocrx_word' id='word_1_376' title='bbox 1022 2758 1140 2804; x_wconf 89' lang='lat' dir='ltr'>enim</span> <span class='ocrx_word' id='word_1_377' title='bbox 1162 2757 1319 2804; x_wconf 91' lang='lat' dir='ltr'>domus</span> <span class='ocrx_word' id='word_1_378' title='bbox 1341 2758 1430 2804; x_wconf 90' lang='lat' dir='ltr'>eius</span> <span class='ocrx_word' id='word_1_379' title='bbox 1450 2771 1658 2817; x_wconf 88' lang='lat' dir='ltr'>tanquam</span> <span class='ocrx_word' id='word_1_380' title='bbox 1677 2756 1894 2802; x_wconf 90' lang='lat' dir='ltr'>bonarum</span> <span class='ocrx_word' id='word_1_381' title='bbox 1916 2756 2013 2802; x_wconf 89' lang='lat' dir='ltr'>arti-</span> 
     </span>
     <span class='ocr_line' id='line_1_39' title="bbox 202 2823 2008 2887; baseline -0.002 -14"><span class='ocrx_word' id='word_1_382' title='bbox 202 2845 278 2873; x_wconf 92' lang='lat' dir='ltr'>um</span> <span class='ocrx_word' id='word_1_383' title='bbox 303 2826 528 2887; x_wconf 90' lang='lat' dir='ltr'>quoddam</span> <span class='ocrx_word' id='word_1_384' title='bbox 550 2827 859 2886; x_wconf 88' lang='lat' dir='ltr'>gymnasium),</span> <span class='ocrx_word' id='word_1_385' title='bbox 888 2827 1049 2882; x_wconf 90' lang='lat' dir='ltr'>mirari,</span> <span class='ocrx_word' id='word_1_386' title='bbox 1074 2826 1267 2885; x_wconf 86' lang='lat' dir='ltr'>inquam,</span> <span class='ocrx_word' id='word_1_387' title='bbox 1291 2825 1391 2872; x_wconf 92' lang='lat' dir='ltr'>licet</span> <span class='ocrx_word' id='word_1_388' title='bbox 1413 2825 1635 2871; x_wconf 91' lang='lat' dir='ltr'>neminem</span> <span class='ocrx_word' id='word_1_389' title='bbox 1659 2841 1854 2884; x_wconf 87' lang='lat' dir='ltr'>unquam</span> <span class='ocrx_word' id='word_1_390' title='bbox 1878 2823 1930 2870; x_wconf 88' lang='lat' dir='ltr'>ab</span> <span class='ocrx_word' id='word_1_391' title='bbox 1954 2841 2008 2870; x_wconf 95' lang='lat' dir='ltr'>eo</span> 
     </span>
     <span class='ocr_line' id='line_1_40' title="bbox 204 2891 2011 2954; baseline -0.003 -13"><span class='ocrx_word' id='word_1_392' title='bbox 204 2896 397 2950; x_wconf 89' lang='lat' dir='ltr'>exivisse,</span> <span class='ocrx_word' id='word_1_393' title='bbox 424 2912 683 2954; x_wconf 88' lang='lat' dir='ltr'>quacunque</span> <span class='ocrx_word' id='word_1_394' title='bbox 707 2893 886 2940; x_wconf 89' lang='lat' dir='ltr'>tandem</span> <span class='ocrx_word' id='word_1_395' title='bbox 912 2893 1115 2940; x_wconf 84' lang='lat' dir='ltr'>facultate</span> <span class='ocrx_word' id='word_1_396' title='bbox 1137 2893 1399 2948; x_wconf 92' lang='lat' dir='ltr'>excelluerit,</span> <span class='ocrx_word' id='word_1_397' title='bbox 1425 2893 1531 2952; x_wconf 92' lang='lat' dir='ltr'>quin</span> <span class='ocrx_word' id='word_1_398' title='bbox 1556 2891 1742 2939; x_wconf 85' lang='lat' dir='ltr'>fateatur</span> <span class='ocrx_word' id='word_1_399' title='bbox 1764 2891 2011 2938; x_wconf 92' lang='lat' dir='ltr'>doctiorem</span> 
     </span>
    </p>
   </div>
   <div class='ocr_carea' id='block_1_3' title="bbox 282 3111 1515 3224">
    <p class='ocr_par' dir='ltr' id='par_1_5' title="bbox 282 3111 1515 3224">
     <span class='ocr_line' id='line_1_41' title="bbox 282 3111 702 3166; baseline -0.002 -10"><span class='ocrx_word' id='word_1_400' title='bbox 282 3111 298 3136; x_wconf 84' lang='lat'>&lt;¹</span> <span class='ocrx_word' id='word_1_401' title='bbox 316 3118 454 3162; x_wconf 74' lang='lat' dir='ltr'>Sallust,</span> <span class='ocrx_word' id='word_1_402' title='bbox 472 3118 620 3166; x_wconf 74' lang='lat' dir='ltr'>BellJug.</span> <span class='ocrx_word' id='word_1_403' title='bbox 644 3121 702 3162; x_wconf 89' lang='lat'>1,1.</span> 
     </span>
     <span class='ocr_line' id='line_1_42' title="bbox 284 3174 1515 3224; baseline -0.002 -11"><span class='ocrx_word' id='word_1_404' title='bbox 284 3181 295 3195; x_wconf 74' lang='lat'><strong>⁶</strong></span> <span class='ocrx_word' id='word_1_405' title='bbox 315 3175 533 3224; x_wconf 90' lang='lat' dir='ltr'>Quintilian,</span> <span class='ocrx_word' id='word_1_406' title='bbox 550 3179 627 3213; x_wconf 78' lang='lat' dir='ltr'>Inst.</span> <span class='ocrx_word' id='word_1_407' title='bbox 636 3178 731 3213; x_wconf 83' lang='lat' dir='ltr'>Orat.</span> <span class='ocrx_word' id='word_1_408' title='bbox 754 3179 878 3219; x_wconf 86' lang='lat'>9,4,41;</span> <span class='ocrx_word' id='word_1_409' title='bbox 901 3178 1045 3219; x_wconf 86' lang='lat'>11,1‚24;</span> <span class='ocrx_word' id='word_1_410' title='bbox 1066 3174 1109 3212; x_wconf 84' lang='lat' dir='ltr'>cf.</span> <span class='ocrx_word' id='word_1_411' title='bbox 1125 3174 1284 3221; x_wconf 87' lang='lat' dir='ltr'>Juvenal,</span> <span class='ocrx_word' id='word_1_412' title='bbox 1303 3176 1370 3211; x_wconf 82' lang='lat' dir='ltr'>Sat.</span> <span class='ocrx_word' id='word_1_413' title='bbox 1391 3177 1515 3217; x_wconf 86' lang='lat' dir='ltr'>X‚122.</span> 
     </span>
    </p>
   </div>
  </div>
 </body>
</html>
