2124 3458
208 159 301 200 396
1821 164 1960 198 PART
1984 165 2016 198 V

208 304 421 352 arbitratu
444 321 510 351 res
532 302 789 350 mortalium
815 302 966 364 hisque
989 302 1160 363 gaudet,
1182 302 1374 350 breviter
1391 320 1530 364 pauca
1548 320 1820 364 percurrero.

292 376 402 420 Sunt
426 372 558 432 igitur
578 372 654 432 qui
674 372 924 419 existiment
946 372 1034 432 regi
1054 389 1078 418 a
1096 370 1274 418 fortuna
1294 371 1444 419 omnia
1465 389 1574 432 quae
1595 371 1727 419 etiam
1745 371 2019 432 produxerit,

207 455 366 502 utputa
382 441 457 501 qui
471 441 689 501 principia
707 457 883 501 quoque
900 454 1143 487 creatarum
1159 457 1305 487 rerum
1323 439 1529 487 fortuitae
1545 439 1719 487 cuidam
1735 440 2016 487 concursioni

208 508 543 556 indivisibilium
568 509 847 555 minutorum
871 507 1144 555 tradiderint.
1166 512 1215 554 In
1235 525 1320 568 qua
1340 507 1518 568 quidem
1537 508 1754 555 sententia
1771 507 1901 555 multi
1917 525 2018 568 pro—

208 576 328 624 fecto
346 576 617 638 philosophi,
646 594 739 623 non
762 576 922 623 Graeci
943 575 1095 632 modo,
1118 575 1194 623 sed
1215 590 1257 623 et
1278 576 1421 623 Latini
1444 576 1696 623 extiterunt.
1717 579 1771 623 Et
1794 576 2020 623 Lucretius

206 660 341 706 poeta
363 644 659 701 admirandus,
685 645 806 692 cuius
830 645 962 692 etiam
986 644 1180 691 carmina
1202 662 1277 691 rex
1299 644 1402 704 ipse,
1426 658 1473 691 ut
1498 644 1558 691 ita
1578 643 1735 700 dicam,
1758 644 2019 691 Latinorum

206 713 428 774 Virgilius,
447 731 528 760 suo
545 713 732 760 inserere
750 713 873 773 operi
890 713 1057 772 integra
1072 730 1164 759 non
1181 711 1368 768 erubuit,
1386 711 1498 759 hanc
1514 726 1692 759 naturae
1704 726 1876 772 partem
1891 712 2020 759 versi-

207 782 288 829 bus
320 795 382 829 est
413 780 742 842 elegantissimis
771 774 1063 841 prosecutus.b
1095 779 1235 839 Quod
1265 780 1344 827 etsi
1373 779 1530 827 diserte
1559 779 1742 836 dicatur,
1772 794 1814 827 et
1841 780 2020 841 patroni

208 851 299 897 eius
315 850 558 897 sententiae
574 867 667 896 non
685 848 1036 896 contemnendae
1052 849 1138 896 sint
1156 849 1440 905 auctoritatis,
1457 862 1606 896 tamen
1623 847 1961 909 haudquaquam
1978 847 2024 896 id

208 918 319 965 mihi
341 918 531 965 omnino
550 916 827 978 persuadent.
848 921 968 964 Vero
990 931 1137 964 autem
1157 916 1219 963 illi
1239 916 1450 964 similiora
1472 916 1614 964 dicere
1634 915 1782 977 aliquo
1803 915 1942 964 modo
1961 916 2021 963 vi-

208 986 371 1034 dentur
388 984 480 1047 qui¹
503 985 731 1033 fortunam
750 986 925 1046 penitus
945 984 1108 1032 tollunt
1129 984 1181 1032 de
1200 984 1327 1032 rebus
1348 984 1563 1041 humanis,
1585 984 1851 1046 traduntque
1869 1002 2017 1032 rerum

207 1056 413 1102 omnium
442 1069 694 1102 nostrarum
721 1053 980 1115 prudentiae
1003 1053 1209 1115 palmam.
1239 1053 1464 1115 Opitulari
1488 1071 1595 1101 vero
1621 1052 1722 1100 huic
1744 1067 1903 1114 putant
1929 1053 2020 1115 opi-

207 1124 347 1180 nioni,
370 1123 493 1184 quod
514 1141 656 1184 neque
677 1122 794 1183 apud
812 1127 1065 1170 Homerum
1087 1120 1257 1179 τύχης2
1278 1121 1513 1183 appellatio
1533 1139 1717 1183 usquam
1739 1122 2019 1178 inveniatur3c

206 1206 365 1253 utputa
384 1192 460 1252 qui
478 1209 533 1238 ne
552 1209 719 1238 nomen
739 1190 919 1252 quidem
938 1190 992 1238 ad
1010 1190 1054 1238 id
1071 1208 1206 1251 usque
1226 1191 1438 1251 temporis
1458 1191 1731 1251 recepissent.
1752 1194 1816 1237 Ita
1833 1190 1952 1237 enim
1972 1189 2018 1238 id

208 1259 413 1307 nonnulli
434 1260 782 1320 interpretantur
797 1260 976 1306 acutius.
996 1258 1391 1318 Quemadmodum
1411 1258 1463 1305 de
1476 1258 1693 1318 podagrae
1710 1275 1886 1318 quoque
1904 1275 2019 1305 mor—

206 1328 266 1375 bo
304 1327 436 1375 refert
471 1321 671 1383 Plinius,d
709 1326 830 1388 quod
866 1327 967 1388 quia
1001 1327 1193 1373 Romani
1228 1344 1393 1373 nomen
1430 1344 1522 1373 non
1559 1325 1820 1382 habuerunt,
1855 1325 2018 1373 morbo

207 1414 385 1457 quoque
406 1397 502 1456 ipso
522 1413 596 1443 eos
617 1396 800 1442 caruisse
820 1409 1031 1442 autumat.
1051 1394 1191 1454 Quod
1209 1395 1288 1442 etsi
1305 1394 1466 1442 dicitur
1481 1395 1729 1455 speciosius,
1751 1408 1901 1441 tamen
1917 1393 2023 1441 desi·

207 1464 386 1511 deratur
413 1481 732 1524 saepenumero
763 1462 1011 1523 prudentia,
1044 1480 1125 1509 nec
1153 1476 1299 1523 potest
1331 1461 1474 1522 aliqua
1504 1461 1697 1508 hominis
1729 1461 1943 1508 industria
1974 1461 2020 1508 in

208 1532 336 1579 rebus
357 1549 467 1592 quae
486 1532 671 1578 veniunt
692 1532 738 1577 in
758 1545 955 1578 nostram
976 1530 1338 1578 deliberationem
1358 1529 1464 1591 quid
1482 1530 1704 1590 optimum
1726 1528 1843 1576 factu
1859 1529 1914 1576 sit
1933 1528 2020 1590 dig-

208 1618 403 1656 noscere,
420 1600 498 1647 ubi
515 1618 609 1647 rem
627 1600 908 1647 committere
925 1598 1128 1646 fortunae
1145 1616 1315 1646 necesse
1333 1613 1410 1655 est,
1427 1597 1550 1654 idest,
1567 1612 1776 1645 eventum
1794 1611 2022 1659 expectare

208 1687 359 1716 earum
383 1686 610 1716 causarum
636 1686 741 1729 quas
763 1668 1029 1728 ignoraveris
1055 1682 1097 1714 et
1119 1666 1220 1714 duci
1244 1685 1335 1714 non
1360 1666 1542 1714 arbitrio
1565 1680 1645 1714 tuo
1671 1680 1712 1713 et
1734 1666 1919 1722 ratione,
1942 1665 2019 1713 sed

207 1752 388 1785 naturae
414 1737 681 1784 necessitate.
709 1739 836 1796 Quae
862 1735 1041 1797 quidem
1067 1735 1119 1783 ab
1146 1736 1271 1783 omni
1296 1734 1500 1796 profecto
1524 1733 1834 1782 incertitudine
1859 1733 2016 1795 longis·

206 1807 315 1854 sime
337 1820 414 1862 est,
434 1823 576 1866 neque
596 1806 687 1866 ipsa
707 1822 852 1852 causas
871 1822 1017 1852 rerum
1037 1822 1223 1865 quarum
1243 1818 1397 1851 auctor
1415 1818 1491 1860 est,
1510 1804 1681 1864 ignorat
1701 1817 1774 1851 aut
1793 1802 2020 1850 fortunam

209 1875 352 1922 habet.
377 1874 462 1922 Sed
486 1892 580 1931 nos,
607 1874 816 1934 ignoratis
842 1874 977 1921 causis
1001 1891 1106 1934 quas
1128 1873 1250 1933 sequi
1274 1887 1430 1920 eventa
1450 1890 1526 1919 sua
1547 1872 1918 1933 pernecessarium
1943 1885 2021 1928 est,

207 1958 324 1991 sorte
346 1942 549 1990 cecidisse
570 1942 797 1990 asserimus
819 1960 927 2003 quae
946 1941 1146 1989 videmus
1165 1955 1339 1989 tantum
1360 1941 1563 1988 evenisse.
1584 1944 1695 1987 Non
1716 1940 1847 1987 etiam
1867 1957 1946 1987 cur
1962 1940 2022 1987 ita

208 2013 436 2059 evenerint
455 2012 768 2072 perspeximus.
794 2015 916 2057 Nam
939 2009 1142 2057 fortunae
1165 2009 1342 2070 quidem
1363 2027 1530 2056 nomen
1552 2008 1680 2056 nobis
1702 2009 1782 2069 ipsi
1805 2007 2016 2068 confingi-

209 2098 319 2137 mus,
349 2098 459 2141 quae
482 2097 563 2140 per
584 2097 627 2126 se
651 2078 806 2140 procul
834 2078 970 2125 dubio
996 2077 1114 2125 nulla
1141 2092 1215 2125 est.
1241 2077 1324 2125 Sed
1348 2095 1428 2124 nos
1453 2077 1579 2124 deam
1604 2076 1786 2124 facimus
1812 2075 2019 2137 caeloque

207 2148 418 2204 locamus,
447 2162 495 2195 ut
521 2151 699 2208 Satyrus
726 2148 814 2194 ait.e
841 2146 966 2206 Quid
992 2147 1123 2207 igitur
1150 2146 1344 2194 dicemus
1372 2148 1388 2193 ?
1415 2149 1564 2205 Quam
1591 2162 1826 2206 sequemur
1849 2158 2019 2192 senten-

207 2217 316 2264 tiam
340 2218 356 2263 ?
377 2220 553 2263 Natura
575 2230 691 2263 certe
713 2215 938 2262 fortunam
963 2233 1055 2262 non
1080 2214 1223 2270 habet,
1246 2213 1361 2275 apud
1382 2231 1514 2275 quam
1537 2212 1646 2259 nihil
1670 2212 1721 2260 fit
1743 2213 1825 2260 nisi
1847 2230 1872 2259 a
1893 2229 2019 2259 causa

208 2285 438 2332 notissima
459 2298 653 2340 naturae,
675 2301 784 2344 quae
804 2298 846 2330 et
863 2286 985 2330 Deus
1005 2297 1082 2339 est,
1103 2283 1178 2343 qui
1197 2283 1242 2329 in
1260 2282 1398 2329 verbo
1417 2282 1611 2329 veritatis
1627 2298 1727 2328 suae
1747 2281 1898 2328 omnia
1917 2297 2019 2327 con-

207 2354 364 2410 stituit,
382 2371 475 2400 non
492 2352 751 2400 temeritatis
766 2366 839 2399 aut
855 2352 996 2399 sortis.
1015 2355 1129 2412 Ergo
1147 2351 1192 2397 in
1210 2350 1336 2398 rebus
1354 2368 1462 2411 quae
1477 2350 1700 2411 pertinent
1717 2348 1772 2396 ad
1785 2348 2015 2396 hominem

208 2421 389 2469 fortuna
414 2439 507 2468 non
534 2435 596 2468 est
625 2423 641 2468 ?
666 2425 778 2468 Non
806 2421 1060 2468 asseruerim
1088 2419 1133 2467 id
1158 2419 1350 2481 quidem,
1378 2437 1479 2466 cum
1506 2418 1645 2466 multa
1669 2421 1801 2479 saepe
1820 2416 2018 2465 accidant

208 2489 497 2537 incommoda
531 2489 799 2545 hominibus,
836 2506 945 2550 quae
974 2488 1130 2535 volunt
1164 2489 1324 2535 evitare
1354 2505 1520 2543 omnes,
1555 2486 1712 2548 quibus
1743 2486 1823 2533 etsi
1852 2485 2020 2533 cunctis

208 2559 371 2619 ingenii
394 2558 560 2605 viribus
583 2558 837 2614 occurreris,
861 2557 1069 2604 eveniunt
1091 2571 1240 2604 tamen
1260 2571 1388 2617 atque
1410 2555 1623 2603 afflictant
1643 2555 1840 2602 animum
1865 2571 2018 2615 resque

208 2626 374 2674 faciunt
403 2626 582 2674 vivendi
612 2626 862 2673 deteriores.
892 2630 1003 2672 Non
1033 2626 1164 2685 igitur
1192 2624 1383 2672 fortassis
1413 2623 1657 2671 absurditer
1683 2622 1853 2670 dicetur
1879 2621 2014 2683 quod,

208 2695 392 2755 quanvis
420 2695 511 2755 ipsa
535 2695 627 2741 sine
656 2693 835 2741 fortuna
859 2708 935 2750 est,
962 2708 1140 2740 naturae
1164 2707 1313 2740 tamen
1337 2691 1502 2739 factum
1526 2692 1580 2738 sit
1607 2690 1942 2738 condicionibus
1968 2703 2017 2737 ut

288 2948 303 2973 δ
321 2953 452 3002 Vergil,
476 2956 596 3001 Georg.
617 2956 829 2997 11‚490—492.

289 3016 310 3070 ς·
332 3012 551 3078 Macrobius,
585 3014 722 3049 Saturn.
756 3014 879 3048 5.16.82
914 3010 997 3048 ‘hoc
1029 3009 1245 3048 vocabulum
1277 3010 1317 3046 in
1347 3008 1445 3047 nulla
1473 3020 1574 3057 parte
1605 3008 1794 3046 Homerici
1823 3006 2019 3045 voluminis

208 3076 431 3101 nommetur.

287 3115 304 3140 ἀ
323 3121 439 3170 Pliny,
457 3124 623 3159 Nafflsst.
648 3124 819 3165 26.10.c>4,
842 3124 916 3158 100.

289 3184 301 3198 ⁸
315 3178 477 3226 Juvenal,
496 3181 563 3216 Sat.
587 3181 788 3223 10,365-66.
