2124 3464
134 180 365 216 PRIVATE
391 179 619 214 LETTERS
1881 169 1934 210 41

1014 321 1068 362 47

678 392 756 432 To
778 391 1057 432 LORENZO
1080 392 1170 430 DE'
1191 391 1403 430 MEDICI

762 459 851 500 n.d.
874 458 1151 512 [April-May
1174 461 1317 507 1474]²

218 559 307 603 Bor,
325 555 392 595 fol.
412 558 517 595 3r-v.
535 556 665 606 Paper.
684 553 911 605 Autograph
930 552 1039 593 draft.
1060 552 1128 592 Ed.
1146 555 1301 599 Brown,
1322 551 1447 599 ‘Scala,
1468 551 1611 592 Platina
1630 551 1704 591 and
1722 554 1862 591 Loren-

217 613 292 659 zo,'
313 614 470 651 334-37.

133 715 473 764 Bartholomeus
495 714 615 762 Scala
634 714 871 761 Laurentio
891 713 1070 760 Medici.
1094 711 1248 772 Quod¹
1270 730 1368 759 sum
1391 711 1445 759 ad
1465 711 1793 759 rescribendum
1815 711 1944 759 tardi-

133 782 216 840 or‚²
241 784 375 831 velim
399 783 708 843 negligentiam
734 800 827 829 non
851 799 1021 829 accuses
1044 779 1219 828 meam.³
1244 784 1413 841 Captus
1438 781 1556 827 enim
1580 781 1792 827 suavitate
1815 794 1946 840 atque

133 867 293 900 ornatu
324 850 442 899 tuae⁴
472 844 734 906 orationis‚b>
751 864 902 911 captus
930 850 1139 910 gravitate
1167 864 1296 910 atque
1323 849 1551 896 sententiis
1579 863 1755 895 tuarum
1786 848 1947 895 littera-

133 918 266 976 rum‚⁵
287 920 471 966 minime
491 937 580 966 una
598 918 788 966 lectione
809 932 1044 965 contentus
1062 935 1172 964 sum.
1196 918 1297 964 Nisi
1317 915 1454 964 enim⁶
1474 916 1645 977 expleta
1662 917 1795 963 etiam
1815 931 1946 977 atque

133 989 266 1036 etiam
289 987 532 1035 lectitando
554 984 708 1034 animi7
732 986 973 1047 voluptate,
998 985 1141 1033 nullae
1166 986 1278 1032 vires
1300 1000 1402 1032 sunt
1428 984 1483 1032 ad
1503 983 1802 1032 scribendum⁸
1832 985 1946 1045 inge-

133 1058 207 1104 nii.
235 1054 376 1104 Nam9
403 1055 514 1102 mihi
540 1055 720 1116 quidem
746 1055 806 1102 ita
830 1052 1005 1102 modo¹⁰
1033 1055 1178 1101 evenit
1202 1068 1250 1101 ut
1278 1053 1342 1101 his
1367 1054 1442 1114 qui
1468 1054 1514 1100 in
1539 1054 1844 1101 suavissimum
1875 1052 1945 1100 ali·

133 1143 266 1187 quem
291 1123 455 1185 atque¹¹
482 1123 710 1171 insolitum
738 1123 886 1170 cibum
912 1120 1185 1170 avidissimi¹²
1211 1122 1473 1174 inciderunt.
1502 1122 1829 1182 Ingurgit‹at›ur
1851 1121 1944 1182 plu-

131 1193 316 1250 sculum,
350 1191 465 1240 nec¹³
497 1193 579 1240 nisi
607 1192 763 1253 plenus
795 1209 817 1239 e
848 1190 1098 1247 manibus,¹⁴
1130 1206 1179 1238 ut
1210 1206 1357 1238 cutem
1388 1190 1643 1238 hirudines.c
1675 1191 1840 1237 Omnis
1872 1205 1947 1237 tua

133 1261 317 1323 epistola
343 1261 620 1308 ornatissima
647 1275 710 1308 est
736 1261 942 1321 gravique
969 1274 1011 1307 et
1035 1260 1220 1320 sapienti
1247 1260 1345 1306 viro
1373 1259 1514 1320 digna.
1545 1256 1652 1306 Ille¹⁵
1679 1259 1725 1305 in
1753 1277 1803 1306 ea
1826 1277 1945 1319 prae-

132 1330 393 1378 clarissimus
416 1344 478 1376 est
498 1329 621 1376 locus
643 1327 769 1389 quo¹⁶
791 1328 844 1375 de
862 1328 1098 1375 virtutibus
1119 1345 1356 1388 earumque
1378 1328 1608 1374 contrariis
1630 1345 1721 1374 non
1744 1328 1942 1374 oratorio

132 1399 268 1459 magis
296 1415 428 1458 quam
453 1396 826 1458 philosophorum
861 1396 1117 1443 doctissimo
1146 1414 1270 1443 more
1299 1395 1503 1456 disputas.
1534 1393 1619 1441 In17
1646 1396 1848 1442 universa
1876 1413 1945 1442 au-

131 1464 258 1514 tem¹⁸
285 1484 443 1513 vereor
467 1483 521 1512 ne
546 1466 687 1512 amori
714 1479 756 1512 et
781 1464 1103 1512 benivolentiae
1129 1482 1227 1525 erga
1251 1482 1322 1511 me
1346 1462 1481 1511 tuae¹⁹
1508 1464 1697 1511 nimium
1724 1463 1941 1511 tribueris.

132 1535 335 1594 Quanvis
354 1535 474 1581 enim
493 1534 585 1581 scio
603 1533 854 1594 longissime
878 1551 921 1580 es
939 1533 992 1580 ab
1012 1533 1136 1580 omni
1157 1533 1349 1580 vanitate
1367 1547 1408 1580 et
1427 1533 1545 1593 turpi
1566 1531 1945 1588 assentatiuncula,

132 1603 316 1664 quanvis
350 1620 576 1649 summum
616 1601 827 1649 iudicium
863 1599 961 1649 est²o
996 1616 1138 1658 tuum,
1174 1619 1346 1648 summa
1381 1601 1630 1657 auctoritas,
1666 1615 1816 1648 tamen
1850 1618 1943 1647 non

130 1689 311 1733 possum
338 1672 446 1731 quin
467 1670 674 1731 pleraque
697 1668 775 1716 in²¹
802 1688 871 1717 me
893 1688 917 1717 a
939 1684 981 1717 te
1002 1669 1118 1717 dicta
1138 1687 1230 1717 non
1253 1669 1508 1717 desiderem.
1532 1669 1616 1716 Sed
1638 1669 1743 1716 haec
1764 1668 1943 1730 quidem

131 1754 179 1787 ut
201 1740 278 1786 vis.
302 1738 440 1786 Aliud
462 1738 601 1786 modo
624 1739 767 1785 instat.

217 1802 419 1855 Civimus
443 1824 637 1868 pugnam
665 1806 718 1854 de
741 1806 908 1854 litteris.
934 1810 1014 1854 Eas
1040 1821 1198 1867 negant
1222 1806 1400 1867 quidam
1425 1821 1574 1854 tenere
1595 1804 1827 1867 primum²²
1856 1805 1943 1866 dig-

131 1876 280 1924 nitatis
304 1875 454 1923 locum
482 1876 558 1937 qui
583 1890 779 1923 nostram
807 1874 862 1922 ad
884 1890 927 1922 te
949 1875 1220 1936 superiorem
1250 1874 1479 1936 epistolam
1506 1874 1719 1936 legerunt,
1747 1875 1793 1921 in
1820 1875 1941 1922 cuius

131 1945 246 1993 calce
282 1963 363 1992 nos
398 1942 732 2006 principatum²³
772 1944 927 1992 litteris
963 1942 1272 1992 tradidimus.²⁴
1310 1941 1437 1991 Diu²⁵
1476 1943 1604 1991 fuisse
1644 1943 1697 1991 de
1733 1943 1944 2004 dignitate

131 2011 394 2061 armorum²⁶
431 2028 654 2061 certamen
686 2031 787 2060 cum
822 2013 990 2069 litteris;
1024 2014 1248 2069 neminem
1284 2012 1426 2060 adhuc
1456 2028 1631 2074 praeter
1662 2031 1732 2060 me
1765 2010 1940 2060 modo2⁷

131 2083 247 2129 inter
263 2081 368 2129 haec
383 2081 620 2129 diiudicare
637 2099 803 2129 ausum.
824 2085 1001 2128 Praesto
1017 2081 1189 2128 futuros
1206 2082 1281 2142 qui
1296 2081 1571 2142 voluptatem
1591 2080 1851 2137 anteferant,
1868 2082 1943 2141 qui

130 2150 294 2197 divitiis
321 2150 460 2197 multa
484 2149 582 2210 plus
613 2149 823 2206 tribuant,
852 2150 927 2210 qui
954 2150 1086 2197 etiam
1113 2150 1267 2210 spretis
1296 2149 1361 2197 his
1389 2149 1596 2196 omnibus
1629 2149 1799 2196 rideant
1825 2149 1942 2196 labo·

131 2216 230 2266 res²⁸
258 2217 475 2265 humanos
504 2233 545 2265 et
568 2218 805 2265 solitudine
831 2233 960 2279 atque
986 2219 1081 2265 otio
1107 2216 1278 2279 magis²⁹
1303 2217 1588 2265 delectentur.
1615 2217 1941 2265 Administrati-

130 2284 242 2334 oni³⁰
276 2286 464 2347 denique
497 2305 644 2334 rerum
674 2286 950 2347 publicarum
987 2285 1145 2348 (quae³¹
1179 2284 1392 2348 quidem³²
1425 2286 1568 2334 studia
1599 2301 1728 2347 atque
1759 2304 1940 2347 operam

130 2370 327 2402 nostram
350 2356 516 2416 patriae
539 2355 791 2416 civibusque
817 2356 1027 2416 impertit)
1054 2353 1200 2401 nihil³³
1225 2356 1413 2402 omnino
1438 2355 1811 2416 aequiperandum
1837 2373 1940 2411 esse,

130 2423 236 2471 alios
261 2424 367 2470 item
393 2423 474 2470 alia
495 2423 638 2471 studia
659 2422 964 2484 praelaturos³⁴
987 2442 1071 2484 pro
1094 2425 1302 2471 varietate
1323 2424 1616 2484 ingeniorum,
1644 2441 1714 2471 me
1736 2441 1941 2484 praepro—

127 2509 231 2552 pere
253 2492 384 2539 nimis
406 2489 598 2539 dixisse³⁵
617 2510 701 2552 pro
720 2491 876 2539 litteris
894 2493 1170 2539 sententiam:
1193 2492 1298 2539 haec
1316 2507 1445 2553 atque
1466 2491 1719 2539 huiusmodi
1742 2491 1938 2552 complu-

130 2578 176 2607 ra
196 2561 497 2616 inveniuntur,
522 2558 667 2621 quae³⁶
688 2575 843 2607 contra
862 2560 1023 2616 dicant,
1044 2561 1119 2621 qui
1138 2560 1293 2608 litteris
1314 2560 1379 2608 his
1401 2561 1560 2608 nostris
1580 2561 1743 2621 primas
1764 2575 1941 2621 ‹partes›

130 2628 345 2684 invident,
367 2646 438 2675 me
460 2643 610 2675 tamen
630 2628 732 2675 loco
755 2626 993 2675 nondum³⁷
1018 2644 1213 2676 movent.

213 2701 267 2744 Et
301 2696 471 2744 litterae
503 2695 717 2758 quidem³⁸
752 2697 862 2744 mihi
895 2698 1011 2745 inter
1042 2715 1107 2745 res
1139 2715 1293 2745 omnes
1327 2695 1618 2745 mortalium³⁹
1653 2697 1769 2745 solae
1802 2697 1941 2744 videri

128 2765 271 2812 solent
293 2763 472 2812 multo⁴0
495 2783 627 2826 quam
647 2765 719 2813 illa
737 2767 962 2826 superiora
982 2784 1091 2826 quae
1111 2765 1353 2813 defendunt
1374 2766 1578 2813 nonnulli
1602 2767 1736 2826 magis
1758 2767 1938 2813 immor·

129 2833 247 2880 tales.
270 2834 361 2880 Etsi
386 2834 505 2880 enim
529 2833 737 2880 occidunt
760 2848 918 2881 cuncta
937 2833 1119 2881 nostra⁴¹
1145 2834 1324 2881 tandem
1346 2849 1388 2881 et
1410 2834 1484 2881 diu
1506 2834 1615 2880 nihil
1640 2849 1771 2889 extat,
1792 2848 1943 2880 tamen

209 3084 222 3098 ²
240 3082 312 3117 For
327 3079 391 3117 the
406 3079 498 3124 date,
516 3093 574 3117 see
591 3079 698 3118 letter
711 3085 767 3124 44,
786 3092 873 3118 note
890 3080 933 3128 a).

209 3131 225 3156 b
243 3140 439 3176 Lorenzo‘s
456 3152 577 3187 poem,
594 3138 833 3177 Altercazione
850 3141 864 3176 ?
882 3138 926 3177 cf.
946 3142 1092 3183 Brown,
1110 3138 1228 3183 ‘Scala,
1248 3138 1385 3177 Platina
1399 3138 1470 3177 and
1487 3141 1677 3183 Lorenzo,’
1696 3142 1774 3177 329.

210 3200 224 3214 ⁶
241 3195 299 3233 Cf.
320 3198 474 3240 Horace,
490 3197 563 3233 ΑΡ.
580 3199 659 3234 476:
678 3198 770 3234 ‘non
783 3197 933 3234 missura
950 3209 1081 3240 cutem,
1101 3197 1170 3234 nisi
1186 3196 1292 3245 plena
1308 3197 1445 3234 cruoris
1463 3196 1620 3234 hirudo?
