2124 3464
193 162 279 202 112
1816 168 1992 202 PARTI

188 307 343 367 seguiti
370 305 407 353 el
433 305 679 352 desiderato
703 304 876 352 effecto.
901 308 951 352 Se
978 323 1069 351 non
1094 304 1139 351 lo
1166 304 1362 352 haranno
1387 304 1504 352 facto
1527 319 1568 352 et
1589 306 1803 365 paressevi
1828 305 1907 352 che
1931 323 1996 353 so-

188 375 453 435 prastessino
472 373 547 434 piu
568 373 647 420 che
667 391 758 420 non
778 374 812 420 si
831 373 1058 429 conviene,
1078 373 1121 419 vi
1137 372 1320 433 priegho
1341 373 1533 433 operiate
1551 372 1630 420 che
1648 372 1688 420 la
1703 377 1863 420 Vostra
1880 377 2000 434 Mag-

190 442 322 489 nifica
347 442 545 502 Signoria
570 442 709 488 scriva
735 442 809 501 qui
835 440 1017 501 qualche
1044 459 1156 497 cosa,
1185 440 1562 501 maravigliandosi
1589 441 1668 488 che
1694 441 1842 502 quello
1867 441 1925 502 gli
1951 440 1998 489 fu

188 511 354 570 scripto
381 509 424 556 di
450 510 525 569 qui
550 527 641 555 non
669 509 800 555 habbi
828 508 993 555 havuto
1019 508 1194 564 effecto,
1218 526 1303 555 con
1329 508 1511 568 qualche
1534 508 1697 569 pamla,
1724 527 1850 556 come
1873 508 1999 569 sapra

190 577 279 624 fare
297 595 378 637 per
394 577 435 623 la
453 595 529 623 sua
548 577 760 636 sapientia
779 590 820 623 et
838 594 917 636 per
935 575 976 623 la
992 594 1068 623 sua
1088 575 1252 635 gravita
1269 576 1411 636 quella
1429 575 1668 636 Magnifica
1684 577 1894 636 Signoria,
1918 576 1998 624 che

190 645 393 692 dimostri
418 662 510 691 non
535 662 588 691 ne
613 658 771 691 restare
793 643 829 691 al
854 658 973 691 tutto
994 643 1222 700 satisfacta3
1245 658 1286 691 et
1308 644 1352 690 io
1375 661 1486 691 sono
1511 658 1632 691 certo
1654 643 1733 691 che
1755 662 1809 691 ne
1831 643 1999 704 seguira

189 713 274 760 tale
296 712 459 760 effecto
481 712 560 760 che
583 713 686 772 ogni
710 730 810 759 cosa
829 713 864 759 si
887 711 1056 759 ridurra
1077 711 1188 759 bene
1211 726 1252 759 et
1272 711 1466 759 secondo
1488 711 1516 758 il
1540 726 1691 759 vostro
1714 726 1756 759 et
1777 713 1869 759 mio
1892 711 1997 759 desi-

190 781 326 828 derio.
349 785 402 828 Et
424 799 448 828 a
466 781 541 827 voi
565 781 626 826 mi
648 779 955 827 raccomando.
978 779 1142 827 Valete.
1166 784 1229 826 Ex
1250 779 1416 827 Palatio
1435 779 1706 827 Florentino.
1730 781 1816 827 Die
1837 780 1897 827 vii
1916 783 2003 828 De-

190 850 378 897 cembris
405 854 524 896 1481.

1060 991 1137 1032 125

632 1061 709 1101 ΤΟ
733 1061 848 1100 ΤΗΕ
870 1062 1176 1100 COMMUNE
1198 1062 1273 1100 OF
1295 1061 1559 1100 GALEATA

917 1132 939 1167 4
956 1131 1147 1180 January
1170 1131 1274 1168 1482

428 1225 512 1271 Mo,
533 1222 600 1263 fol.
620 1225 699 1262 25r.
720 1221 832 1262 Draft
852 1222 903 1274 by
922 1222 1048 1262 Scribe
1066 1224 1115 1270 A,
1136 1221 1287 1262 headed:
1312 1222 1538 1262 ‘Communi
1559 1221 1758 1262 Galeatae.'

189 1326 378 1373 Nobiles
410 1327 539 1373 amici
568 1327 788 1373 carissimi.
822 1316 856 1371 ΪΞ
885 1340 1011 1372 tanto
1041 1340 1151 1372 noto
1180 1325 1220 1372 la
1247 1325 1545 1372 benivolentia
1574 1326 1661 1372 mia
1690 1343 1775 1372 con
1804 1326 1892 1382 voi,
1923 1325 2003 1372 che

189 1412 336 1455 spesso
355 1394 426 1441 chi
443 1393 638 1441 desidera
650 1408 803 1441 vostro
820 1393 1052 1450 beneficio,
1070 1393 1290 1440 credendo
1303 1393 1379 1454 piu
1396 1392 1645 1440 facilmente
1657 1393 1834 1454 poterlo
1850 1411 1998 1440 conse-

189 1464 310 1523 guire
330 1480 410 1523 per
428 1480 557 1509 mezo
578 1463 684 1518 mio,
707 1461 897 1509 richiede
917 1461 944 1508 il
964 1461 1113 1509 favore
1133 1461 1243 1508 delle
1262 1462 1349 1508 mia
1366 1461 1531 1509 lettere.
1550 1461 1622 1508 Ne
1642 1462 1686 1508 io
1706 1460 1744 1508 le
1762 1479 1812 1508 so
1831 1479 1999 1522 negare.

190 1530 247 1577 Al
263 1545 465 1591 presente
483 1548 596 1577 sono
617 1530 823 1577 richiesto
843 1530 896 1577 da
911 1548 1003 1576 uno
1022 1530 1285 1577 amicissimo
1306 1530 1398 1576 mio
1417 1544 1458 1576 et
1474 1547 1660 1590 persona
1679 1529 1732 1576 da
1747 1529 1858 1576 bene
1877 1543 1918 1576 et
1935 1530 1997 1575 in-

190 1599 400 1647 tendente
425 1613 466 1646 et
490 1599 652 1655 buona,
678 1616 758 1659 per
781 1613 948 1659 quanto
973 1599 1016 1645 io
1043 1598 1174 1646 habbi
1199 1599 1484 1659 cognosciuto
1511 1597 1555 1645 di
1579 1597 1653 1655 lui,
1678 1597 1757 1645 che
1781 1597 1998 1645 vorrebbe

190 1668 339 1715 venire
360 1682 514 1714 vostro
535 1666 724 1723 Potesta‚
746 1682 787 1714 et
807 1666 1023 1714 vorrebbe
1044 1666 1085 1714 13
1106 1666 1319 1714 electione
1337 1685 1416 1727 per
1437 1666 1534 1727 quel
1556 1681 1709 1727 tempo
1732 1665 1999 1723 immediate,

189 1754 232 1783 se
256 1754 349 1783 non
374 1735 477 1783 fussi
500 1735 691 1796 obligata
715 1735 769 1782 ad
789 1735 898 1782 altri.
923 1739 973 1782 Se
997 1753 1082 1782 con
1106 1749 1252 1782 vostra
1273 1734 1546 1782 commodita
1569 1735 1603 1782 si
1625 1735 1787 1795 potessi
1811 1733 1914 1791 fare,
1938 1735 2000 1781 mi

189 1804 369 1851 sarebbe
392 1818 517 1864 grato
541 1804 659 1859 assai,
685 1803 897 1850 faccendo
920 1803 974 1850 da
995 1821 1071 1850 ora
1093 1803 1133 1850 la
1156 1803 1368 1850 electione
1391 1804 1435 1849 in
1461 1802 1559 1863 quel
1583 1817 1735 1863 tempo
1757 1821 1837 1863 per
1860 1802 1931 1850 chi
1954 1803 1998 1849 io

191 1873 443 1919 nominassi.
474 1876 769 1918 Resterovene
792 1871 999 1931 obligato,
1024 1870 1184 1932 perche
1207 1871 1405 1918 desidero
1427 1889 1450 1918 3
1473 1871 1612 1918 costui
1636 1870 1701 1917 far
1722 1888 1823 1917 cosa
1843 1870 1922 1917 che
1943 1870 2002 1931 gli

188 1941 368 2001 piaccia,
391 1954 432 1987 et
453 1958 476 1987 3
496 1940 570 1986 voi
592 1940 653 1985 mi
677 1939 821 1986 offero
843 1940 887 1985 in
910 1940 1011 1999 ogni
1034 1957 1134 1986 cosa
1153 1939 1232 1986 che
1253 1939 1415 2000 potessi
1437 1938 1524 1986 fare
1543 1957 1622 1999 per
1640 1939 1726 1986 voi.
1749 1942 1813 1985 Ex
1834 1938 2002 1986 Palatio

190 2008 465 2064 Florentino,
491 2007 560 2054 die
582 2014 607 2055 4
630 2008 816 2054 Ianuarii
842 2012 960 2054 1481.

1061 2148 1138 2189 126

582 2218 659 2258 TO
678 2219 909 2269 JACOBO
933 2218 1308 2258 GHIVIZZANO
1331 2220 1396 2257 IN
1417 2218 1610 2257 LUCCA

917 2290 939 2325 5
957 2289 1148 2337 January
1171 2289 1275 2325 1482

274 2383 360 2443 Μοῖ
384 2379 471 2475 fols.
498 2383 670 2443 25r726r.
695 2379 807 2420 Draft
834 2379 885 2432 by
911 2379 1036 2420 Scribe
1060 2381 1109 2428 A,
1136 2378 1288 2419 headed:
1319 2379 1504 2419 ‘Domino
1531 2378 1668 2419 Iacobo
1697 2377 1913 2419 Ghivizano

275 2449 392 2489 equiti
444 2438 598 2476 ucen31.'

190 2540 429 2601 Magnifice
451 2555 576 2601 pater
596 2555 636 2587 et
658 2539 915 2588 benefactor
934 2541 1005 2587 mi.
1032 2541 1180 2587 Insino
1203 2558 1226 2587 3
1247 2539 1290 2587 di
1311 2545 1336 2586 7
1358 2539 1587 2595 dell'altro,
1609 2540 1652 2585 vi
1672 2539 1822 2600 scripsi
1845 2538 1883 2586 al
1905 2539 1997 2585 mio

189 2627 342 2669 parere
363 2627 386 2655 a
405 2608 652 2655 suficientia
671 2627 751 2669 per
770 2608 808 2655 le
829 2626 927 2655 cose
949 2608 992 2655 di
1014 2607 1181 2668 Bargha
1200 2623 1241 2654 et
1262 2607 1305 2654 di
1326 2607 1466 2668 quelle
1487 2607 1566 2654 che
1587 2625 1610 2654 3
1630 2607 1729 2654 loro
1750 2623 2002 2654 occorreva-

192 2684 285 2733 no,a
306 2692 347 2724 et
369 2677 484 2724 decti
504 2676 545 2724 la
564 2677 718 2724 lettera
737 2695 760 2724 3
778 2676 978 2723 Nicholo
1002 2676 1252 2723 d'Antonio
1275 2669 1487 2723 Martellib
1509 2675 1587 2722 che
1609 2676 1670 2721 mi
1694 2674 1858 2722 haveva
1876 2673 1999 2722 solle-

192 2746 328 2792 citato
348 2745 531 2805 qualche
551 2744 686 2801 volta,
708 2759 749 2792 et
767 2763 847 2805 per
865 2744 905 2791 13
924 2759 1071 2791 vostra
1090 2744 1245 2791 ultima
1266 2744 1392 2791 intesi
1413 2761 1504 2790 non
1525 2743 1565 2790 la
1586 2743 1739 2790 havevi
1761 2742 1934 2798 havuta,
1955 2741 2000 2789 di

192 2813 271 2860 che
292 2813 351 2860 ho
371 2813 536 2860 havuto
556 2813 791 2873 dispiacere
808 2827 850 2859 et
866 2812 1152 2859 dolutomene
1173 2830 1258 2859 con
1274 2811 1484 2858 Nicholo.
1506 2811 1788 2858 Mandovene
1804 2810 1845 2857 la
1860 2810 2000 2870 copia,

190 2880 351 2941 perche
371 2882 484 2927 circa
500 2880 580 2927 alle
600 2898 698 2927 cose
717 2880 761 2927 di
779 2880 946 2940 Bargha
964 2898 1055 2926 non
1075 2881 1136 2925 mi
1156 2897 1334 2926 occorre
1353 2879 1464 2926 altro
1482 2878 1561 2926 che
1581 2878 1715 2925 allora
1731 2879 1774 2924 vi
1790 2877 1998 2933 scrivessi,

273 3121 285 3136 ²
302 3120 364 3156 See
381 3117 487 3155 letter
506 3121 580 3162 124,
599 3117 670 3155 and
688 3120 864 3161 Lorenzo,
882 3120 1020 3161 Lettere,
1039 3119 1098 3160 VI,
1118 3120 1173 3160 79,
1192 3128 1278 3154 note
1295 3119 1327 3160 2,
1346 3116 1455 3164 citing
1472 3115 1543 3153 this
1560 3114 1674 3153 letter.

272 3170 287 3194 '³
305 3178 367 3213 See
384 3175 490 3213 letter
508 3179 583 3219 124,
602 3187 689 3213 note
707 3174 738 3223 c)
758 3174 882 3212 above.
