2118 3444
131 171 313 205 EsSAYs
1834 161 1923 202 263

131 315 259 364 atur,c
287 307 529 367 nuncupari
559 307 727 367 primus
756 304 945 353 voluit.¹⁹
976 305 1115 364 Quod
1141 306 1174 352 si
1203 305 1343 366 placet
1373 305 1498 352 nobis
1530 305 1633 352 haec
1660 305 1930 365 Pythagorae

129 376 359 431 sententia,
397 392 506 435 quae
542 374 594 421 ab
630 392 684 421 eo
719 373 839 434 quod
876 388 937 420 est
975 371 1052 419 in²⁰
1088 374 1216 420 sacris
1253 373 1474 434 isdemque
1510 374 1741 420 verissimis
1779 373 1933 420 litteris

131 441 255 491 non²¹
296 443 517 498 abhorret,
553 442 628 489 ubi
663 439 852 502 legitur²²
886 442 1142 502 sapientiam
1180 441 1305 488 huius
1342 439 1529 488 mundi²³
1566 459 1589 488 a
1620 445 1721 488 Deo
1753 441 1931 488 stultam

130 529 217 559 esse
246 505 441 566 factam,d
466 509 619 571 procul
650 509 786 556 dubio
814 510 958 556 omnis
988 508 1039 556 de
1066 508 1274 570 capienda
1299 527 1434 556 uxore
1462 510 1645 570 sapienti
1676 524 1737 556 est
1764 509 1932 556 sublata

130 579 441 627 controversia.
470 577 719 637 Quomodo
749 578 865 624 enim
893 576 1020 624 ducet
1045 595 1228 624 uxorem
1254 578 1422 638 sapiens
1447 578 1481 624 si
1508 577 1650 624 nullus
1677 592 1738 624 est
1764 592 1937 638 praeter

129 650 277 694 Deum
295 647 484 707 sapiens?
502 650 668 692 Verum
686 660 835 692 tamen
851 663 951 692 cum
971 644 1131 692 dicitur
1146 644 1399 692 ducendane
1415 659 1477 692 est
1492 645 1675 706 sapienti
1695 663 1820 701 uxor,
1840 663 1931 692 non

129 715 182 762 de
206 715 276 762 illa
299 713 480 774 intelligi
502 728 614 774 puto
637 714 847 774 sapientia
870 731 978 774 quae
1003 714 1046 759 in
1070 716 1171 760 Deo
1193 713 1507 760 tantummodo
1532 714 1758 773 reperitur,
1781 713 1857 760 sed
1879 713 1932 760 de

129 782 358 830 communi
379 781 567 842 quadam
586 799 717 841 quam
737 780 938 828 homines
958 799 1132 841 quoque
1151 780 1298 828 studio
1316 799 1551 841 amoreque
1570 781 1661 828 veri
1680 780 1932 828 inveniendi

129 847 509 910 consequuntur.²⁴
549 849 591 895 Si
625 846 768 895 vero25
806 848 891 895 hoc
929 848 1065 895 modo
1104 848 1396 908 intelligimus,
1435 849 1566 895 citare
1603 849 1688 895 iam
1724 849 1930 908 incipiam

129 918 382 978 Epicurum,
406 917 495 977 qui,
516 917 727 976 quoniam
748 917 793 962 in
812 916 1038 976 voluptate
1056 933 1279 963 summum
1302 916 1471 962 bonum
1490 914 1669 976 ponit‚²⁶
1692 933 1783 962 non
1804 915 1933 962 debet

127 1003 307 1047 parvam
332 982 447 1032 hac²⁷
470 985 514 1030 in
539 1002 582 1031 re
606 984 763 1031 habere
785 985 1104 1031 auctoritatem.

212 1054 390 1114 Sapiens
411 1053 529 1100 enim
554 1053 600 1108 is,
624 1052 677 1099 de
698 1050 821 1113 quo²⁸
844 1052 1080 1113 loquimur,
1106 1052 1213 1098 nihil
1238 1053 1371 1112 magis
1392 1053 1516 1099 omni
1538 1052 1686 1099 studio
1709 1053 1930 1112 conquirit

128 1139 260 1182 quarn
281 1121 474 1182 quietem
494 1121 630 1167 animi
651 1135 780 1181 atque
798 1118 1209 1181 tranquillitatem,29
1229 1138 1360 1181 quam
1378 1121 1413 1167 si
1434 1119 1708 1181 voluptatem
1729 1119 1932 1181 appellas-

127 1204 190 1237 set
224 1190 450 1250 Epicurus,
490 1188 597 1235 nihil
634 1189 821 1235 omnino
857 1188 1031 1235 differet
1064 1188 1116 1235 ab
1152 1188 1216 1235 his
1248 1188 1523 1249 philosophis
1562 1206 1671 1249 quos
1706 1188 1932 1236 laudamus

128 1255 318 1305 omnes³⁰
343 1272 473 1318 atque
494 1257 774 1304 admiramur.
797 1257 918 1304 Dicit
941 1257 1072 1317 igitur
1092 1275 1249 1303 uxores
1272 1275 1359 1304 esse
1380 1257 1425 1302 in
1447 1256 1670 1303 bonorum
1697 1256 1932 1304 malorum·

128 1343 212 1387 que
238 1323 503 1381 confinio;‘³¹
534 1339 576 1372 et
601 1325 811 1385 quoniam
839 1343 931 1372 non
957 1324 1085 1372 debet
1109 1323 1342 1385 unquam³²
1371 1325 1415 1371 in
1442 1324 1626 1372 dubium
1654 1325 1803 1372 venire
1827 1326 1933 1386 sapi-

128 1412 217 1450 ens,
242 1411 484 1454 numquam
511 1393 710 1440 ducenda
728 1411 842 1440 uxor
863 1391 978 1440 erit³³
1002 1393 1198 1453 sapienti.
1224 1392 1363 1452 Quod
1383 1394 1516 1453 siquis
1540 1394 1704 1453 negarit
1728 1394 1773 1439 in
1797 1392 1933 1440 confi·

128 1462 204 1508 nio
231 1461 454 1508 bonorum
486 1461 791 1521 malorumque
818 1462 979 1521 positas
1005 1459 1211 1517 uxores‚³⁴
1241 1461 1293 1508 de
1317 1479 1371 1508 eo
1396 1462 1482 1508 iam
1508 1460 1616 1507 nihil
1643 1461 1926 1522 disputamus.

126 1534 238 1577 Non
261 1530 380 1576 enim
403 1529 534 1576 video
555 1528 786 1589 quomodo
807 1530 943 1589 possit
967 1547 1114 1589 sapere
1137 1530 1211 1589 qui
1234 1528 1318 1576 hoc
1341 1529 1519 1589 negarit.

212 1601 286 1643 An
314 1597 428 1643 dicet
454 1596 633 1643 fortasse
660 1597 874 1657 quispiam
903 1614 995 1643 non
1022 1596 1205 1643 dubium
1234 1614 1321 1643 esse
1347 1597 1454 1657 quin
1483 1614 1636 1643 omnes
1661 1597 1747 1643 sint
1776 1596 1934 1644 malae?

128 1664 363 1711 Aberrabit
401 1664 530 1724 longe
569 1665 701 1724 siquis
741 1664 826 1711 hoc
865 1661 1029 1711 dicet.³⁵
1067 1664 1462 1723 Quemadmodum
1497 1662 1620 1711 'enim
1658 1664 1792 1725 paulo
1830 1678 1930 1724 post

127 1731 373 1788 ostendam,
391 1732 523 1779 etiam
539 1731 857 1779 laudatissimae
874 1731 1061 1779 feminae
1077 1747 1270 1792 repertae
1284 1746 1385 1779 sunt
1404 1731 1622 1793 hodieque
1639 1733 1928 1793 reperiuntur.

127 1804 201 1847 An
223 1800 337 1847 dicet
357 1801 505 1861 potius
529 1818 682 1847 omnes
703 1800 860 1847 bonas?
885 1800 1054 1848 Multos
1076 1799 1251 1847 habebit
1271 1818 1370 1847 suae
1390 1801 1629 1847 sententiae
1651 1801 1932 1847 insectatores

127 1866 293 1930 atque³⁶
317 1883 635 1929 expugnatores
658 1869 791 1929 siquis
815 1868 859 1916 id
880 1883 1023 1916 assert.
1048 1871 1156 1928 Quo
1181 1869 1298 1916 enim
1323 1887 1398 1916 ore
1421 1883 1575 1916 contra
1597 1868 1818 1916 dicturum
1844 1886 1931 1916 esse

125 1952 252 1998 putas
286 1941 685 1997 Agamemnonem,
722 1940 996 1984 Graecorum
1031 1955 1190 1997 regem,
1223 1955 1354 1998 quem
1388 1955 1411 1984 a
1442 1938 1638 1984 Troiano
1673 1937 1931 1984 redeuntem

127 2005 334 2052 incendio
351 2005 680 2065 Clytemnestra
695 2023 821 2061 uxor,
840 2005 960 2066 quod
977 2006 1204 2065 Aegistum
1223 2005 1283 2051 illi
1299 2005 1571 2053 sacerdotem
1587 2006 1632 2051 in
1650 2023 1799 2052 amore
1814 2023 1934 2066 prae-

126 2072 273 2129 ferret,
310 2073 416 2119 dolo
452 2091 656 2133 aggressa,
695 2073 893 2120 adiutore
929 2073 1128 2120 adultero
1162 2073 1400 2130 sacerdote,
1435 2073 1674 2120 interfecit?
1710 2077 1819 2133 Quo
1855 2091 1930 2120 ore

126 2140 448 2201 Amphiaraum
466 2155 626 2196 vatem,
643 2142 717 2201 qui
734 2159 834 2187 cum
850 2159 893 2187 se
910 2141 1202 2188 abscondisset
1220 2159 1273 2188 ne
1290 2141 1344 2188 ad
1356 2141 1618 2188 Thebanum
1635 2141 1930 2202 proficiscere-

125 2223 199 2256 tur
222 2206 424 2255 bellum³⁷
456 2209 653 2269 (noverat
681 2210 799 2255 enim
827 2210 872 2255 in
899 2227 953 2256 eo
978 2227 1035 2265 se,
1061 2210 1095 2256 si
1124 2207 1316 2265 ivisset‚³⁸
1344 2227 1431 2256 esse
1455 2210 1715 2270 periturum)
1747 2227 1930 2270 eamque

127 2294 219 2323 rem
252 2294 406 2323 omnes
439 2276 613 2324 celasset
642 2277 848 2324 mortales
878 2292 1051 2337 praeter
1078 2277 1319 2338 Eriphilem
1352 2276 1589 2334 uxorem,³9
1619 2292 1719 2338 post
1750 2277 1927 2337 longam

126 2344 305 2391 tandem
331 2345 709 2404 perquisitionem‚
739 2359 945 2405 corrupta
970 2344 1162 2405 Eriphile
1192 2345 1347 2391 monili
1376 2345 1465 2401 illo,
1493 2345 1614 2405 quod
1640 2343 1833 2392 Statius⁴0
1862 2339 1936 2392 aitf

124 2429 205 2472 per
232 2411 409 2471 longam
438 2413 757 2459 successionem
790 2412 995 2459 omnibus
1028 2413 1102 2472 qui
1132 2412 1239 2459 illud
1268 2411 1549 2459 habuerunt⁴¹
1583 2412 1694 2459 male
1723 2413 1929 2468 evenisse,

125 2480 270 2526 virum
299 2479 614 2526 manifestavit?
640 2484 703 2526 Ex
731 2498 820 2540 quo
846 2498 946 2527 cum
974 2498 1143 2527 necesse
1171 2480 1231 2526 illi
1258 2495 1365 2527 esset
1391 2478 1475 2527 ad⁴²
1502 2480 1667 2527 bellum
1692 2479 1929 2541 proficisci,

124 2547 258 2608 paulo
282 2546 434 2608 post,⁴³
461 2547 711 2595 dehiscente
734 2562 862 2604 terra,
885 2549 1008 2595 vivus
1035 2548 1263 2609 absorptus
1290 2563 1365 2596 est.
1381 2553 1449 2605 Et,
1463 2563 1511 2596 ut
1537 2547 1773 2596 recedam⁴⁴
1797 2566 1820 2596 a
1844 2548 1932 2595 fab-

126 2615 220 2672 ulis,
242 2616 426 2663 Actoria
442 2615 586 2672 Paula,
606 2615 761 2663 humili
782 2616 883 2663 loco
902 2631 1015 2673 nata,
1034 2620 1206 2664 Catone
1224 2617 1424 2664 censorio
1445 2617 1619 2677 coniugi
1638 2616 1824 2678 superba
1844 2634 1931 2664 esse

124 2682 323 2745 potuit.⁴⁵
348 2688 514 2731 Utrum
537 2684 729 2732 laudabit
752 2686 958 2732 Actoriae
979 2685 1226 2746 superbiam
1251 2688 1367 2732 Cato
1389 2685 1589 2746 dicetque
1611 2703 1702 2732 non
1727 2686 1772 2731 in
1795 2684 1931 2732 confi·

128 2753 203 2799 nio
222 2770 324 2808 esse,
344 2767 391 2799 ut
410 2753 468 2799 ait
485 2753 709 2813 Epicurus,
731 2771 902 2809 uxores,
920 2753 996 2800 sed
1013 2771 1099 2800 esse
1118 2771 1271 2800 omnes
1289 2753 1446 2800 bonas?
1467 2752 1673 2800 Profecto
1691 2771 1782 2800 non
1802 2753 1929 2800 dicet.

206 3000 219 3014 ⁰
238 2996 379 3039 Cicero,
402 2997 587 3044 TuscDisp.
608 2999 686 3040 V‚9.

205 3048 222 3073 ⁶¹
240 3057 253 3090 1
273 3054 443 3092 Corinth.
462 3057 544 3092 1220.

207 3116 219 3130 ⁸
238 3115 278 3149 In
292 3115 374 3159 Jer.,
390 3112 561 3150 Adversus
571 3116 800 3159 Jovinianum
821 3116 982 3157 1‚48‚317.

206 3163 217 3188 f
232 3170 373 3213 Statim,
396 3169 552 3213 Thebaid,
572 3170 607 3213 ii,
626 3172 772 3207 265-68.
