2124 3464
170 164 173 166 ·
209 155 267 197 90
1836 161 1974 195 PART
1999 162 2014 195 1

207 301 412 361 peggiore
438 317 603 360 guerra.
629 299 705 346 Gli
729 299 857 346 amici
879 299 1017 345 vostri
1041 298 1177 345 fanno
1202 298 1300 359 quel
1324 298 1403 345 che
1426 316 1632 359 possono.
1663 298 1859 357 Quando
1882 313 2019 346 sarete

210 369 298 429 qui,
322 382 444 415 certo
464 385 517 414 ne
540 367 687 414 harete
706 366 782 427 piu
805 381 847 414 et
865 381 1089 427 potranno
1108 366 1197 427 piu.
1223 367 1370 413 Siamo
1391 367 1597 427 aspectati
1616 366 1653 414 al
1674 366 2017 427 provedimento

209 451 251 484 et
269 454 382 483 sono
404 437 449 482 in
471 435 580 483 boce
599 435 667 496 gia
683 434 861 496 parechi
881 434 934 482 da
952 434 1039 482 fare
1060 435 1162 495 ogni
1182 434 1303 482 buon
1326 434 1478 491 choro;
1500 449 1541 482 et
1558 434 1779 482 senonche
1800 435 1835 482 si
1855 434 1910 482 da
1925 453 2016 496 spe-

210 504 437 552 ranzache
456 504 538 551 alla
556 518 732 551 tornata
746 518 894 551 vostra
910 504 944 550 si
963 502 1053 550 fara
1069 503 1166 564 quel
1187 503 1456 559 desiderano,
1475 503 1691 550 sarebbon
1712 503 1855 551 alcuni
1874 503 2018 551 molto

206 573 283 634 piu
317 573 575 634 importuni.
614 577 662 619 Io
692 573 736 619 vi
765 573 917 632 priego
950 571 1029 619 che
1059 590 1102 619 se
1132 586 1297 632 potete‚
1329 572 1518 619 torniate
1550 571 1662 619 colla
1690 589 1808 632 pace.
1843 575 2018 631 Questo

207 641 387 689 sarebbe
411 642 702 688 interamente
726 640 753 687 il
777 655 930 688 nostro
954 640 1077 687 bene.
1103 644 1154 688 Se
1177 658 1269 687 non
1291 641 1326 687 si
1348 639 1440 701 puo
1464 654 1632 701 questo,
1658 639 1737 687 che
1761 641 1951 688 torniate
1973 641 2019 687 in

208 711 312 770 ogni
334 709 485 757 modo.
511 709 640 756 Colla
661 708 830 756 Maesta
850 709 918 756 del
940 713 1002 756 Re
1024 723 1145 756 certo
1166 708 1409 765 doverrete,
1429 723 1470 756 et
1488 726 1568 769 per
1586 708 1626 756 la
1646 708 1751 756 citta
1771 723 1812 756 et
1830 727 1910 770 per
1927 710 2016 766 voi,

209 778 366 825 havere
401 778 506 825 assai
540 777 828 838 guadagnato;
867 792 908 824 et
942 795 985 824 se
1020 791 1194 824 tornate
1226 792 1388 838 presto,
1428 791 1549 824 certo
1582 778 1674 824 Dio
1711 777 2018 838 apparechiera

208 846 391 907 qualche
412 847 482 893 via
502 845 583 894 alla
605 860 754 892 nostra
776 845 910 892 difesa
929 859 968 892 et
987 863 1075 892 non
1095 845 1287 906 despiciet
1306 863 1378 892 cor
1396 849 1629 892 contritum
1651 859 1691 892 et
1707 845 2018 893 humiliatum.¹

291 917 429 974 Sopra
455 913 494 960 le
518 913 671 961 lettere
695 928 841 960 vostre
868 913 920 960 de
943 919 968 960 4
995 928 1037 960 et
1062 913 1240 974 capitoli
1266 913 1414 960 havuti
1441 931 1526 960 con
1553 931 1651 974 epse
1678 913 1789 960 della
1810 931 1930 974 pace,
1955 913 2015 961 s’e

207 997 342 1029 avuto
361 985 430 1042 pe'
452 983 581 1028 Dieci
602 981 814 1042 consiglio
837 981 881 1028 di
901 981 1114 1037 cittadini‚
1135 996 1176 1028 et
1196 982 1479 1028 accozoronsi
1502 981 1654 1028 lettere
1672 981 1716 1028 di
1736 976 2012 1042 Pierfilippob

207 1050 262 1097 da
282 1049 455 1096 Milano
482 1049 550 1096 del
572 1067 724 1110 parere
750 1049 793 1096 di
818 1049 950 1109 quelli
972 1050 1175 1109 Signori,c
1200 1049 1244 1096 di
1267 1049 1345 1096 che
1372 1049 1518 1096 harete
1543 1049 1708 1096 havuto
1733 1050 1871 1109 copia.
1899 1049 2018 1096 Heb-

206 1118 297 1165 besi
323 1117 587 1165 advertenza
611 1117 690 1164 che
715 1117 753 1164 le
779 1135 877 1164 cose
900 1117 976 1178 piu
1003 1132 1166 1178 segrete
1190 1131 1232 1164 et
1256 1117 1335 1164 che
1360 1117 1473 1164 nella
1497 1132 1644 1164 vostra
1667 1132 1841 1177 segnata
1866 1135 1957 1164 non
1981 1118 2016 1164 si

204 1186 482 1247 palesassino,
516 1185 676 1246 perche
709 1186 753 1232 in
786 1185 924 1233 verita
951 1186 986 1233 si
1018 1186 1109 1233 tien
1138 1186 1294 1246 peggio
1327 1185 1354 1232 il
1385 1200 1555 1246 segreto
1587 1203 1678 1232 non
1709 1186 1743 1232 si
1775 1185 1934 1233 soleva.
1965 1185 2015 1232 El

206 1254 420 1314 consiglio
442 1253 488 1301 fu
508 1255 612 1301 assai
630 1255 771 1310 unit0,
793 1272 919 1301 come
940 1253 1211 1301 intenderete
1226 1272 1306 1314 per
1324 1253 1466 1315 quella
1484 1253 1753 1310 dell’Uficio,
1771 1272 1856 1315 pur
1875 1253 1922 1301 fu
1941 1253 2013 1301 chi

206 1322 356 1370 danno
387 1340 481 1369 non
510 1322 607 1369 solo
640 1337 791 1383 questa
819 1322 1034 1382 lungheza
1064 1320 1150 1369 ma²
1182 1323 1321 1383 questi
1352 1322 1542 1383 capitoli,
1572 1322 1802 1383 parendoli
1832 1322 1876 1370 di
1903 1340 2017 1383 poca

206 1391 484 1452 reputatione
509 1390 621 1438 della
644 1390 762 1447 cittii,
785 1405 826 1437 et
850 1390 1026 1437 ricordo
1052 1390 1079 1437 il
1102 1390 1345 1438 licentiarvi
1369 1405 1410 1438 et
1430 1390 1685 1452 provedere.
1711 1395 1764 1438 Et
1789 1391 1834 1437 in
1859 1405 2015 1452 questo

206 1457 411 1506 numero³
435 1458 598 1506 furono
619 1458 751 1520 quelli
771 1459 850 1506 che
868 1458 944 1519 piu
964 1477 1076 1506 sono
1097 1459 1332 1506 desiderosi
1352 1459 1431 1506 che
1450 1460 1484 1506 si
1505 1460 1616 1506 muti
1636 1459 1773 1506 modo
1794 1459 1838 1506 di
1856 1460 2017 1516 vivere,

203 1527 365 1588 perche
389 1527 426 1574 al
450 1527 773 1588 provedimeno
798 1527 993 1574 credono
1016 1527 1094 1574 dar
1112 1528 1331 1588 principio
1356 1527 1392 1574 31
1417 1527 1515 1574 loro
1539 1527 1767 1575 desiderio.
1791 1531 1831 1574 A
1854 1528 1929 1575 voi
1952 1528 2014 1574 mi

206 1595 514 1643 raccomando.
548 1600 660 1642 Non
693 1595 968 1642 abandonate
999 1596 1073 1656 qui
1103 1595 1160 1656 gli
1193 1597 1321 1643 amici
1351 1597 1500 1643 vostri.
1533 1598 1727 1643 Tornate
1756 1610 1918 1656 presto.
1951 1600 2015 1642 Ex

205 1663 461 1711 cancelleria
481 1663 549 1711 die
577 1668 626 1710 12
647 1663 871 1711 Februarii
898 1668 1016 1711 1479.
1042 1663 1377 1711 Bartholomeus
1400 1663 1531 1711 Scala.

1086 1807 1137 1847 92

579 1876 657 1915 ΤΟ
680 1876 959 1915 LORENZO
982 1877 1072 1914 DE’
1093 1877 1304 1915 MEDICI
1326 1878 1391 1915 IN
1410 1877 1639 1916 NAPLES²

935 1947 983 1984 10
1004 1943 1157 1984 March
1181 1947 1285 1984 1480

287 2040 400 2077 MAP
421 2041 566 2086 45,294.
588 2037 773 2090 Original.
795 2040 1017 2090 Secretary's
1038 2037 1151 2079 hand.
1177 2041 1293 2079 Verso:
1314 2038 1532 2091 ‘Magnifico
1558 2054 1598 2079 ac
1618 2040 1816 2079 Generoso
1835 2039 1931 2079 Viro

288 2095 491 2134 Laurentio
513 2093 558 2134 de
578 2094 748 2143 Medicis,
769 2096 867 2147 patri
887 2110 987 2143 meo,
1008 2097 1090 2135 etc.’
1112 2094 1225 2135 Recd.
1251 2098 1294 2135 14
1311 2094 1447 2135 March
1470 2098 1573 2135 1480.
1592 2094 1704 2143 Scala,
1726 2098 1773 2136 96
1791 2098 1880 2144 [59].

202 2198 441 2258 Magnifice
471 2217 519 2245 ac
545 2216 752 2259 generose
781 2200 861 2255 vir,
888 2214 1013 2260 pater
1040 2200 1114 2256 mi,
1145 2214 1225 2246 etc.
1252 2199 1445 2246 Essendo
1476 2218 1499 2246 3
1528 2214 1657 2246 nocte
1687 2214 1728 2247 et
1753 2199 1821 2260 gia
1846 2200 2012 2261 partito

202 2266 388 2313 l’Uficio
409 2267 454 2312 in
471 2281 609 2327 parte,
630 2268 691 2313 mi
712 2266 758 2314 fu
776 2285 1022 2314 commesso
1044 2267 1098 2323 da
1114 2267 1246 2328 quelli
1265 2267 1343 2315 che
1364 2282 1596 2315 restorono
1617 2267 1695 2315 che
1716 2268 1760 2315 io
1779 2269 1822 2314 vi
1839 2269 2012 2315 scrives-

201 2335 236 2381 si
255 2353 335 2395 per
353 2334 393 2381 la
411 2334 618 2391 staffetta‚
636 2335 924 2382 desiderando
942 2336 1101 2382 sentire
1122 2335 1323 2396 qualcosa
1344 2335 1387 2383 di
1405 2337 1491 2383 voi.
1514 2335 1677 2383 Perche
1696 2354 1787 2383 non
1809 2335 2012 2383 havendo

203 2402 257 2449 da
278 2404 352 2449 voi
376 2402 529 2450 lettere
550 2403 701 2463 doppo
727 2403 874 2464 quello
899 2403 978 2451 che
1002 2403 1202 2451 advisasti
1224 2403 1335 2451 della
1355 2419 1502 2451 vostra
1523 2405 1683 2465 partita
1703 2422 1726 2451 3
1748 2403 1792 2451 di
1814 2405 1947 2461 xxvii,
1970 2418 2012 2452 et

282 2635 294 2650 ²
313 2633 481 2669 Ps.51:17.

281 2683 296 2708 *³
316 2689 524 2739 Pierfilippo
545 2689 760 2735 Pandolfini,
780 2690 987 2729 Florentine
1003 2690 1227 2729 ambassador
1247 2692 1285 2728 in
1302 2690 1428 2735 Milan,
1445 2705 1501 2729 see
1521 2703 1607 2729 note
1625 2690 1655 2739 c)
1676 2690 1805 2729 below.

282 2753 295 2767 ⁰
310 2752 411 2786 Bona
425 2748 496 2787 and
511 2748 770 2797 Giangaleazzo
786 2749 918 2787 Sforza.
938 2751 1002 2787 On
1015 2749 1078 2787 the
1093 2750 1188 2787 crisis
1204 2750 1243 2786 in
1255 2749 1318 2787 the
1332 2764 1437 2798 peace
1452 2750 1702 2798 negotiations,
1716 2749 1949 2798 precipitated
1964 2749 2013 2798 by

201 2814 220 2838 a
235 2800 329 2838 draft
344 2800 385 2838 of
398 2800 461 2838 the
478 2801 648 2849 ‘capitoli’
664 2801 762 2839 from
779 2805 942 2839 Lorenzo
961 2803 999 2838 in
1013 2801 1158 2850 Naples,
1175 2816 1231 2839 see
1248 2805 1424 2846 Lorenzo,
1440 2805 1579 2845 Letaere,
1596 2805 1654 2845 IV,
1672 2805 1818 2839 316—17.
1837 2801 2013 2839 Pandolfi-

202 2853 269 2889 ni's
284 2852 404 2890 letters
419 2865 458 2890 to
474 2853 537 2890 the
550 2854 655 2890 Dieci
669 2853 739 2891 and
753 2853 815 2891 the
830 2853 954 2891 Dukes
971 2853 1012 2891 of
1024 2853 1168 2891 Milan's
1181 2853 1300 2891 letters
1314 2866 1354 2891 to
1370 2856 1577 2891 Sacramoro
1594 2853 1819 2901 threatening
1832 2853 1894 2891 the
1910 2852 2014 2891 recall

201 2905 242 2943 of
253 2905 349 2943 their
360 2906 601 2944 ambassadors
620 2907 659 2943 in
671 2906 805 2955 Naples
821 2921 914 2944 were
927 2906 1086 2944 received
1100 2908 1138 2943 in
1152 2906 1322 2944 Florence
1334 2921 1385 2944 on
1398 2910 1418 2944 9
1434 2907 1624 2955 February.
1639 2906 1734 2944 Scala
1747 2918 1862 2944 wrote
1875 2918 1915 2944 to
1929 2909 2012 2944 Lor-

201 2971 293 2995 enzo
312 2957 402 2995 after
419 2972 438 2995 a
456 2958 591 2996 revised
607 2958 701 2996 draft
720 2958 789 2996 had
807 2959 898 2996 been
914 2958 1089 2996 discussed
1109 2960 1148 2995 in
1160 2959 1311 3007 pratiche
1329 2972 1380 2996 on
1400 2962 1441 2996 10
1459 2958 1528 2996 and
1548 2962 1585 2995 11
1608 2958 1798 3006 February.

282 3019 294 3033 ²
310 3019 351 3052 In
365 3016 447 3060 fact,
463 3019 627 3054 Lorenzo
643 3016 698 3054 de’
715 3016 848 3054 Medici
864 3016 933 3054 had
947 3016 1086 3064 already
1101 3016 1164 3054 left
1179 3016 1323 3065 Naples,
1341 3018 1496 3064 arriving
1510 3017 1548 3053 in
1562 3016 1732 3054 Florence
1747 3030 1799 3054 on
1816 3020 1855 3054 15
1871 3015 2010 3060 March,

201 3067 263 3105 the
283 3067 352 3116 day
374 3067 464 3105 after
481 3067 553 3105 this
573 3067 678 3106 letter
696 3068 835 3106 arrived
855 3069 894 3105 in
914 3067 1057 3116 Naples,
1080 3068 1199 3106 where
1220 3069 1247 3106 it
1268 3082 1338 3106 was
1360 3067 1519 3106 received
1539 3068 1587 3116 by
1607 3067 1761 3106 Niccolo
1783 3067 2011 3112 Michelozzi,

203 3119 410 3157 Florentine
431 3119 646 3167 mandatory
671 3119 762 3157 with
784 3121 961 3168 Agostino
987 3119 1125 3157 Biliotti
1144 3131 1183 3157 to
1206 3121 1284 3168 sign
1305 3119 1367 3157 the
1390 3133 1494 3168 peace
1514 3119 1728 3163 settlement,
1752 3133 1808 3157 see
1834 3122 2010 3163 Lorenzo,

201 3174 341 3216 Latere,
361 3174 418 3215 IV,
439 3175 517 3215 324,
537 3184 623 3209 note
644 3175 673 3215 1,
693 3175 770 3216 333,
790 3184 876 3209 note
897 3175 925 3215 1,
944 3175 1022 3216 335,
1042 3184 1127 3209 note
1145 3175 1177 3215 2;
1196 3175 1340 3216 341-42,
1362 3171 1494 3209 introd.
1514 3183 1610 3209 note.
