2124 3464
111 196 342 231 PRIVATE
368 195 597 229 LETTERS
1861 186 1913 227 61

111 353 136 382 3
156 338 326 381 Messer
348 333 626 394 Buongianni
653 347 695 380 et
717 347 889 393 aspecta
910 331 1058 392 quello
1083 331 1163 379 che
1188 331 1315 378 abbia
1338 349 1362 378 a
1385 330 1489 387 fare,
1512 330 1674 392 perche
1696 330 1737 378 13
1759 348 1882 392 spesa
1906 330 1928 378 ὲ

109 421 196 464 pur
215 401 393 463 grande,
417 416 459 449 et
480 419 573 448 non
597 402 636 448 ci
659 400 843 448 essendo
864 418 889 447 a
910 399 1147 461 riparargli,
1168 399 1348 447 sarebbe
1371 399 1482 446 bene
1505 417 1597 446 non
1620 400 1655 446 si
1678 399 1921 460 spendesse.

109 474 162 519 Se
184 471 223 519 ci
243 485 453 518 staranno
475 469 681 526 domane,
705 469 910 517 abbiamo
931 486 1040 530 pure
1064 468 1290 529 disegnato
1310 483 1457 516 trarne
1477 467 1661 529 qualche
1683 467 1839 515 utilita.

196 539 422 587 Abbiamo
452 553 588 586 avuto
615 539 714 599 oggi
744 538 886 599 questi
914 540 1038 585 Octo
1065 537 1178 584 della
1204 537 1402 585 Guardia
1429 552 1471 584 et
1500 536 1619 584 facto
1646 537 1753 584 certi
1781 536 1920 584 buoni

110 608 258 656 ordini
282 625 369 655 con
393 607 493 654 loro
517 621 559 654 et
582 606 695 654 infra
718 606 876 667 gl’altri
898 606 943 653 di
966 605 1055 653 fare
1078 606 1296 653 condurre
1320 605 1431 669 delle
1453 605 1614 652 fascine
1638 606 1743 652 assai
1767 620 1809 652 et
1831 605 1922 652 cosi

109 676 291 737 seguini,
313 691 355 723 et
375 675 599 723 senonche
622 675 667 722 io
689 675 751 721 mi
772 689 935 722 truovo
956 692 1106 735 zoppo
1129 689 1171 721 et
1192 692 1285 721 non
1306 692 1420 721 sono
1442 675 1540 734 oggi
1562 674 1705 721 uscito
1728 673 1772 721 di
1793 673 1923 730 lecto,

110 762 311 792 aremmo
333 745 433 805 oggi
453 744 559 791 dato
579 761 672 790 uno
694 743 812 790 bello
834 744 1013 790 innanzi
1034 761 1088 790 ne
1098 744 1345 818 aprimmo,
1369 742 1449 790 che
1470 760 1632 789 ancora
1652 743 1729 789 noi
1750 760 1924 789 saremo

111 813 160 859 iti
182 830 263 873 per
284 812 326 859 la
347 826 471 872 parte
494 826 644 858 nostra
666 829 748 871 per
770 810 859 858 fare
881 829 925 858 se
946 811 1189 871 potessimo
1214 828 1481 871 vergognare
1506 811 1647 871 questi
1669 810 1841 857 soldati.
1868 814 1922 857 Et

110 898 219 950 ogn
202 880 326 927 al'tra
346 897 448 926 cosa
468 879 606 926 fanno
626 878 703 940 piu
726 878 959 926 volentieri
980 878 1060 925 che
1082 878 1265 939 qualche
1287 878 1412 925 bene.

195 938 297 996 Ecci
316 966 379 995 un
400 965 518 1008 poco
541 947 585 995 di
606 947 833 1024 legniame.
856 946 1152 994 Nondimeno
1177 965 1269 994 non
1293 964 1347 994 ne
1367 946 1460 1007 pub
1484 964 1620 994 essere
1643 946 1685 994 d’
1690 964 1872 1003 avanzo,
1897 946 1925 993 il

107 1016 270 1078 perche
298 1016 505 1064 abbiamo
535 1017 633 1076 oggi
660 1016 826 1076 scripto
853 1014 909 1063 al⁴
936 1016 1113 1063 Vicario
1142 1015 1187 1062 di
1214 1009 1347 1063 Lari⁵¹³
1376 1015 1456 1062 che
1484 1016 1522 1062 ci
1550 1015 1702 1062 mandi
1733 1013 1801 1062 10⁶
1826 1016 1925 1076 paia

109 1085 154 1132 di
176 1084 314 1132 bufali
338 1099 380 1132 et
403 1083 492 1132 fare
515 1099 705 1131 mectere
727 1083 888 1131 dentro
910 1098 1078 1144 quanto
1099 1083 1175 1145 piu
1198 1085 1234 1131 si
1256 1083 1399 1145 potra.
1425 1083 1533 1131 Cosi
1558 1083 1737 1131 ricordo
1761 1083 1925 1131 all’An-

107 1153 342 1214 ghiarino‚c
365 1152 403 1200 el
423 1152 523 1214 qual
544 1152 775 1209 mandasti,
794 1167 837 1200 et
856 1153 997 1213 questi
1015 1152 1114 1200 altri
1134 1152 1395 1200 intendenti.
1415 1156 1469 1200 Et
1489 1170 1651 1199 ancora
1671 1153 1747 1199 noi
1767 1152 1805 1199 el
1827 1170 1923 1213 cog-

109 1223 351 1278 nosciam03
379 1236 422 1269 et
447 1222 589 1282 questi
613 1221 818 1269 huomini
846 1220 984 1268 fanno
1008 1236 1134 1268 tucto
1158 1221 1404 1268 volentieri.
1430 1225 1510 1268 Ma
1533 1239 1626 1268 non
1651 1222 1690 1268 ci
1716 1221 1738 1268 ὲ
1764 1236 1927 1269 restato

107 1309 196 1338 una
218 1290 356 1338 bestia
374 1308 455 1351 per
475 1289 634 1337 alcuno
656 1290 879 1337 exercitio.

193 1359 354 1418 Questi
379 1359 532 1406 nimici
557 1358 676 1406 anno
699 1376 829 1419 preso
853 1376 941 1406 una
963 1376 1069 1419 gran
1092 1358 1269 1406 licentia
1290 1356 1483 1406 inverso⁷
1507 1359 1596 1406 noi:
1624 1359 1727 1419 ogni
1753 1358 1798 1405 di
1821 1377 1923 1405 ven-

107 1445 228 1488 gono
248 1442 290 1474 et
309 1426 461 1474 santia
476 1426 548 1488 pie
568 1442 610 1474 et
628 1426 831 1474 huomini
854 1426 1020 1474 d‘arme
1038 1445 1124 1474 con
1143 1445 1231 1474 una
1249 1445 1354 1487 gran
1371 1426 1545 1474 sicurta.
1564 1426 1807 1474 Parendoci
1826 1445 1927 1474 cosa

106 1495 366 1557 pericolosa,
399 1496 651 1543 iermattina
676 1495 849 1543 facemo
875 1495 1053 1556 pigliare
1083 1513 1175 1542 uno
1203 1510 1371 1543 venuto
1400 1513 1424 1543 a
1451 1496 1580 1542 Piero
1607 1495 1854 1552 Malevolti3
1883 1510 1925 1543 et

108 1563 466 1619 examinandolo,
498 1578 705 1610 trovamo
734 1582 807 1611 era
832 1565 925 1624 spia
955 1578 997 1610 et
1025 1565 1182 1610 veniva
1207 1582 1288 1624 per
1316 1565 1475 1611 cattive
1503 1582 1615 1610 cose.
1645 1567 1850 1611 Stamane
1879 1564 1925 1610 lo

109 1631 282 1678 facemo
302 1631 557 1692 impichare‚
581 1631 880 1678 examinatolo
898 1632 1043 1692 prima
1063 1631 1176 1679 colla
1196 1646 1368 1679 tortura
1387 1646 1429 1679 et
1448 1633 1615 1692 scripto
1635 1631 1861 1679 l'esamina
1883 1647 1925 1679 et

108 1699 153 1747 di
177 1699 239 1747 lui
268 1714 310 1747 et
335 1699 475 1747 d’uno
501 1699 615 1747 altro
641 1699 722 1747 che
747 1699 974 1756 abomino,
1006 1699 1034 1746 il
1061 1699 1186 1761 quale
1213 1718 1237 1747 3
1261 1700 1384 1748 buon
1413 1699 1503 1748 fine
1529 1718 1690 1748 ancora
1716 1700 1924 1748 abbiamo

106 1769 225 1816 vivo.
253 1772 393 1816 L’una
417 1787 440 1816 e
463 1768 606 1816 l’altra
628 1770 829 1816 examina
852 1769 897 1815 vi
921 1768 1176 1816 mandiamo
1201 1787 1287 1816 con
1314 1784 1477 1830 questa.
1503 1773 1544 1815 A
1570 1770 1670 1816 Pier
1691 1769 1924 1817 Malevolti

107 1836 323 1885 facciamo
354 1837 515 1898 miglor
546 1838 642 1885 viso
673 1837 753 1885 che
784 1838 941 1899 prima,
974 1852 1016 1885 et
1047 1837 1323 1885 nondimeno
1355 1837 1415 1885 s'e
1446 1838 1655 1885 ordinato
1685 1856 1729 1885 se
1759 1838 1921 1899 gl'abbi

106 1905 274 1953 l’ochio
298 1905 378 1953 alle
401 1907 521 1953 mani
543 1921 671 1953 tanto
692 1906 772 1953 che
794 1906 1000 1953 abbiamo
1022 1906 1063 1953 13
1084 1907 1269 1967 risposta
1290 1922 1449 1954 vostra.

191 1978 382 2021 Facemo
407 1992 569 2022 ancora
593 1974 755 2035 piglare
780 1989 990 2031 stamme,
1018 1975 1098 2022 che
1125 1993 1260 2022 erano
1284 1976 1437 2023 venuti
1464 1976 1510 2022 in
1536 1975 1658 2023 abito
1685 1975 1729 2023 di
1755 1975 1874 2023 fante
1901 1994 1924 2023 a

105 2042 191 2104 pie,
220 2042 305 2090 due
334 2042 538 2090 huomini
569 2042 735 2090 d’arme
763 2043 830 2090 de’
862 2044 1013 2091 nimici
1041 2058 1083 2091 et
1109 2043 1343 2105 abbiamgli
1372 2045 1608 2091 examinati
1636 2044 1749 2091 colla
1776 2044 1922 2091 corda.

107 2112 353 2158 L'esamina
367 2111 462 2159 sara
478 2130 565 2159 con
584 2127 735 2173 questa
752 2127 794 2159 et
810 2130 853 2159 se
869 2127 1079 2173 potremo
1097 2130 1222 2160 avere
1239 2112 1352 2160 altro
1369 2112 1424 2160 da
1438 2112 1551 2169 loro,
1570 2113 1616 2160 lo
1635 2113 1922 2160 intenderete.

192 2179 355 2240 Quegli
376 2179 456 2227 che
474 2195 673 2228 stanocte
688 2178 872 2241 passata⁸
891 2199 964 2228 era
980 2181 1187 2228 ordinato
1206 2181 1477 2229 assaltassino
1497 2181 1534 2229 el
1553 2199 1713 2242 campo
1733 2196 1775 2229 et
1793 2181 1922 2229 faces-

105 2248 214 2295 sello
239 2247 414 2295 armati⁹
437 2266 530 2295 non
554 2248 681 2296 basto
705 2249 805 2296 loro
829 2249 1025 2296 l’animo.
1052 2253 1104 2297 Se
1129 2251 1342 2297 avessimo
1368 2268 1391 2297 a
1412 2251 1587 2297 vincere
1611 2254 1679 2297 co’
1703 2250 1918 2311 poltroni‚

105 2316 286 2363 sarebbe
310 2331 461 2363 nostra
483 2317 524 2363 13
544 2318 730 2364 victoria
752 2318 797 2363 in
820 2318 923 2378 ogni
947 2317 1093 2378 luogo.
1121 2318 1345 2365 Abbiamo
1369 2319 1467 2378 oggi
1491 2333 1626 2365 avuto
1647 2319 1758 2365 tucti
1781 2320 1922 2379 questi

107 2384 380 2431 conestaboli
396 2399 438 2431 et
453 2384 741 2432 confortatoli
757 2400 799 2432 et
814 2385 1089 2432 infiamatoli.
1108 2387 1378 2433 Domactina
1392 2386 1597 2433 debbano
1612 2401 1790 2433 tornare
1805 2405 1829 2433 a
1844 2388 1920 2433 noi

107 2470 194 2499 con
216 2452 401 2513 qualche
423 2452 546 2500 buon
568 2454 772 2514 pensiero
795 2452 925 2501 facto.

192 2521 420 2568 Giovanni
439 2521 611 2568 Savello
631 2522 729 2582 oggi
749 2521 771 2569 ὲ
792 2523 857 2569 ito
875 2540 899 2569 a
916 2540 1152 2583 procurare
1173 2522 1211 2570 el
1230 2541 1369 2584 paese.
1389 2524 1660 2570 Domactina
1679 2523 1923 2570 intendere-

107 2606 184 2636 mo
206 2589 356 2650 quello
378 2589 548 2637 riferira
568 2604 611 2637 et
632 2589 925 2637 daremovene
947 2592 1079 2638 aviso.

191 2657 321 2704 Colle
346 2657 368 2704 ὲ
391 2672 508 2705 stato
532 2659 630 2719 oggi
656 2659 1018 2706 continuamente
1042 2659 1349 2707 bombardato.
1378 2650 1515 2707 Anno
1540 2675 1683 2707 tracto
1706 2663 1743 2707 e'
1770 2661 1922 2707 nimici

106 2725 224 2786 colpi
248 2726 363 2773 circa
385 2731 451 2773 50.
478 2726 788 2783 Nondimeno,
813 2745 894 2788 per
915 2727 986 2774 chi
1009 2729 1135 2774 viene
1160 2728 1205 2775 di
1227 2727 1281 2784 13,
1305 2746 1398 2775 uno
1422 2728 1466 2775 di
1490 2729 1566 2789 qui
1590 2728 1670 2775 che
1695 2728 1763 2775 col
1788 2729 1919 2776 salva-

106 2793 332 2840 condocto
356 2794 525 2841 andava
546 2812 570 2841 a
593 2795 835 2855 risquotere
858 2796 1063 2856 prigioni,
1087 2814 1167 2856 per
1190 2814 1350 2843 ancora
1372 2814 1465 2843 non
1490 2796 1609 2843 anno
1633 2796 1752 2843 facto
1775 2796 1919 2843 molto

106 2860 269 2908 danno.
295 2865 343 2907 E’
370 2863 509 2909 nostri
533 2862 577 2909 di
600 2862 729 2910 Colle
755 2864 910 2910 iersera
931 2864 1045 2910 circa
1065 2882 1089 2910 a
1110 2868 1164 2909 22
1187 2864 1293 2911 hore
1318 2864 1592 2911 assaltorono
1616 2864 1655 2911 le
1677 2865 1921 2911 bombarde

186 3095 202 3120 ¹³
219 3101 449 3139 Michelono
468 3101 506 3139 di
524 3101 755 3140 Bartolomeo
773 3102 1001 3147 Michelozzi‚
1021 3105 1108 3141 ASF
1125 3106 1247 3141 Tratte
1265 3107 1319 3147 69,
1337 3103 1401 3141 fol.
1421 3107 1494 3141 63r.

187 3159 380 3197 CfDieci
392 3161 539 3198 Missive
556 3164 609 3204 10,
622 3160 687 3198 fol.
704 3164 789 3198 119r
800 3161 851 3208 (to
867 3162 969 3199 Piero
984 3163 1137 3205 Vettori,
1155 3166 1192 3199 11
1209 3164 1294 3200 Oct
1300 3162 1411 3221 1479):
1427 3162 1650 3200 ‘Mandiamo
1664 3162 1690 3199 l'
1693 3162 1921 3210 Anghiarino

107 3223 234 3249 nostro
250 3223 400 3249 strenuo
418 3211 659 3256 comestabile,
679 3212 818 3251 huomo
836 3225 871 3251 et
887 3212 926 3251 di
943 3213 1039 3251 virtu
1055 3226 1090 3251 et
1106 3213 1144 3251 di
1160 3213 1267 3252 fede
1256 3228 1296 3251 m
1313 3215 1388 3258 noi,
1406 3228 1510 3252 come
1527 3226 1569 3252 tu
1585 3215 1646 3258 sai,
1665 3213 1919 3262 grandissima?
