2124 3464
207 183 263 224 32
1836 191 1974 225 PART
1999 192 2013 225 1

1087 334 1141 375 37

361 404 439 443 TO
463 405 762 443 FEDERIGO
785 404 865 442 DA
886 403 1337 450 MONTEFELTRO,
1359 405 1519 444 DUKE
1541 405 1616 444 OF
1638 406 1869 444 URBINO

812 470 1036 518 Florence,
1058 474 1146 511 c.11
1167 470 1268 523 July
1291 474 1413 511 1472²

289 565 391 670 332}
407 564 491 605 fols.
511 568 687 605 87r-90v.
706 567 834 617 Copy.
852 564 919 605 Ed.
936 567 985 605 A.
1004 565 1200 617 Cinquini,
1221 565 1490 617 ‘Spigolature',
1515 568 1642 606 17-19.
1659 564 1771 614 Scala,
1790 569 1933 606 316-17

205 725 352 772 Barth.
379 725 499 772 Scala
521 725 732 772 Federico
753 725 961 772 Urbinati
987 725 1087 772 duci
1112 725 1362 772 felicissimo
1386 725 1583 772 salutem.
1611 729 1844 785 Quaerunt
1869 744 1922 773 ex
1946 744 2017 774 me

205 793 385 853 quidam
403 811 481 840 cur
495 792 653 840 ducem
670 792 969 839 felicissimum
988 807 1030 839 te
1046 792 1275 853 appellem,
1294 794 1368 853 qui
1383 793 1547 840 soleam
1566 794 1802 840 minimum
1822 793 2014 841 tribuere

205 860 409 908 fortunae
426 861 558 907 etiam
576 861 621 906 in
638 860 770 916 bello,
787 875 835 907 ut
853 875 895 907 te
911 878 1086 921 quoque
1103 875 1328 921 praesente
1344 860 1640 921 superioribus
1661 861 1825 918 diebus,
1844 879 1945 908 cum
1963 861 2016 909 de

205 928 463 976 excellentia
487 928 686 976 militaris
713 928 964 989 disciplinae
992 928 1132 989 deque
1157 929 1449 989 imperatoriis
1475 930 1646 990 tuisque
1672 929 1872 977 laudibus
1901 929 2018 990 apud

202 997 421 1058 populum
449 996 655 1053 dicerem,
679 996 980 1044 demonstrare
1003 1015 1100 1044 sum
1125 991 1340 1044 conatus.b
1366 1001 1493 1056 Quae
1517 997 1710 1058 quidem,
1734 1012 1782 1045 ut
1805 998 1899 1054 scis,
1924 1016 2016 1045 ora-

204 1066 269 1112 tio
290 1066 493 1112 maximis
513 1079 575 1112 est
597 1079 778 1126 excepta
792 1065 1025 1126 plausibus.
1052 1069 1104 1112 Et
1123 1065 1312 1126 populus
1336 1065 1628 1122 Florentinus,
1652 1066 1727 1126 qui
1745 1065 1826 1113 tibi
1845 1066 2015 1113 virtuti-

204 1152 288 1195 que
315 1148 414 1180 tuae
439 1133 496 1180 ob
525 1148 592 1180 tot
619 1148 847 1194 tantasque
872 1132 953 1180 res¹
979 1133 1061 1180 sibi
1089 1152 1112 1180 a
1136 1148 1178 1181 te
1201 1148 1337 1194 gestas
1363 1133 1519 1181 debere
1544 1148 1718 1181 tantum
1740 1148 1881 1195 putat,
1908 1134 2015 1195 quid

204 1203 368 1249 mirum
392 1203 427 1249 si
448 1201 777 1262 praedicantem
799 1219 868 1249 me
891 1201 943 1249 de
965 1202 1092 1249 rebus
1115 1203 1199 1249 tuis
1221 1202 1409 1249 libenter
1430 1202 1615 1249 audivit?

289 1270 489 1331 Plerique
511 1271 644 1317 etiam
666 1285 713 1317 ut
735 1269 861 1317 edam
883 1271 1090 1331 scriptam
1113 1271 1360 1318 orationem
1384 1289 1407 1318 a
1427 1289 1496 1318 me
1518 1289 1618 1318 cum
1642 1271 1773 1318 etiam
1794 1285 1924 1332 atque
1945 1271 2019 1318 eti-

203 1357 274 1386 am
292 1338 636 1395 contendissent,
656 1339 734 1386 etsi
753 1338 797 1386 id
813 1339 995 1386 minime
1013 1338 1190 1395 soleam,
1211 1340 1569 1400 impetraverunt.
1589 1340 1839 1400 Itaqueiam
1856 1339 2015 1400 legitur

203 1425 226 1454 a
245 1407 409 1463 multis,
433 1422 474 1454 et
493 1422 709 1468 quantum
731 1406 783 1454 de
802 1406 981 1454 fortuna
999 1406 1261 1454 detraxerim
1280 1422 1321 1455 et
1340 1422 1489 1455 tamen
1506 1425 1631 1468 saepe
1651 1422 1693 1455 te
1711 1407 2010 1455 felicissimum

203 1475 405 1532 dixerim,
428 1476 474 1522 in
495 1490 709 1536 promptu
735 1490 809 1523 est.
832 1480 992 1536 Neque
1012 1476 1112 1523 satis
1134 1475 1351 1537 explicant
1372 1494 1481 1537 quae
1504 1475 1684 1523 felicitas
1704 1477 1750 1522 in
1771 1494 1816 1523 re
1838 1476 2017 1524 militari

201 1542 477 1604 praesertim2
504 1562 591 1590 esse
615 1545 766 1604 possit,
793 1543 962 1590 sublata
985 1543 1176 1599 fortuna,
1204 1562 1335 1604 quam
1360 1545 1405 1590 in
1431 1545 1555 1591 omni
1581 1562 1625 1591 re
1649 1543 1853 1604 profecto
1876 1544 2015 1591 domi-

203 1612 298 1659 nari
317 1626 563 1668 autumant3
585 1626 626 1658 et
645 1626 844 1658 auctores
863 1611 1023 1658 habent
1044 1626 1172 1658 testes
1189 1612 1428 1659 sententiae
1447 1611 1573 1659 huius
1594 1612 1843 1672 complures
1863 1626 1905 1659 et
1922 1612 2014 1673 qui-

203 1679 305 1727 dem
323 1680 508 1727 minime
529 1679 894 1727 contemnendos.
917 1684 1065 1740 Itaque
1084 1679 1138 1727 ad
1154 1698 1223 1727 me
1243 1681 1434 1727 curritur
1449 1694 1496 1727 ut
1517 1679 1622 1741 quid
1638 1679 1855 1727 voluerim
1877 1679 2012 1728 exsol-

202 1746 335 1796 vam.³
362 1747 572 1796 Difficilis
599 1748 803 1809 equidem
829 1766 908 1805 res,
934 1763 975 1796 et
1001 1749 1183 1796 minime
1207 1748 1430 1810 popularis
1456 1763 1504 1796 ut
1531 1748 1733 1796 dematur
1756 1748 1935 1796 fortuna
1958 1748 2011 1796 de

203 1817 331 1864 rebus
366 1818 539 1873 nostris,
573 1818 831 1877 praesertim
863 1816 1041 1873 bellicis,
1076 1817 1120 1863 in
1155 1835 1239 1878 qua
1270 1817 1411 1864 solent
1444 1817 1640 1878 plerique
1674 1816 1833 1864 referre
1865 1835 2013 1864 rerum

201 1903 378 1932 suarum
400 1903 546 1932 causas
564 1883 671 1932 fere⁴
688 1903 855 1942 omnes,
877 1886 1130 1946 crimenque
1149 1885 1286 1932 modo
1304 1885 1602 1946 negligentiae,
1622 1885 1759 1933 modo
1776 1886 2011 1946 ignoratio-

203 1955 268 2001 nis
294 1954 525 2001 honestare
551 1953 742 2001 fortuna.
771 1957 899 2014 Opus
925 1968 986 2001 est
1012 1972 1115 2014 ergo
1138 1955 1396 2002 auctoritate
1420 1954 1633 2015 rebusque
1657 1955 1784 2014 gestis
1809 1968 1857 2001 ut
1881 1954 2015 2001 tutari

200 2023 418 2083 possimus
443 2037 640 2069 nostram
663 2020 945 2069 sententiam5
965 2037 1013 2069 ut
1036 2040 1145 2083 quos
1165 2022 1445 2083 philosophia
1471 2023 1669 2083 ratioque
1690 2040 1782 2069 non
1805 2023 2010 2079 moverit,

202 2109 246 2138 re
270 2092 361 2151 ipsa
382 2105 658 2138 moveantur.
682 2095 735 2138 Et
757 2092 991 2138 mittantur
1010 2109 1118 2151 quae
1141 2091 1324 2138 antehac
1343 2090 1456 2138 facta
1471 2105 1572 2138 sunt
1595 2109 1618 2138 a
1638 2105 1695 2147 te,
1717 2090 1829 2138 hanc
1846 2105 2012 2152 postre-

202 2177 320 2206 mam
348 2160 581 2206 victoriam
607 2159 941 2206 Volaterranam
968 2159 1305 2206 consideremus.
1336 2159 1461 2219 Quid
1487 2159 1666 2206 fortuna
1688 2160 1857 2220 potuit?
1885 2158 2011 2219 Quid

202 2227 417 2288 opitulata
438 2230 521 2274 est?
543 2228 714 2274 Venisti
736 2227 824 2274 fere
847 2228 1108 2288 improvisus
1131 2229 1278 2274 statim
1300 2242 1347 2274 ut
1370 2242 1576 2275 vocatum
1598 2245 1654 2284 es,
1677 2242 1718 2274 et
1740 2227 1919 2288 quidem
1939 2227 2009 2274 ad-

200 2296 455 2342 versissimis
473 2295 717 2342 multorum
734 2295 903 2342 dierum
919 2295 1263 2355 tempestatibus3
1279 2310 1441 2351 tamen,
1456 2313 1557 2342 cum
1570 2296 1766 2355 primum
1782 2295 2010 2351 advenisti,

201 2363 325 2409 cessit
344 2377 465 2409 totus
484 2362 798 2409 Volaterranus
816 2381 927 2422 ager,
948 2364 1098 2409 omnia
1118 2362 1289 2409 castella
1305 2364 1350 2408 in
1368 2377 1632 2423 potestatem
1651 2377 1880 2409 venerunt.
1901 2366 2012 2409 Inte-

202 2448 273 2477 rea
291 2431 452 2477 coactis
471 2431 621 2491 copiis,
644 2445 685 2477 et
705 2448 809 2491 quas
828 2445 870 2477 te
886 2431 1007 2491 sequi
1028 2431 1206 2478 iusseras
1226 2445 1267 2478 et
1286 2448 1390 2491 quas
1408 2448 1487 2478 nos
1508 2430 1561 2477 ad
1578 2445 1620 2477 te
1637 2430 1892 2478 collectitias
1909 2430 2006 2477 mit-

201 2498 415 2554 tebamus,
455 2498 765 2559 nonnullisque
807 2498 1084 2546 auxiliaribus
1123 2517 1231 2559 quae
1268 2517 1291 2546 a
1324 2499 1451 2546 sociis
1489 2499 1723 2559 amicisque
1760 2498 2010 2554 veniebant,

202 2584 363 2626 magno
388 2568 538 2613 animo
565 2581 606 2613 et
630 2567 795 2626 ingenti
820 2585 1049 2627 aggressus,
1074 2567 1329 2627 superavisti
1352 2566 1658 2614 Volaterranas
1681 2567 1943 2627 asperitates,
1967 2580 2010 2613 et

201 2632 412 2690 castello,⁶
431 2634 552 2695 quod
573 2649 767 2682 erectum
786 2635 925 2682 stabat
945 2649 1073 2695 atque
1091 2634 1354 2695 impediebat
1375 2652 1507 2682 omne
1529 2652 1745 2682 accessum
1766 2634 1820 2681 ad
1836 2633 2006 2690 urbem,

201 2703 322 2750 ducis
346 2702 581 2763 prudentia
602 2718 643 2750 et
667 2701 846 2750 robore⁷
870 2717 910 2750 et
933 2704 1094 2750 virtute
1116 2717 1245 2764 capto
1268 2703 1459 2750 militum
1483 2703 1630 2750 statim
1652 2703 1799 2763 primo
1824 2703 2006 2763 impetu,

282 2938 293 2952 ²
312 2938 383 2972 For
399 2934 462 2972 the
479 2934 570 2979 date,
589 2949 645 2972 see
666 2947 751 2972 note
768 2934 804 2983 d)
825 2934 953 2972 below.

280 2986 295 3011 *³
315 2994 366 3029 As
388 2993 543 3040 Captain
562 2991 603 3029 of
620 2991 682 3029 the
701 2991 821 3040 league
842 2992 1005 3029 between
1026 2991 1206 3035 Florence,
1226 2991 1341 3029 Milan
1359 2991 1429 3029 and
1448 2991 1593 3040 Naples,
1616 2990 1783 3039 Federigo
1806 2989 1876 3028 had
1894 3004 2009 3039 remp-

200 3044 305 3082 tured
321 3044 497 3088 Volterra,
514 3044 636 3082 which
651 3044 721 3082 had
736 3044 890 3082 rebelled
904 3046 1036 3092 against
1054 3044 1223 3082 Florence
1238 3046 1277 3081 in
1291 3048 1378 3092 May
1397 3048 1494 3088 1472;
1511 3043 1570 3082 for
1582 3043 1654 3081 this
1671 3043 1716 3081 he
1731 3057 1802 3081 was
1818 3042 2011 3081 honoured

202 3097 240 3133 in
254 3096 425 3134 Florence
441 3097 480 3133 in
495 3110 514 3134 a
526 3096 650 3144 public
664 3110 858 3144 ceremony
872 3096 963 3133 with
976 3095 1056 3144 gifts
1071 3110 1123 3133 on
1137 3099 1179 3133 29
1191 3099 1293 3142 June,
1309 3095 1418 3133 when
1430 3095 1526 3133 Scala
1537 3094 1715 3133 delivered
1728 3094 1791 3132 the
1804 3095 1950 3132 oration
1962 3093 2008 3132 he

201 3147 308 3185 refers
324 3160 364 3185 to
380 3147 465 3185 here
482 3147 600 3196 (11111),
619 3148 723 3191 Scala,
745 3151 809 3185 154
823 3151 928 3193 [110]‚
947 3159 1033 3185 note
1051 3152 1082 3191 53
1099 3148 1267 3191 E.Fiumi,
1285 3149 1470 3195 L'Impresa
1483 3147 1522 3184 di
1536 3150 1689 3184 Lorenzo
1701 3146 1740 3184 d'
1749 3146 1873 3184 Medici
1888 3155 2008 3184 contro

206 3199 359 3237 Volterra
376 3199 499 3247 (1472),
522 3199 703 3243 Florence,
725 3203 822 3237 1948.
