2060 3450
190 187 282 228 470
1737 189 1874 222 PART
1900 190 1991 223 VIII

191 331 243 378 de
265 331 423 377 Aretio
444 344 645 390 ternpore
667 329 822 375 mortis
844 335 978 384 suae3a
999 342 1040 375 et
1061 327 1181 388 quod
1202 327 1404 374 salarium
1427 326 1481 374 ad
1501 326 1662 374 dictam
1682 327 1899 374 rationem
1921 327 1996 374 eti-

191 417 261 446 am
283 417 335 446 ex
355 416 473 445 nunc
494 397 697 457 deinceps
715 396 826 443 solvi
847 396 988 443 eidem
1010 395 1195 442 domino
1217 395 1531 442 Bartholomeo
1549 395 1685 455 possit
1708 409 1749 441 et
1768 394 1936 451 debeat,
1955 409 1997 442 et

191 467 243 515 de
266 466 429 514 eisdem
452 465 791 526 assignamentis,
816 463 959 511 modis
982 478 1023 511 et
1044 463 1373 511 conditionibus
1397 477 1438 510 et
1457 481 1537 524 per
1557 462 1653 510 illos
1676 462 1832 523 quibus
1855 477 1896 510 et
1915 480 1996 523 per

191 553 301 596 quos
332 550 373 582 et
400 548 535 595 prout
565 533 676 580 solvi
704 547 849 593 potest
879 547 920 579 et
948 531 1076 579 debet
1106 532 1186 592 ipsi
1216 531 1401 578 domino
1432 530 1746 578 Bartholomeo
1774 530 1992 587 salarium,

191 603 313 664 quod
334 602 463 650 habet
484 601 538 649 ad
554 619 770 662 praesens,
792 615 833 648 et
852 618 952 647 curn
974 599 1135 647 eisdem
1154 599 1402 660 privilegiis,
1426 599 1668 646 honoribus
1691 613 1732 646 et
1750 598 1842 646 aliis
1861 613 1994 660 prout

192 671 322 719 habet
345 670 399 718 ad
416 688 631 731 praesens.

1084 811 1108 850 2

755 880 1016 920 CATASTO
1041 880 1292 925 RETURN,
1316 882 1333 917 1
1343 879 1440 918 469³

447 975 537 1013 ASF
560 975 713 1013 Catasto
734 976 817 1020 923,
838 971 904 1012 fol.
925 975 1077 1012 290r-v.
1095 970 1207 1019 Scala,
1230 974 1359 1018 59-60,
1379 974 1450 1011 226
1468 973 1738 1019 [38,157-158].

190 1083 359 1125 Messer
379 1076 664 1124 Bartolomeo
713 1077 728 1136 )

190 1146 371 1193 Andrea
713 1145 727 1205 )
754 1144 797 1191 di
819 1145 1013 1191 Giovani
1036 1143 1079 1190 di
1100 1148 1340 1190 Francesco
1361 1142 1512 1190 Schala
1533 1142 1587 1189 da
1606 1141 1765 1189 Cholle

191 1214 360 1262 Charlo
713 1213 728 1273 )

189 1335 402 1365 vennono
430 1317 476 1363 in
501 1317 645 1377 prima
670 1334 693 1363 a
716 1333 924 1376 gravezza
949 1314 1018 1362 nel
1043 1314 1240 1362 chatasto
1269 1319 1387 1370 1457,
1414 1332 1435 1361 e
1460 1332 1617 1361 avemo
1642 1313 1686 1361 di
1710 1313 1907 1361 chatasto
1931 1312 2000 1361 del

195 1391 301 1433 1457
323 1384 436 1432 soldi
461 1385 506 1431 iii
531 1403 552 1432 e
577 1384 728 1431 diceva
749 1383 786 1431 el
811 1383 1007 1430 chatasto
1029 1384 1074 1429 in
1100 1401 1260 1430 messer
1282 1382 1566 1430 Bartolomeo
1590 1400 1611 1429 e
1635 1381 1803 1429 Charlo
1827 1381 1871 1429 di
1893 1381 2000 1429 Gio-

189 1455 324 1501 vanni
345 1453 510 1509 Schala‚
533 1452 603 1499 nel
627 1452 751 1499 detto
772 1452 1006 1511 Quartiere
1029 1469 1050 1498 e
1073 1443 1395 1498 Ghonfalone.b

993 1591 1199 1635 Sustanze

189 1696 299 1739 Uno
325 1709 466 1751 pezzo
494 1690 538 1737 di
565 1705 680 1737 terra
701 1708 781 1750 per
806 1707 897 1736 non
925 1688 1065 1736 diviso
1092 1688 1209 1735 chon
1236 1688 1394 1735 Nardo
1419 1688 1463 1735 di
1488 1689 1616 1734 Piero
1641 1687 1695 1734 da
1719 1686 1999 1743 Bacchereto,

191 1759 462 1820 chonperata
480 1758 535 1805 da
552 1758 667 1805 ditto
684 1757 842 1804 Nardo
859 1775 939 1818 per
954 1757 1106 1817 pregio
1127 1756 1171 1803 di
1186 1761 1271 1814 ,577
1290 1756 1333 1803 di
1350 1755 1539 1817 piccioli,
1561 1755 1696 1802 funne
1719 1754 1905 1815 roghato
1923 1758 2000 1802 Ser

189 1826 458 1874 Niccholaio
480 1826 710 1887 d’Apardo
732 1825 786 1873 da
802 1825 1037 1881 Volterra3c
1059 1824 1272 1872 abbianne
1295 1824 1339 1871 di
1359 1823 1462 1871 fitto
1482 1823 1536 1871 da
1553 1823 1677 1871 detto
1694 1822 1852 1871 Nardo
1871 1822 1998 1870 barili

191 1901 260 1943 5½
287 1895 331 1943 di
352 1896 459 1942 vino
483 1913 504 1942 e
531 1899 568 1941 ½
594 1894 727 1942 barile
751 1893 888 1941 d'olio
1911 1959 1930 2006 f

1931 1964 1998 2007 .19

190 2072 240 2114 In
266 2067 331 2114 sul
361 2071 521 2114 Monte
551 2066 702 2113 fiorini
731 2070 813 2113 500
840 2065 884 2113 di
911 2070 1070 2122 Monte
1100 2064 1221 2112 dono
1251 2064 1468 2112 Chosimo
1499 2064 1566 2112 de'
1595 2063 1761 2111 Medici
1788 2082 1811 2111 a
1838 2081 2000 2111 messer

190 2135 476 2183 Bartolomeo
498 2134 755 2195 sopradetto
777 2152 800 2181 a
820 2135 911 2181 vita
929 2152 1004 2181 sua
1026 2152 1047 2181 e
1070 2133 1137 2181 de'
1159 2151 1235 2180 sua
1257 2133 1426 2194 figluoli
1450 2151 1471 2180 e
1494 2132 1765 2180 discendenti

189 2242 224 2283 E
253 2238 345 2298 piu'
380 2236 408 2284 f.
440 2241 546 2284 4341
580 2235 726 2283 s‹oldi>
762 2240 806 2282 11
842 2235 885 2282 di
915 2240 1088 2292 Monte,
1120 2234 1282 2282 furono
1316 2234 1599 2295 chonsegnati
1631 2252 1654 2281 a
1683 2233 1808 2281 detto
1838 2251 1998 2280 messer

190 2305 476 2353 Bartolomeo
501 2323 580 2366 per
604 2304 631 2351 f.
662 2309 768 2351 1000
792 2304 836 2351 di
859 2303 962 2351 dote
987 2303 1099 2351 della
1118 2303 1382 2350 Maddalena
1401 2321 1477 2350 sua
1500 2302 1662 2359 donna,
1689 2301 1938 2349 detrattone
1958 2300 1999 2348 la

190 2373 389 2434 ghabella
409 2391 554 2433 grossa
577 2373 621 2420 di
643 2372 752 2419 detti
773 2372 801 2419 f.
830 2377 935 2419 1000
957 2390 978 2419 e
1001 2371 1028 2418 f.
1053 2371 1246 2432 dugento
1269 2371 1313 2418 di
1335 2371 1505 2418 donora
1527 2389 1548 2417 e
1571 2370 1721 2417 danari

1333 2443 1492 2485 Monte
1725 2437 1753 2484 f.
1781 2442 1882 2484 1161
1912 2441 1994 2484 19s.

271 2663 283 2677 ²
304 2657 500 2696 Benedetto
523 2657 696 2695 Accolti’s
717 2656 848 2695 annual
866 2656 979 2705 salary
1001 2670 1071 2694 was
1095 2659 1160 2694 600
1179 2655 1306 2694 florins
1327 2655 1436 2693 when
1454 2655 1499 2693 he
1518 2654 1600 2693 died
1622 2656 1662 2692 in
1684 2657 1781 2699 1464,
1803 2656 1850 2692 D.
1871 2654 1998 2698 Max-zi,

192 2711 404 2750 Cancelleria
419 2711 509 2749 della
526 2711 718 2760 repubhlz'ca
728 2710 932 2759 florentina,
952 2714 1028 2748 243.

271 2774 282 2788 ²
306 2771 371 2807 On
391 2768 463 2806 this
485 2780 629 2813 catasto,
656 2771 694 2806 E.
720 2769 844 2812 Comi,
866 2770 1049 2816 L’imposta
1071 2767 1196 2805 diretta
1216 2781 1237 2805 a
1259 2770 1396 2805 Firenze
1416 2766 1473 2804 nel
1495 2768 1740 2813 Quattrocento
1760 2764 1998 2813 (1427—1494),

190 2826 318 2866 Rome,
343 2826 440 2866 1984,
463 2825 609 2860 266-75.
632 2825 728 2859 Here
748 2821 818 2859 and
836 2822 876 2858 in
892 2821 1107 2869 subsequent
1128 2821 1258 2864 catasti‚
1279 2823 1293 2857 I
1312 2820 1401 2858 have
1419 2819 1482 2858 left
1499 2819 1561 2857 the
1578 2818 1728 2867 spelling
1746 2817 1863 2856 found
1880 2818 1921 2855 in
1937 2817 2000 2856 the

189 2874 413 2918 documents,
437 2886 536 2922 apart
554 2873 652 2911 from
672 2872 945 2911 normalisation
963 2872 1004 2910 of
1019 2886 1125 2915 anno,
1143 2872 1245 2916 detto,
1265 2883 1330 2910 etc.
1350 2871 1421 2909 and
1436 2871 1498 2909 the
1518 2871 1693 2908 insertion
1708 2869 1749 2908 of
1767 2873 1779 2907 i
1797 2870 1836 2907 in
1854 2872 1996 2918 maggio,

182 2925 356 2974 famiglio,
376 2937 442 2963 etc.

270 2978 286 3003 b
303 2986 368 3021 On
385 2987 424 3021 15
443 2983 624 3032 February
642 2986 727 3021 1469
744 2982 974 3020 Bartolomeo
990 2982 1060 3020 and
1076 2981 1130 3019 his
1145 2995 1308 3030 younger
1322 2980 1472 3019 brother
1487 2980 1626 3018 Carlo‘s
1639 2992 1699 3018 tax
1714 2991 1918 3017 assaesment
1936 2978 1997 3016 for

189 3036 252 3074 the
279 3039 426 3073 Ventina
447 3034 610 3084 imposed
632 3036 672 3071 in
694 3038 780 3072 1468
800 3048 871 3072 was
896 3038 937 3071 10
955 3033 1058 3078 soldi,
1081 3036 1167 3071 ASF
1188 3035 1372 3071 Prestanze
1391 3036 1491 3076 2988,
1513 3032 1576 3070 fol.
1599 3035 1671 3076 51r;
1692 3045 1744 3069 on
1762 3031 1834 3069 this
1853 3042 1924 3075 tax,
1942 3044 1999 3068 see

192 3089 317 3132 Comi,
336 3090 530 3136 L'imposta,
552 3090 630 3124 266.

272 3151 285 3165 ⁰
307 3160 425 3194 marg:
450 3145 506 3183 ‘da
528 3159 607 3183 non
625 3146 865 3193 sopportanti,
888 3159 906 3182 e
928 3144 1077 3182 vedemo
1102 3143 1222 3181 charta
1244 3157 1308 3192 per
1327 3157 1436 3181 mano
1458 3142 1495 3180 di
1514 3156 1571 3180 ser
1592 3141 1787 3179 Nicholaio
1809 3140 1995 3189 d’Apardo

190 3198 397 3235 d'Antonio
416 3197 519 3235 Pardi
535 3209 632 3234 sotto
651 3196 687 3234 di
709 3200 746 3233 11
766 3196 804 3234 di
819 3196 998 3234 settenbre
1020 3199 1116 3233 1466.
1135 3227 1141 3232 .
1159 3227 1165 3232 .
1182 3197 1202 3232 .'
