<?xml version="1.0" encoding="UTF-8"?>
<!DOCTYPE html PUBLIC "-//W3C//DTD XHTML 1.0 Transitional//EN"
    "http://www.w3.org/TR/xhtml1/DTD/xhtml1-transitional.dtd">
<html xmlns="http://www.w3.org/1999/xhtml" xml:lang="en" lang="en">
 <head>
  <title>
</title>
<meta http-equiv="Content-Type" content="text/html;charset=utf-8" />
  <meta name='ocr-system' content='tesseract 3.04.00' />
  <meta name='ocr-capabilities' content='ocr_page ocr_carea ocr_par ocr_line ocrx_word'/>
</head>
<body>
  <div class='ocr_page' id='page_1' title='image "bartolomeoscalah00scaluoft_0059.png"; bbox 0 0 2118 3450; ppageno 0'>
   <div class='ocr_carea' id='block_1_1' title="bbox 132 159 1938 200">
    <p class='ocr_par' dir='ltr' id='par_1_1' title="bbox 132 159 1938 200">
     <span class='ocr_line' id='line_1_1' title="bbox 132 159 1938 200; baseline 0.001 -1"><span class='ocrx_word' id='word_1_1' title='bbox 132 165 363 199; x_wconf 88' lang='lat' dir='ltr'>PRIVATE</span> <span class='ocrx_word' id='word_1_2' title='bbox 389 165 618 199; x_wconf 85' lang='lat' dir='ltr'>LETTERS</span> <span class='ocrx_word' id='word_1_3' title='bbox 1884 159 1938 200; x_wconf 89' lang='lat'>19</span> 
     </span>
    </p>
   </div>
   <div class='ocr_carea' id='block_1_2' title="bbox 132 301 1944 426">
    <p class='ocr_par' dir='ltr' id='par_1_2' title="bbox 132 301 1944 426">
     <span class='ocr_line' id='line_1_2' title="bbox 132 301 1944 362; baseline 0.001 -13"><span class='ocrx_word' id='word_1_4' title='bbox 132 320 209 350; x_wconf 91' lang='lat' dir='ltr'>um</span> <span class='ocrx_word' id='word_1_5' title='bbox 229 317 371 350; x_wconf 89' lang='lat' dir='ltr'>tuum.</span> <span class='ocrx_word' id='word_1_6' title='bbox 390 306 528 349; x_wconf 89' lang='lat' dir='ltr'>Nunc</span> <span class='ocrx_word' id='word_1_7' title='bbox 548 316 695 349; x_wconf 89' lang='lat' dir='ltr'>autem</span> <span class='ocrx_word' id='word_1_8' title='bbox 715 319 807 348; x_wconf 92' lang='lat' dir='ltr'>non</span> <span class='ocrx_word' id='word_1_9' title='bbox 828 319 905 348; x_wconf 93' lang='lat' dir='ltr'>ero</span> <span class='ocrx_word' id='word_1_10' title='bbox 922 301 1098 362; x_wconf 90' lang='lat' dir='ltr'>longior</span> <span class='ocrx_word' id='word_1_11' title='bbox 1118 316 1160 349; x_wconf 91' lang='lat' dir='ltr'>et</span> <span class='ocrx_word' id='word_1_12' title='bbox 1177 316 1240 358; x_wconf 88' lang='lat' dir='ltr'>tu,</span> <span class='ocrx_word' id='word_1_13' title='bbox 1258 303 1364 358; x_wconf 86' lang='lat' dir='ltr'>scio,</span> <span class='ocrx_word' id='word_1_14' title='bbox 1385 302 1506 349; x_wconf 91' lang='lat' dir='ltr'>dabis</span> <span class='ocrx_word' id='word_1_15' title='bbox 1524 303 1699 349; x_wconf 91' lang='lat' dir='ltr'>veniam</span> <span class='ocrx_word' id='word_1_16' title='bbox 1719 317 1762 350; x_wconf 93' lang='lat' dir='ltr'>et</span> <span class='ocrx_word' id='word_1_17' title='bbox 1780 303 1944 350; x_wconf 91' lang='lat' dir='ltr'>condo-</span> 
     </span>
     <span class='ocr_line' id='line_1_3' title="bbox 133 369 1914 426; baseline -0.001 -8"><span class='ocrx_word' id='word_1_18' title='bbox 133 370 256 418; x_wconf 88' lang='lat' dir='ltr'>nabis</span> <span class='ocrx_word' id='word_1_19' title='bbox 278 370 323 417; x_wconf 91' lang='lat' dir='ltr'>id</span> <span class='ocrx_word' id='word_1_20' title='bbox 345 388 485 417; x_wconf 91' lang='lat' dir='ltr'>novae</span> <span class='ocrx_word' id='word_1_21' title='bbox 506 370 719 417; x_wconf 89' lang='lat' dir='ltr'>servituti.</span> <span class='ocrx_word' id='word_1_22' title='bbox 742 369 861 416; x_wconf 83' lang='lat' dir='ltr'><strong>Vale.</strong></span> <span class='ocrx_word' id='word_1_23' title='bbox 886 369 1148 426; x_wconf 87' lang='lat' dir='ltr'>Florentiae,</span> <span class='ocrx_word' id='word_1_24' title='bbox 1163 369 1317 417; x_wconf 79' lang='lat' dir='ltr'>1dibus</span> <span class='ocrx_word' id='word_1_25' title='bbox 1339 370 1472 417; x_wconf 92' lang='lat' dir='ltr'>Iuniis</span> <span class='ocrx_word' id='word_1_26' title='bbox 1493 373 1914 418; x_wconf 82' lang='lat' dir='ltr'>MCCCCLXVIH.</span> 
     </span>
    </p>
   </div>
   <div class='ocr_carea' id='block_1_3' title="bbox 608 511 1468 701">
    <p class='ocr_par' dir='ltr' id='par_1_3' title="bbox 608 511 1468 701">
     <span class='ocr_line' id='line_1_4' title="bbox 1011 511 1066 552; baseline 0.018 -1"><span class='ocrx_word' id='word_1_27' title='bbox 1011 511 1066 552; x_wconf 85' lang='lat'>25</span> 
     </span>
     <span class='ocr_line' id='line_1_5' title="bbox 608 580 1468 620; baseline -0.001 0"><span class='ocrx_word' id='word_1_28' title='bbox 608 580 687 620; x_wconf 87' lang='lat' dir='ltr'>To</span> <span class='ocrx_word' id='word_1_29' title='bbox 710 581 1079 620; x_wconf 85' lang='lat' dir='ltr'>SACRAMORO</span> <span class='ocrx_word' id='word_1_30' title='bbox 1103 581 1468 620; x_wconf 76' lang='lat' dir='ltr'>SACRAMORF</span> 
     </span>
     <span class='ocr_line' id='line_1_6' title="bbox 686 647 1392 701; baseline 0.001 -14"><span class='ocrx_word' id='word_1_31' title='bbox 686 647 912 694; x_wconf 86' lang='lat' dir='ltr'>Florence,</span> <span class='ocrx_word' id='word_1_32' title='bbox 936 651 983 688; x_wconf 87' lang='lat'>13</span> <span class='ocrx_word' id='word_1_33' title='bbox 1008 648 1264 701; x_wconf 87' lang='lat' dir='ltr'>September</span> <span class='ocrx_word' id='word_1_34' title='bbox 1287 651 1392 688; x_wconf 81' lang='lat'>1468</span> 
     </span>
    </p>
   </div>
   <div class='ocr_carea' id='block_1_4' title="bbox 214 741 1863 851">
    <p class='ocr_par' dir='ltr' id='par_1_4' title="bbox 214 741 1863 851">
     <span class='ocr_line' id='line_1_7' title="bbox 214 741 1863 794; baseline 0.001 -13"><span class='ocrx_word' id='word_1_35' title='bbox 214 742 337 782; x_wconf 84' lang='lat' dir='ltr'>ASMi</span> <span class='ocrx_word' id='word_1_36' title='bbox 358 743 456 789; x_wconf 88' lang='lat' dir='ltr'>SPE,</span> <span class='ocrx_word' id='word_1_37' title='bbox 475 742 646 789; x_wconf 86' lang='lat' dir='ltr'>Firenze,</span> <span class='ocrx_word' id='word_1_38' title='bbox 668 744 752 782; x_wconf 88' lang='lat'><em>275.</em></span> <span class='ocrx_word' id='word_1_39' title='bbox 774 741 960 794; x_wconf 85' lang='lat' dir='ltr'>Original.</span> <span class='ocrx_word' id='word_1_40' title='bbox 981 741 1221 794; x_wconf 86' lang='lat' dir='ltr'>Autograph.</span> <span class='ocrx_word' id='word_1_41' title='bbox 1250 744 1367 782; x_wconf 78' lang='lat' dir='ltr'>Verso:</span> <span class='ocrx_word' id='word_1_42' title='bbox 1389 741 1609 794; x_wconf 82' lang='lat' dir='ltr'>‘Magnifico</span> <span class='ocrx_word' id='word_1_43' title='bbox 1633 742 1718 782; x_wconf 92' lang='lat' dir='ltr'>viro</span> <span class='ocrx_word' id='word_1_44' title='bbox 1738 744 1863 794; x_wconf 80' lang='lat' dir='ltr'>Sagra·</span> 
     </span>
     <span class='ocr_line' id='line_1_8' title="bbox 215 797 1703 851; baseline 0 -12"><span class='ocrx_word' id='word_1_45' title='bbox 215 813 328 839; x_wconf 90' lang='lat' dir='ltr'>moro</span> <span class='ocrx_word' id='word_1_46' title='bbox 348 797 395 838; x_wconf 91' lang='lat' dir='ltr'>de</span> <span class='ocrx_word' id='word_1_47' title='bbox 413 798 608 846; x_wconf 79' lang='lat' dir='ltr'><strong>Arimino,</strong></span> <span class='ocrx_word' id='word_1_48' title='bbox 628 797 749 850; x_wconf 81' lang='lat' dir='ltr'>legato</span> <span class='ocrx_word' id='word_1_49' title='bbox 772 797 905 846; x_wconf 89' lang='lat' dir='ltr'>ducali,</span> <span class='ocrx_word' id='word_1_50' title='bbox 925 798 1024 851; x_wconf 85' lang='lat' dir='ltr'>patri</span> <span class='ocrx_word' id='word_1_51' title='bbox 1043 813 1131 838; x_wconf 92' lang='lat' dir='ltr'>meo</span> <span class='ocrx_word' id='word_1_52' title='bbox 1150 797 1394 839; x_wconf 83' lang='lat' dir='ltr'>honorabili.’</span> <span class='ocrx_word' id='word_1_53' title='bbox 1413 797 1527 846; x_wconf 81' lang='lat' dir='ltr'>Scala,</span> <span class='ocrx_word' id='word_1_54' title='bbox 1549 802 1591 839; x_wconf 89' lang='lat'>51</span> <span class='ocrx_word' id='word_1_55' title='bbox 1613 801 1703 847; x_wconf 88' lang='lat'>[35].</span> 
     </span>
    </p>
   </div>
   <div class='ocr_carea' id='block_1_5' title="bbox 129 902 1950 1155">
    <p class='ocr_par' dir='ltr' id='par_1_5' title="bbox 129 902 1950 1155">
     <span class='ocr_line' id='line_1_9' title="bbox 129 902 1950 963; baseline 0 -13"><span class='ocrx_word' id='word_1_56' title='bbox 129 902 266 950; x_wconf 86' lang='lat' dir='ltr'>Salve.</span> <span class='ocrx_word' id='word_1_57' title='bbox 295 905 413 950; x_wconf 86' lang='lat' dir='ltr'>Tota</span> <span class='ocrx_word' id='word_1_58' title='bbox 441 920 508 949; x_wconf 90' lang='lat' dir='ltr'>res</span> <span class='ocrx_word' id='word_1_59' title='bbox 535 902 742 949; x_wconf 91' lang='lat' dir='ltr'>conclusa</span> <span class='ocrx_word' id='word_1_60' title='bbox 771 917 833 949; x_wconf 91' lang='lat' dir='ltr'>est</span> <span class='ocrx_word' id='word_1_61' title='bbox 861 902 1104 949; x_wconf 91' lang='lat' dir='ltr'>secundum</span> <span class='ocrx_word' id='word_1_62' title='bbox 1131 903 1396 963; x_wconf 89' lang='lat' dir='ltr'>petitionem</span> <span class='ocrx_word' id='word_1_63' title='bbox 1426 918 1562 950; x_wconf 89' lang='lat' dir='ltr'>tuam.</span> <span class='ocrx_word' id='word_1_64' title='bbox 1593 903 1678 950; x_wconf 92' lang='lat' dir='ltr'>Sed</span> <span class='ocrx_word' id='word_1_65' title='bbox 1705 904 1751 949; x_wconf 92' lang='lat' dir='ltr'>in</span> <span class='ocrx_word' id='word_1_66' title='bbox 1779 918 1950 950; x_wconf 90' lang='lat' dir='ltr'>secreto</span> 
     </span>
     <span class='ocr_line' id='line_1_10' title="bbox 130 970 1946 1031; baseline 0 -13"><span class='ocrx_word' id='word_1_67' title='bbox 130 988 293 1031; x_wconf 86' lang='lat' dir='ltr'>magno</span> <span class='ocrx_word' id='word_1_68' title='bbox 315 985 391 1018; x_wconf 87' lang='lat' dir='ltr'>est.</span> <span class='ocrx_word' id='word_1_69' title='bbox 415 972 486 1017; x_wconf 93' lang='lat' dir='ltr'>Tu</span> <span class='ocrx_word' id='word_1_70' title='bbox 508 985 659 1017; x_wconf 90' lang='lat' dir='ltr'>tamen</span> <span class='ocrx_word' id='word_1_71' title='bbox 681 988 773 1017; x_wconf 84' lang='lat' dir='ltr'>cras</span> <span class='ocrx_word' id='word_1_72' title='bbox 796 988 923 1018; x_wconf 91' lang='lat' dir='ltr'>mane</span> <span class='ocrx_word' id='word_1_73' title='bbox 944 971 1171 1018; x_wconf 87' lang='lat' dir='ltr'>vocaberis</span> <span class='ocrx_word' id='word_1_74' title='bbox 1194 985 1236 1018; x_wconf 94' lang='lat' dir='ltr'>et</span> <span class='ocrx_word' id='word_1_75' title='bbox 1258 970 1365 1031; x_wconf 89' lang='lat' dir='ltr'>quid</span> <span class='ocrx_word' id='word_1_76' title='bbox 1385 971 1439 1018; x_wconf 90' lang='lat' dir='ltr'>sit</span> <span class='ocrx_word' id='word_1_77' title='bbox 1461 970 1752 1018; x_wconf 86' lang='lat' dir='ltr'>deliberatum</span> <span class='ocrx_word' id='word_1_78' title='bbox 1773 972 1881 1018; x_wconf 88' lang='lat' dir='ltr'>scies</span> <span class='ocrx_word' id='word_1_79' title='bbox 1904 986 1946 1019; x_wconf 89' lang='lat' dir='ltr'>et</span> 
     </span>
     <span class='ocr_line' id='line_1_11' title="bbox 129 1038 1941 1104; baseline 0 -18"><span class='ocrx_word' id='word_1_80' title='bbox 129 1038 419 1086; x_wconf 89' lang='lat' dir='ltr'>vehementer</span> <span class='ocrx_word' id='word_1_81' title='bbox 431 1038 635 1099; x_wconf 89' lang='lat' dir='ltr'>placebit.</span> <span class='ocrx_word' id='word_1_82' title='bbox 653 1038 773 1085; x_wconf 86' lang='lat' dir='ltr'>Vale.</span> <span class='ocrx_word' id='word_1_83' title='bbox 793 1039 948 1095; x_wconf 87' lang='lat' dir='ltr'>Domi,</span> <span class='ocrx_word' id='word_1_84' title='bbox 968 1038 1078 1085; x_wconf 86' lang='lat' dir='ltr'>hora</span> <span class='ocrx_word' id='word_1_85' title='bbox 1095 1038 1355 1104; x_wconf 37' lang='lat' dir='ltr'>fere-prima,</span> <span class='ocrx_word' id='word_1_86' title='bbox 1374 1038 1444 1086; x_wconf 91' lang='lat' dir='ltr'>die</span> <span class='ocrx_word' id='word_1_87' title='bbox 1466 1043 1513 1086; x_wconf 92' lang='lat'>13</span> <span class='ocrx_word' id='word_1_88' title='bbox 1532 1039 1800 1100; x_wconf 88' lang='lat' dir='ltr'>Septembris</span> <span class='ocrx_word' id='word_1_89' title='bbox 1823 1044 1941 1086; x_wconf 89' lang='grc'>1468.</span> 
     </span>
     <span class='ocr_line' id='line_1_12' title="bbox 130 1106 942 1155; baseline 0 -1"><span class='ocrx_word' id='word_1_90' title='bbox 130 1106 470 1155; x_wconf 89' lang='lat' dir='ltr'>Bartholomeus</span> <span class='ocrx_word' id='word_1_91' title='bbox 492 1106 614 1154; x_wconf 80' lang='lat' dir='ltr'>Scala</span> <span class='ocrx_word' id='word_1_92' title='bbox 633 1106 942 1154; x_wconf 89' lang='lat' dir='ltr'>Cancellarius.</span> 
     </span>
    </p>
   </div>
   <div class='ocr_carea' id='block_1_6' title="bbox 373 1249 1707 1439">
    <p class='ocr_par' dir='ltr' id='par_1_6' title="bbox 373 1249 1707 1439">
     <span class='ocr_line' id='line_1_13' title="bbox 1010 1249 1065 1290; baseline 0.018 -1"><span class='ocrx_word' id='word_1_93' title='bbox 1010 1249 1065 1290; x_wconf 88' lang='lat'>26</span> 
     </span>
     <span class='ocr_line' id='line_1_14' title="bbox 373 1318 1707 1359; baseline 0.001 -2"><span class='ocrx_word' id='word_1_94' title='bbox 373 1318 452 1358; x_wconf 91' lang='lat' dir='ltr'>TO</span> <span class='ocrx_word' id='word_1_95' title='bbox 474 1319 651 1358; x_wconf 88' lang='lat' dir='ltr'>PIERO</span> <span class='ocrx_word' id='word_1_96' title='bbox 673 1319 737 1357; x_wconf 90' lang='lat' dir='ltr'>DI</span> <span class='ocrx_word' id='word_1_97' title='bbox 759 1319 989 1358; x_wconf 86' lang='lat' dir='ltr'>COSIMO</span> <span class='ocrx_word' id='word_1_98' title='bbox 1012 1319 1102 1357; x_wconf 86' lang='lat' dir='ltr'>DE’</span> <span class='ocrx_word' id='word_1_99' title='bbox 1123 1319 1336 1358; x_wconf 85' lang='lat' dir='ltr'>MEDICI</span> <span class='ocrx_word' id='word_1_100' title='bbox 1357 1321 1423 1358; x_wconf 94' lang='lat' dir='ltr'>IN</span> <span class='ocrx_word' id='word_1_101' title='bbox 1444 1320 1707 1359; x_wconf 88' lang='lat' dir='ltr'>CAREGGI</span> 
     </span>
     <span class='ocr_line' id='line_1_15' title="bbox 685 1383 1392 1439; baseline 0.001 -13"><span class='ocrx_word' id='word_1_102' title='bbox 685 1386 911 1433; x_wconf 89' lang='lat' dir='ltr'>Florence,</span> <span class='ocrx_word' id='word_1_103' title='bbox 935 1390 984 1426; x_wconf 89' lang='grc'>12</span> <span class='ocrx_word' id='word_1_104' title='bbox 1007 1386 1264 1439; x_wconf 89' lang='lat' dir='ltr'>September</span> <span class='ocrx_word' id='word_1_105' title='bbox 1287 1383 1392 1427; x_wconf 70' lang='grc'>1469</span> 
     </span>
    </p>
   </div>
   <div class='ocr_carea' id='block_1_7' title="bbox 212 1479 1862 1590">
    <p class='ocr_par' dir='ltr' id='par_1_7' title="bbox 212 1479 1862 1590">
     <span class='ocr_line' id='line_1_16' title="bbox 212 1479 1862 1534; baseline 0.001 -14"><span class='ocrx_word' id='word_1_106' title='bbox 212 1482 326 1520; x_wconf 89' lang='grc' dir='ltr'>ΜΑΡ</span> <span class='ocrx_word' id='word_1_107' title='bbox 350 1483 516 1528; x_wconf 85' lang='lat'>137,283.</span> <span class='ocrx_word' id='word_1_108' title='bbox 536 1479 723 1533; x_wconf 84' lang='lat' dir='ltr'>Original.</span> <span class='ocrx_word' id='word_1_109' title='bbox 742 1480 982 1533; x_wconf 85' lang='lat' dir='ltr'>Autograph.</span> <span class='ocrx_word' id='word_1_110' title='bbox 1008 1483 1125 1521; x_wconf 83' lang='lat' dir='ltr'>Verso:</span> <span class='ocrx_word' id='word_1_111' title='bbox 1146 1480 1395 1534; x_wconf 83' lang='lat' dir='ltr'>‘[MagnificJO</span> <span class='ocrx_word' id='word_1_112' title='bbox 1415 1481 1510 1521; x_wconf 91' lang='lat' dir='ltr'>Viro</span> <span class='ocrx_word' id='word_1_113' title='bbox 1530 1483 1642 1521; x_wconf 86' lang='lat' dir='ltr'>Petro</span> <span class='ocrx_word' id='word_1_114' title='bbox 1663 1480 1710 1521; x_wconf 93' lang='lat' dir='ltr'>de</span> <span class='ocrx_word' id='word_1_115' title='bbox 1727 1481 1862 1530; x_wconf 84' lang='lat' dir='ltr'>Me[di-</span> 
     </span>
     <span class='ocr_line' id='line_1_17' title="bbox 213 1536 1403 1590; baseline 0.001 -13"><span class='ocrx_word' id='word_1_116' title='bbox 213 1537 280 1586; x_wconf 89' lang='lat' dir='ltr'>cis]</span> <span class='ocrx_word' id='word_1_117' title='bbox 301 1537 438 1577; x_wconf 91' lang='lat' dir='ltr'>Cosmi</span> <span class='ocrx_word' id='word_1_118' title='bbox 455 1536 594 1586; x_wconf 79' lang='grc' dir='ltr'>ΡῙ1110],</span> <span class='ocrx_word' id='word_1_119' title='bbox 616 1537 715 1590; x_wconf 88' lang='lat' dir='ltr'>patri</span> <span class='ocrx_word' id='word_1_120' title='bbox 734 1537 897 1590; x_wconf 88' lang='lat' dir='ltr'>optimo.</span> <span class='ocrx_word' id='word_1_121' title='bbox 920 1538 1094 1590; x_wconf 81' lang='lat' dir='ltr'>Caregii.’</span> <span class='ocrx_word' id='word_1_122' title='bbox 1114 1537 1227 1586; x_wconf 84' lang='lat' dir='ltr'>Scala,</span> <span class='ocrx_word' id='word_1_123' title='bbox 1249 1540 1294 1578; x_wconf 91' lang='grc'>59</span> <span class='ocrx_word' id='word_1_124' title='bbox 1313 1540 1403 1586; x_wconf 82' lang='grc'><strong>[38].</strong></span> 
     </span>
    </p>
   </div>
   <div class='ocr_carea' id='block_1_8' title="bbox 126 1641 1948 2660">
    <p class='ocr_par' dir='ltr' id='par_1_8' title="bbox 126 1641 1948 2660">
     <span class='ocr_line' id='line_1_18' title="bbox 127 1641 1946 1703; baseline 0.001 -15"><span class='ocrx_word' id='word_1_125' title='bbox 127 1641 367 1703; x_wconf 84' lang='lat' dir='ltr'>Magnifice</span> <span class='ocrx_word' id='word_1_126' title='bbox 390 1656 517 1703; x_wconf 89' lang='lat' dir='ltr'>pater</span> <span class='ocrx_word' id='word_1_127' title='bbox 540 1642 614 1688; x_wconf 91' lang='lat' dir='ltr'>mi.</span> <span class='ocrx_word' id='word_1_128' title='bbox 642 1646 691 1689; x_wconf 95' lang='lat' dir='ltr'>Io</span> <span class='ocrx_word' id='word_1_129' title='bbox 717 1641 888 1689; x_wconf 90' lang='lat' dir='ltr'>havevo</span> <span class='ocrx_word' id='word_1_130' title='bbox 909 1641 1081 1703; x_wconf 89' lang='lat' dir='ltr'>parlato</span> <span class='ocrx_word' id='word_1_131' title='bbox 1106 1645 1174 1689; x_wconf 90' lang='lat' dir='ltr'>co’</span> <span class='ocrx_word' id='word_1_132' title='bbox 1200 1643 1390 1690; x_wconf 89' lang='lat' dir='ltr'>ministri</span> <span class='ocrx_word' id='word_1_133' title='bbox 1415 1657 1458 1690; x_wconf 91' lang='lat' dir='ltr'>et</span> <span class='ocrx_word' id='word_1_134' title='bbox 1482 1642 1642 1690; x_wconf 80' lang='lat' dir='ltr'>alcuno</span> <span class='ocrx_word' id='word_1_135' title='bbox 1667 1642 1735 1690; x_wconf 92' lang='lat' dir='ltr'>de&#39;</span> <span class='ocrx_word' id='word_1_136' title='bbox 1761 1643 1946 1690; x_wconf 88' lang='lat' dir='ltr'>Maestri</span> 
     </span>
     <span class='ocr_line' id='line_1_19' title="bbox 128 1710 1946 1771; baseline 0.001 -14"><span class='ocrx_word' id='word_1_137' title='bbox 128 1710 230 1758; x_wconf 88' lang='lat' dir='ltr'>dell&#39;</span> <span class='ocrx_word' id='word_1_138' title='bbox 255 1714 366 1757; x_wconf 86' lang='lat' dir='ltr'>Arte</span> <span class='ocrx_word' id='word_1_139' title='bbox 391 1710 461 1757; x_wconf 91' lang='lat' dir='ltr'>del</span> <span class='ocrx_word' id='word_1_140' title='bbox 486 1710 693 1766; x_wconf 89' lang='lat' dir='ltr'>Cambio,</span> <span class='ocrx_word' id='word_1_141' title='bbox 716 1728 797 1771; x_wconf 92' lang='lat' dir='ltr'>per</span> <span class='ocrx_word' id='word_1_142' title='bbox 820 1710 962 1771; x_wconf 91' lang='lat' dir='ltr'>quelle</span> <span class='ocrx_word' id='word_1_143' title='bbox 985 1728 1106 1771; x_wconf 82' lang='lat' dir='ltr'>spese</span> <span class='ocrx_word' id='word_1_144' title='bbox 1132 1710 1244 1758; x_wconf 83' lang='lat' dir='ltr'>facte</span> <span class='ocrx_word' id='word_1_145' title='bbox 1266 1711 1312 1757; x_wconf 88' lang='lat' dir='ltr'>in</span> <span class='ocrx_word' id='word_1_146' title='bbox 1337 1729 1433 1758; x_wconf 82' lang='lat' dir='ltr'>casa</span> <span class='ocrx_word' id='word_1_147' title='bbox 1453 1726 1602 1758; x_wconf 89' lang='lat' dir='ltr'>vostra</span> <span class='ocrx_word' id='word_1_148' title='bbox 1625 1711 1739 1758; x_wconf 90' lang='lat' dir='ltr'>dove</span> <span class='ocrx_word' id='word_1_149' title='bbox 1763 1712 1808 1758; x_wconf 88' lang='lat' dir='ltr'>io</span> <span class='ocrx_word' id='word_1_150' title='bbox 1831 1729 1946 1758; x_wconf 91' lang='lat' dir='ltr'>sono</span> 
     </span>
     <span class='ocr_line' id='line_1_20' title="bbox 126 1778 1946 1840; baseline 0.001 -15"><span class='ocrx_word' id='word_1_151' title='bbox 126 1782 276 1834; x_wconf 83' lang='lat' dir='ltr'>stato‚¹</span> <span class='ocrx_word' id='word_1_152' title='bbox 294 1778 443 1839; x_wconf 92' lang='lat' dir='ltr'>quello</span> <span class='ocrx_word' id='word_1_153' title='bbox 462 1779 651 1825; x_wconf 88' lang='lat' dir='ltr'>m&#39;avevi</span> <span class='ocrx_word' id='word_1_154' title='bbox 670 1778 801 1825; x_wconf 92' lang='lat' dir='ltr'>decto</span> <span class='ocrx_word' id='word_1_155' title='bbox 818 1793 1000 1839; x_wconf 89' lang='lat' dir='ltr'>apunto,</span> <span class='ocrx_word' id='word_1_156' title='bbox 1022 1793 1064 1826; x_wconf 93' lang='lat' dir='ltr'>et</span> <span class='ocrx_word' id='word_1_157' title='bbox 1082 1779 1317 1840; x_wconf 89' lang='lat' dir='ltr'>rispostovi</span> <span class='ocrx_word' id='word_1_158' title='bbox 1338 1778 1487 1840; x_wconf 92' lang='lat' dir='ltr'>quello</span> <span class='ocrx_word' id='word_1_159' title='bbox 1505 1783 1615 1826; x_wconf 88' lang='lat' dir='ltr'>s’era</span> <span class='ocrx_word' id='word_1_160' title='bbox 1633 1779 1752 1826; x_wconf 89' lang='lat' dir='ltr'>facto</span> <span class='ocrx_word' id='word_1_161' title='bbox 1770 1794 1812 1826; x_wconf 91' lang='lat' dir='ltr'>et</span> <span class='ocrx_word' id='word_1_162' title='bbox 1830 1779 1946 1826; x_wconf 90' lang='lat' dir='ltr'>dect-</span> 
     </span>
     <span class='ocr_line' id='line_1_21' title="bbox 128 1846 1946 1908; baseline 0.001 -15"><span class='ocrx_word' id='word_1_163' title='bbox 128 1847 203 1894; x_wconf 92' lang='lat' dir='ltr'>ovi</span> <span class='ocrx_word' id='word_1_164' title='bbox 224 1846 305 1894; x_wconf 93' lang='lat' dir='ltr'>che</span> <span class='ocrx_word' id='word_1_165' title='bbox 327 1846 694 1894; x_wconf 90' lang='lat' dir='ltr'>manderebbono</span> <span class='ocrx_word' id='word_1_166' title='bbox 716 1865 740 1894; x_wconf 89' lang='grc'>3</span> <span class='ocrx_word' id='word_1_167' title='bbox 757 1847 845 1894; x_wconf 86' lang='lat' dir='ltr'>voi</span> <span class='ocrx_word' id='word_1_168' title='bbox 864 1865 945 1908; x_wconf 93' lang='lat' dir='ltr'>per</span> <span class='ocrx_word' id='word_1_169' title='bbox 965 1847 1192 1894; x_wconf 92' lang='lat' dir='ltr'>intendere</span> <span class='ocrx_word' id='word_1_170' title='bbox 1212 1847 1241 1893; x_wconf 94' lang='lat' dir='ltr'>il</span> <span class='ocrx_word' id='word_1_171' title='bbox 1260 1865 1412 1908; x_wconf 91' lang='lat' dir='ltr'>parere</span> <span class='ocrx_word' id='word_1_172' title='bbox 1434 1862 1476 1895; x_wconf 94' lang='lat' dir='ltr'>et</span> <span class='ocrx_word' id='word_1_173' title='bbox 1494 1847 1680 1895; x_wconf 71' lang='lat' dir='ltr'>volonta</span> <span class='ocrx_word' id='word_1_174' title='bbox 1700 1863 1860 1895; x_wconf 87' lang='lat' dir='ltr'>vostra.</span> <span class='ocrx_word' id='word_1_175' title='bbox 1883 1849 1946 1894; x_wconf 92' lang='lat' dir='ltr'>Di</span> 
     </span>
     <span class='ocr_line' id='line_1_22' title="bbox 126 1914 1944 1976; baseline 0.001 -15"><span class='ocrx_word' id='word_1_176' title='bbox 126 1916 204 1976; x_wconf 94' lang='lat' dir='ltr'>poi</span> <span class='ocrx_word' id='word_1_177' title='bbox 225 1914 253 1961; x_wconf 91' lang='lat' dir='ltr'>il</span> <span class='ocrx_word' id='word_1_178' title='bbox 273 1914 398 1962; x_wconf 92' lang='lat' dir='ltr'>mulo</span> <span class='ocrx_word' id='word_1_179' title='bbox 419 1916 482 1961; x_wconf 92' lang='lat' dir='ltr'>mi</span> <span class='ocrx_word' id='word_1_180' title='bbox 502 1914 594 1962; x_wconf 86' lang='lat' dir='ltr'>fece</span> <span class='ocrx_word' id='word_1_181' title='bbox 613 1914 724 1962; x_wconf 88' lang='lat' dir='ltr'>male</span> <span class='ocrx_word' id='word_1_182' title='bbox 744 1915 782 1962; x_wconf 88' lang='lat' dir='ltr'>al</span> <span class='ocrx_word' id='word_1_183' title='bbox 799 1915 886 1976; x_wconf 74' lang='lat' dir='ltr'>pie,</span> <span class='ocrx_word' id='word_1_184' title='bbox 906 1933 1000 1962; x_wconf 93' lang='lat' dir='ltr'>non</span> <span class='ocrx_word' id='word_1_185' title='bbox 1021 1915 1081 1963; x_wconf 93' lang='lat' dir='ltr'>ho</span> <span class='ocrx_word' id='word_1_186' title='bbox 1098 1930 1262 1976; x_wconf 89' lang='lat' dir='ltr'>potuto</span> <span class='ocrx_word' id='word_1_187' title='bbox 1281 1916 1476 1963; x_wconf 89' lang='lat' dir='ltr'>visitarvi</span> <span class='ocrx_word' id='word_1_188' title='bbox 1495 1915 1550 1963; x_wconf 70' lang='lat' dir='ltr'>ne</span> <span class='ocrx_word' id='word_1_189' title='bbox 1570 1916 1798 1963; x_wconf 90' lang='lat' dir='ltr'>intendere</span> <span class='ocrx_word' id='word_1_190' title='bbox 1816 1916 1944 1973; x_wconf 85' lang='lat' dir='ltr'>altro,</span> 
     </span>
     <span class='ocr_line' id='line_1_23' title="bbox 128 1983 1947 2044; baseline 0 -14"><span class='ocrx_word' id='word_1_191' title='bbox 128 1998 316 2044; x_wconf 85' lang='lat' dir='ltr'>excepto</span> <span class='ocrx_word' id='word_1_192' title='bbox 331 1983 515 2030; x_wconf 91' lang='lat' dir='ltr'>essendo</span> <span class='ocrx_word' id='word_1_193' title='bbox 533 1998 702 2030; x_wconf 88' lang='lat' dir='ltr'>venuto</span> <span class='ocrx_word' id='word_1_194' title='bbox 717 2001 797 2044; x_wconf 90' lang='lat' dir='ltr'>per</span> <span class='ocrx_word' id='word_1_195' title='bbox 811 1983 1185 2031; x_wconf 90' lang='lat' dir='ltr'>comandamento</span> <span class='ocrx_word' id='word_1_196' title='bbox 1204 1984 1272 2031; x_wconf 88' lang='lat' dir='ltr'>de’</span> <span class='ocrx_word' id='word_1_197' title='bbox 1288 1985 1462 2044; x_wconf 88' lang='lat' dir='ltr'>Signori</span> <span class='ocrx_word' id='word_1_198' title='bbox 1479 1985 1526 2030; x_wconf 90' lang='lat' dir='ltr'>in</span> <span class='ocrx_word' id='word_1_199' title='bbox 1543 1985 1740 2041; x_wconf 90' lang='lat' dir='ltr'>Firenze,</span> <span class='ocrx_word' id='word_1_200' title='bbox 1758 1984 1868 2031; x_wconf 91' lang='lat' dir='ltr'>hieri</span> <span class='ocrx_word' id='word_1_201' title='bbox 1884 1985 1947 2030; x_wconf 91' lang='lat' dir='ltr'>mi</span> 
     </span>
     <span class='ocr_line' id='line_1_24' title="bbox 127 2051 1947 2109; baseline 0.002 -12"><span class='ocrx_word' id='word_1_202' title='bbox 127 2069 271 2098; x_wconf 90' lang='lat' dir='ltr'>venne</span> <span class='ocrx_word' id='word_1_203' title='bbox 289 2069 314 2098; x_wconf 95' lang='lat' dir='ltr'>a</span> <span class='ocrx_word' id='word_1_204' title='bbox 329 2052 503 2098; x_wconf 92' lang='lat' dir='ltr'>visitare</span> <span class='ocrx_word' id='word_1_205' title='bbox 521 2069 614 2098; x_wconf 94' lang='lat' dir='ltr'>uno</span> <span class='ocrx_word' id='word_1_206' title='bbox 631 2052 822 2099; x_wconf 89' lang='lat' dir='ltr'>Viviano</span> <span class='ocrx_word' id='word_1_207' title='bbox 842 2051 897 2099; x_wconf 92' lang='lat' dir='ltr'>da</span> <span class='ocrx_word' id='word_1_208' title='bbox 912 2051 1041 2099; x_wconf 92' lang='lat' dir='ltr'>Colle</span> <span class='ocrx_word' id='word_1_209' title='bbox 1060 2051 1175 2109; x_wconf 92' lang='lat' dir='ltr'>[che]</span> <span class='ocrx_word' id='word_1_210' title='bbox 1191 2067 1258 2099; x_wconf 90' lang='lat' dir='ltr'>sta</span> <span class='ocrx_word' id='word_1_211' title='bbox 1274 2053 1319 2098; x_wconf 93' lang='lat' dir='ltr'>in</span> <span class='ocrx_word' id='word_1_212' title='bbox 1337 2053 1534 2109; x_wconf 85' lang='lat' dir='ltr'>Firenze3</span> <span class='ocrx_word' id='word_1_213' title='bbox 1553 2052 1663 2100; x_wconf 85' lang='lat' dir='ltr'>disse</span> <span class='ocrx_word' id='word_1_214' title='bbox 1681 2052 1761 2100; x_wconf 91' lang='lat' dir='ltr'>che</span> <span class='ocrx_word' id='word_1_215' title='bbox 1781 2052 1947 2100; x_wconf 86' lang='lat' dir='ltr'>haveva</span> 
     </span>
     <span class='ocr_line' id='line_1_25' title="bbox 128 2119 1946 2177; baseline 0.001 -11"><span class='ocrx_word' id='word_1_216' title='bbox 128 2120 286 2176; x_wconf 90' lang='lat' dir='ltr'>inteso,</span> <span class='ocrx_word' id='word_1_217' title='bbox 309 2134 352 2166; x_wconf 92' lang='lat' dir='ltr'>et</span> <span class='ocrx_word' id='word_1_218' title='bbox 371 2138 619 2167; x_wconf 88' lang='lat' dir='ltr'>accennava</span> <span class='ocrx_word' id='word_1_219' title='bbox 637 2119 718 2167; x_wconf 90' lang='lat' dir='ltr'>che</span> <span class='ocrx_word' id='word_1_220' title='bbox 739 2119 970 2167; x_wconf 87' lang='lat' dir='ltr'>l’avessino</span> <span class='ocrx_word' id='word_1_221' title='bbox 993 2120 1124 2167; x_wconf 90' lang='lat' dir='ltr'>decto</span> <span class='ocrx_word' id='word_1_222' title='bbox 1142 2124 1179 2167; x_wconf 93' lang='lat' dir='ltr'>e’</span> <span class='ocrx_word' id='word_1_223' title='bbox 1202 2121 1392 2168; x_wconf 88' lang='lat' dir='ltr'>ministri</span> <span class='ocrx_word' id='word_1_224' title='bbox 1414 2120 1515 2168; x_wconf 91' lang='lat' dir='ltr'>dell&#39;</span> <span class='ocrx_word' id='word_1_225' title='bbox 1538 2125 1663 2177; x_wconf 87' lang='lat' dir='ltr'>Arte,</span> <span class='ocrx_word' id='word_1_226' title='bbox 1684 2121 1764 2168; x_wconf 93' lang='lat' dir='ltr'>che</span> <span class='ocrx_word' id='word_1_227' title='bbox 1785 2122 1861 2168; x_wconf 90' lang='lat' dir='ltr'>voi</span> <span class='ocrx_word' id='word_1_228' title='bbox 1884 2122 1946 2168; x_wconf 92' lang='lat' dir='ltr'>eri</span> 
     </span>
     <span class='ocr_line' id='line_1_26' title="bbox 128 2187 1948 2266; baseline 0.001 -31"><span class='ocrx_word' id='word_1_229' title='bbox 128 2187 435 2235; x_wconf 88' lang='lat' dir='ltr'>malcontento</span> <span class='ocrx_word' id='word_1_230' title='bbox 467 2187 590 2235; x_wconf 92' lang='lat' dir='ltr'>che</span> <span class='ocrx_word' id='word_1_231' title='bbox 579 2206 624 2235; x_wconf 89' lang='lat'>10</span> <span class='ocrx_word' id='word_1_232' title='bbox 657 2188 823 2236; x_wconf 90' lang='lat' dir='ltr'>havessi</span> <span class='ocrx_word' id='word_1_233' title='bbox 853 2188 1025 2249; x_wconf 87' lang='lat' dir='ltr'>parlato</span> <span class='ocrx_word' id='word_1_234' title='bbox 1056 2188 1100 2236; x_wconf 87' lang='lat' dir='ltr'>di</span> <span class='ocrx_word' id='word_1_235' title='bbox 1131 2204 1281 2250; x_wconf 89' lang='lat' dir='ltr'>queste</span> <span class='ocrx_word' id='word_1_236' title='bbox 1310 2207 1444 2250; x_wconf 90' lang='lat' dir='ltr'>spese.</span> <span class='ocrx_word' id='word_1_237' title='bbox 1478 2189 1628 2237; x_wconf 89' lang='lat' dir='ltr'>Dissili</span> <span class='ocrx_word' id='word_1_238' title='bbox 1661 2207 1754 2236; x_wconf 92' lang='lat' dir='ltr'>non</span> <span class='ocrx_word' id='word_1_239' title='bbox 1783 2204 1948 2266; x_wconf 85' lang='lat' dir='ltr'>poteva</span> 
     </span>
     <span class='ocr_line' id='line_1_27' title="bbox 127 2255 1939 2318; baseline 0.001 -15"><span class='ocrx_word' id='word_1_240' title='bbox 127 2274 265 2304; x_wconf 90' lang='lat' dir='ltr'>essere</span> <span class='ocrx_word' id='word_1_241' title='bbox 284 2274 406 2312; x_wconf 90' lang='lat' dir='ltr'>vero,</span> <span class='ocrx_word' id='word_1_242' title='bbox 423 2255 585 2317; x_wconf 91' lang='lat' dir='ltr'>perche</span> <span class='ocrx_word' id='word_1_243' title='bbox 605 2275 698 2304; x_wconf 95' lang='lat' dir='ltr'>non</span> <span class='ocrx_word' id='word_1_244' title='bbox 719 2256 889 2304; x_wconf 89' lang='lat' dir='ltr'>havevo</span> <span class='ocrx_word' id='word_1_245' title='bbox 906 2256 1025 2304; x_wconf 83' lang='lat' dir='ltr'>facto</span> <span class='ocrx_word' id='word_1_246' title='bbox 1042 2275 1097 2304; x_wconf 93' lang='lat' dir='ltr'>ne</span> <span class='ocrx_word' id='word_1_247' title='bbox 1114 2257 1285 2318; x_wconf 84' lang='lat' dir='ltr'>parlato</span> <span class='ocrx_word' id='word_1_248' title='bbox 1304 2257 1421 2305; x_wconf 78' lang='lat' dir='ltr'>fuori</span> <span class='ocrx_word' id='word_1_249' title='bbox 1441 2257 1486 2305; x_wconf 91' lang='lat' dir='ltr'>di</span> <span class='ocrx_word' id='word_1_250' title='bbox 1501 2272 1651 2305; x_wconf 91' lang='lat' dir='ltr'>vostra</span> <span class='ocrx_word' id='word_1_251' title='bbox 1668 2258 1939 2305; x_wconf 88' lang='lat' dir='ltr'>commissio-</span> 
     </span>
     <span class='ocr_line' id='line_1_28' title="bbox 128 2325 1943 2387; baseline 0.001 -16"><span class='ocrx_word' id='word_1_252' title='bbox 128 2342 196 2372; x_wconf 91' lang='lat' dir='ltr'>ne.</span> <span class='ocrx_word' id='word_1_253' title='bbox 219 2329 274 2372; x_wconf 92' lang='lat' dir='ltr'>Et</span> <span class='ocrx_word' id='word_1_254' title='bbox 299 2325 647 2382; x_wconf 90' lang='lat' dir='ltr'>nientedimeno,</span> <span class='ocrx_word' id='word_1_255' title='bbox 672 2343 765 2372; x_wconf 94' lang='lat' dir='ltr'>non</span> <span class='ocrx_word' id='word_1_256' title='bbox 787 2325 989 2386; x_wconf 92' lang='lat' dir='ltr'>potendo</span> <span class='ocrx_word' id='word_1_257' title='bbox 1011 2327 1161 2373; x_wconf 89' lang='lat' dir='ltr'>venire</span> <span class='ocrx_word' id='word_1_258' title='bbox 1184 2344 1208 2373; x_wconf 95' lang='lat' dir='ltr'>a</span> <span class='ocrx_word' id='word_1_259' title='bbox 1229 2327 1318 2382; x_wconf 89' lang='lat' dir='ltr'>voi,</span> <span class='ocrx_word' id='word_1_260' title='bbox 1342 2330 1402 2373; x_wconf 90' lang='lat' dir='ltr'>m’</span> <span class='ocrx_word' id='word_1_261' title='bbox 1407 2326 1429 2373; x_wconf 86' lang='grc' dir='ltr'>ὲ</span> <span class='ocrx_word' id='word_1_262' title='bbox 1450 2344 1581 2387; x_wconf 86' lang='lat' dir='ltr'>parso</span> <span class='ocrx_word' id='word_1_263' title='bbox 1603 2327 1878 2374; x_wconf 90' lang='lat' dir='ltr'>scrivervene</span> <span class='ocrx_word' id='word_1_264' title='bbox 1901 2341 1943 2373; x_wconf 91' lang='lat' dir='ltr'>et</span> 
     </span>
     <span class='ocr_line' id='line_1_29' title="bbox 128 2392 1946 2451; baseline 0.002 -12"><span class='ocrx_word' id='word_1_265' title='bbox 128 2392 370 2440; x_wconf 88' lang='lat' dir='ltr'>ricordarvi</span> <span class='ocrx_word' id='word_1_266' title='bbox 390 2393 470 2440; x_wconf 90' lang='lat' dir='ltr'>che</span> <span class='ocrx_word' id='word_1_267' title='bbox 492 2393 562 2440; x_wconf 80' lang='lat' dir='ltr'>cio</span> <span class='ocrx_word' id='word_1_268' title='bbox 582 2393 693 2441; x_wconf 91' lang='lat' dir='ltr'>che</span> <span class='ocrx_word' id='word_1_269' title='bbox 682 2411 726 2441; x_wconf 89' lang='lat'>10</span> <span class='ocrx_word' id='word_1_270' title='bbox 748 2393 822 2450; x_wconf 86' lang='lat' dir='ltr'>ho,</span> <span class='ocrx_word' id='word_1_271' title='bbox 845 2412 890 2440; x_wconf 91' lang='lat' dir='ltr'>m</span> <span class='ocrx_word' id='word_1_272' title='bbox 894 2397 1032 2441; x_wconf 89' lang='lat' dir='ltr'>’avete</span> <span class='ocrx_word' id='word_1_273' title='bbox 1052 2394 1156 2441; x_wconf 90' lang='lat' dir='ltr'>dato</span> <span class='ocrx_word' id='word_1_274' title='bbox 1175 2395 1250 2441; x_wconf 92' lang='lat' dir='ltr'>voi</span> <span class='ocrx_word' id='word_1_275' title='bbox 1271 2409 1313 2442; x_wconf 92' lang='lat' dir='ltr'>et</span> <span class='ocrx_word' id='word_1_276' title='bbox 1333 2394 1355 2442; x_wconf 84' lang='grc' dir='ltr'>ὲ</span> <span class='ocrx_word' id='word_1_277' title='bbox 1375 2395 1666 2442; x_wconf 84' lang='lat' dir='ltr'>interamente</span> <span class='ocrx_word' id='word_1_278' title='bbox 1684 2409 1852 2451; x_wconf 88' lang='lat' dir='ltr'>vostro,</span> <span class='ocrx_word' id='word_1_279' title='bbox 1875 2413 1946 2442; x_wconf 86' lang='lat' dir='ltr'>an·</span> 
     </span>
     <span class='ocr_line' id='line_1_30' title="bbox 127 2461 1943 2524; baseline 0.002 -17"><span class='ocrx_word' id='word_1_280' title='bbox 127 2479 232 2508; x_wconf 88' lang='lat' dir='ltr'>cora</span> <span class='ocrx_word' id='word_1_281' title='bbox 251 2461 293 2508; x_wconf 87' lang='lat' dir='ltr'>la</span> <span class='ocrx_word' id='word_1_282' title='bbox 311 2462 402 2508; x_wconf 91' lang='lat' dir='ltr'>vita</span> <span class='ocrx_word' id='word_1_283' title='bbox 422 2462 522 2508; x_wconf 89' lang='lat' dir='ltr'>mia.</span> <span class='ocrx_word' id='word_1_284' title='bbox 546 2466 600 2509; x_wconf 89' lang='lat' dir='ltr'>Et</span> <span class='ocrx_word' id='word_1_285' title='bbox 620 2461 815 2523; x_wconf 89' lang='lat' dir='ltr'>perche</span> <span class='ocrx_word' id='word_1_286' title='bbox 804 2480 849 2509; x_wconf 93' lang='grc'>10</span> <span class='ocrx_word' id='word_1_287' title='bbox 870 2463 914 2508; x_wconf 91' lang='lat' dir='ltr'>vi</span> <span class='ocrx_word' id='word_1_288' title='bbox 933 2462 1071 2523; x_wconf 86' lang='lat' dir='ltr'>parlai</span> <span class='ocrx_word' id='word_1_289' title='bbox 1091 2462 1201 2510; x_wconf 92' lang='lat' dir='ltr'>delle</span> <span class='ocrx_word' id='word_1_290' title='bbox 1220 2481 1340 2524; x_wconf 90' lang='lat' dir='ltr'>spese</span> <span class='ocrx_word' id='word_1_291' title='bbox 1364 2462 1411 2510; x_wconf 80' lang='lat' dir='ltr'>fu</span> <span class='ocrx_word' id='word_1_292' title='bbox 1431 2481 1475 2510; x_wconf 90' lang='lat' dir='ltr'>se</span> <span class='ocrx_word' id='word_1_293' title='bbox 1496 2462 1581 2510; x_wconf 86' lang='lat' dir='ltr'>tale</span> <span class='ocrx_word' id='word_1_294' title='bbox 1601 2462 1746 2510; x_wconf 86' lang='lat' dir='ltr'>utilita</span> <span class='ocrx_word' id='word_1_295' title='bbox 1768 2462 1943 2510; x_wconf 86' lang='lat' dir='ltr'>havesse</span> 
     </span>
     <span class='ocr_line' id='line_1_31' title="bbox 127 2529 1942 2591; baseline 0.002 -16"><span class='ocrx_word' id='word_1_296' title='bbox 127 2529 288 2576; x_wconf 90' lang='lat' dir='ltr'>andare</span> <span class='ocrx_word' id='word_1_297' title='bbox 308 2530 354 2575; x_wconf 93' lang='lat' dir='ltr'>in</span> <span class='ocrx_word' id='word_1_298' title='bbox 375 2529 488 2585; x_wconf 83' lang='lat' dir='ltr'>altri,</span> <span class='ocrx_word' id='word_1_299' title='bbox 507 2529 669 2590; x_wconf 75' lang='lat' dir='ltr'>perche</span> <span class='ocrx_word' id='word_1_300' title='bbox 690 2531 752 2576; x_wconf 87' lang='lat' dir='ltr'>mi</span> <span class='ocrx_word' id='word_1_301' title='bbox 773 2530 926 2577; x_wconf 90' lang='lat' dir='ltr'>dicesti</span> <span class='ocrx_word' id='word_1_302' title='bbox 943 2530 1099 2577; x_wconf 88' lang='lat' dir='ltr'>havevi</span> <span class='ocrx_word' id='word_1_303' title='bbox 1118 2530 1219 2578; x_wconf 88' lang='lat' dir='ltr'>data</span> <span class='ocrx_word' id='word_1_304' title='bbox 1235 2530 1276 2578; x_wconf 94' lang='lat' dir='ltr'>la</span> <span class='ocrx_word' id='word_1_305' title='bbox 1295 2549 1391 2578; x_wconf 79' lang='lat' dir='ltr'>casa</span> <span class='ocrx_word' id='word_1_306' title='bbox 1406 2549 1487 2591; x_wconf 91' lang='lat' dir='ltr'>per</span> <span class='ocrx_word' id='word_1_307' title='bbox 1505 2531 1654 2591; x_wconf 91' lang='lat' dir='ltr'>quello</span> <span class='ocrx_word' id='word_1_308' title='bbox 1672 2545 1793 2578; x_wconf 89' lang='lat' dir='ltr'>stava</span> <span class='ocrx_word' id='word_1_309' title='bbox 1811 2549 1835 2578; x_wconf 90' lang='grc'>3</span> <span class='ocrx_word' id='word_1_310' title='bbox 1853 2532 1942 2578; x_wconf 91' lang='lat' dir='ltr'>voi.</span> 
     </span>
     <span class='ocr_line' id='line_1_32' title="bbox 127 2597 1943 2660; baseline 0.001 -16"><span class='ocrx_word' id='word_1_311' title='bbox 127 2601 181 2644; x_wconf 90' lang='lat' dir='ltr'>Et</span> <span class='ocrx_word' id='word_1_312' title='bbox 201 2597 480 2645; x_wconf 89' lang='lat' dir='ltr'>nondimeno</span> <span class='ocrx_word' id='word_1_313' title='bbox 498 2616 542 2645; x_wconf 90' lang='lat' dir='ltr'>se</span> <span class='ocrx_word' id='word_1_314' title='bbox 558 2598 703 2659; x_wconf 90' lang='lat' dir='ltr'>prima</span> <span class='ocrx_word' id='word_1_315' title='bbox 722 2616 815 2645; x_wconf 91' lang='lat' dir='ltr'>non</span> <span class='ocrx_word' id='word_1_316' title='bbox 831 2598 958 2659; x_wconf 88' lang='lat' dir='ltr'>parlo</span> <span class='ocrx_word' id='word_1_317' title='bbox 977 2616 1064 2646; x_wconf 94' lang='lat' dir='ltr'>con</span> <span class='ocrx_word' id='word_1_318' title='bbox 1081 2599 1170 2655; x_wconf 91' lang='lat' dir='ltr'>voi,</span> <span class='ocrx_word' id='word_1_319' title='bbox 1191 2617 1284 2646; x_wconf 91' lang='lat' dir='ltr'>non</span> <span class='ocrx_word' id='word_1_320' title='bbox 1302 2617 1357 2646; x_wconf 90' lang='lat' dir='ltr'>ne</span> <span class='ocrx_word' id='word_1_321' title='bbox 1376 2598 1472 2646; x_wconf 79' lang='lat' dir='ltr'>faro</span> <span class='ocrx_word' id='word_1_322' title='bbox 1486 2598 1565 2660; x_wconf 65' lang='lat' dir='ltr'>pisi</span> <span class='ocrx_word' id='word_1_323' title='bbox 1583 2598 1748 2660; x_wconf 86' lang='lat' dir='ltr'>parola,</span> <span class='ocrx_word' id='word_1_324' title='bbox 1768 2617 1862 2646; x_wconf 95' lang='lat' dir='ltr'>non</span> <span class='ocrx_word' id='word_1_325' title='bbox 1880 2600 1943 2645; x_wconf 92' lang='lat' dir='ltr'>mi</span> 
     </span>
    </p>
   </div>
   <div class='ocr_carea' id='block_1_9' title="bbox 126 2855 1948 3223">
    <p class='ocr_par' dir='ltr' id='par_1_9' title="bbox 126 2855 1948 3063">
     <span class='ocr_line' id='line_1_33' title="bbox 208 2855 1948 2906; baseline 0.001 -12"><span class='ocrx_word' id='word_1_326' title='bbox 208 2860 221 2875; x_wconf 80' lang='lat'>²</span> <span class='ocrx_word' id='word_1_327' title='bbox 232 2858 443 2894; x_wconf 82' lang='lat' dir='ltr'>Sacramoro</span> <span class='ocrx_word' id='word_1_328' title='bbox 459 2855 515 2894; x_wconf 91' lang='lat' dir='ltr'>‘de</span> <span class='ocrx_word' id='word_1_329' title='bbox 528 2855 753 2894; x_wconf 81' lang='lat' dir='ltr'>Menclociis&#39;</span> <span class='ocrx_word' id='word_1_330' title='bbox 765 2856 811 2895; x_wconf 87' lang='grc'>(13</span> <span class='ocrx_word' id='word_1_331' title='bbox 826 2858 964 2894; x_wconf 85' lang='lat' dir='ltr'>Rimjni</span> <span class='ocrx_word' id='word_1_332' title='bbox 976 2857 1171 2906; x_wconf 86' lang='lat'>(1424-82),</span> <span class='ocrx_word' id='word_1_333' title='bbox 1187 2858 1329 2906; x_wconf 85' lang='lat' dir='ltr'>serving</span> <span class='ocrx_word' id='word_1_334' title='bbox 1340 2857 1420 2895; x_wconf 87' lang='lat' dir='ltr'>first</span> <span class='ocrx_word' id='word_1_335' title='bbox 1433 2857 1659 2906; x_wconf 85' lang='lat' dir='ltr'>Sigismondo</span> <span class='ocrx_word' id='word_1_336' title='bbox 1676 2857 1863 2896; x_wconf 61' lang='lat' dir='ltr'>Malatffita</span> <span class='ocrx_word' id='word_1_337' title='bbox 1876 2857 1948 2895; x_wconf 86' lang='lat' dir='ltr'>and</span> 
     </span>
     <span class='ocr_line' id='line_1_34' title="bbox 126 2908 1944 2955; baseline 0.001 -8"><span class='ocrx_word' id='word_1_338' title='bbox 126 2908 225 2947; x_wconf 85' lang='lat' dir='ltr'>from</span> <span class='ocrx_word' id='word_1_339' title='bbox 242 2913 331 2947; x_wconf 87' lang='grc'>1464</span> <span class='ocrx_word' id='word_1_340' title='bbox 343 2909 408 2947; x_wconf 91' lang='lat' dir='ltr'>the</span> <span class='ocrx_word' id='word_1_341' title='bbox 421 2909 534 2948; x_wconf 64' lang='lat' dir='ltr'>dukoe</span> <span class='ocrx_word' id='word_1_342' title='bbox 549 2909 591 2948; x_wconf 83' lang='lat' dir='ltr'>of</span> <span class='ocrx_word' id='word_1_343' title='bbox 602 2909 730 2948; x_wconf 80' lang='lat' dir='ltr'>Milan.</span> <span class='ocrx_word' id='word_1_344' title='bbox 745 2913 804 2948; x_wconf 88' lang='lat' dir='ltr'>He</span> <span class='ocrx_word' id='word_1_345' title='bbox 818 2924 889 2948; x_wconf 76' lang='lat' dir='ltr'>was</span> <span class='ocrx_word' id='word_1_346' title='bbox 903 2910 1077 2949; x_wconf 65' lang='lat' dir='ltr'>Milanoee</span> <span class='ocrx_word' id='word_1_347' title='bbox 1091 2910 1317 2949; x_wconf 82' lang='lat' dir='ltr'>ambassador</span> <span class='ocrx_word' id='word_1_348' title='bbox 1331 2912 1371 2948; x_wconf 92' lang='lat' dir='ltr'>in</span> <span class='ocrx_word' id='word_1_349' title='bbox 1386 2910 1557 2949; x_wconf 89' lang='lat' dir='ltr'>Florence</span> <span class='ocrx_word' id='word_1_350' title='bbox 1569 2910 1668 2949; x_wconf 85' lang='lat' dir='ltr'>from</span> <span class='ocrx_word' id='word_1_351' title='bbox 1687 2914 1773 2949; x_wconf 87' lang='grc'>1468</span> <span class='ocrx_word' id='word_1_352' title='bbox 1786 2923 1827 2949; x_wconf 88' lang='lat' dir='ltr'>to</span> <span class='ocrx_word' id='word_1_353' title='bbox 1845 2914 1944 2955; x_wconf 83' lang='lat'>1473,</span> 
     </span>
     <span class='ocr_line' id='line_1_35' title="bbox 126 2961 1944 3011; baseline 0.002 -13"><span class='ocrx_word' id='word_1_354' title='bbox 126 2961 218 2999; x_wconf 87' lang='lat' dir='ltr'>then</span> <span class='ocrx_word' id='word_1_355' title='bbox 231 2962 272 2998; x_wconf 93' lang='lat' dir='ltr'>in</span> <span class='ocrx_word' id='word_1_356' title='bbox 289 2964 417 3006; x_wconf 90' lang='lat' dir='ltr'>Rome,</span> <span class='ocrx_word' id='word_1_357' title='bbox 436 2962 628 3010; x_wconf 80' lang='lat' dir='ltr'>becoming</span> <span class='ocrx_word' id='word_1_358' title='bbox 646 2962 782 3011; x_wconf 90' lang='lat' dir='ltr'>Bishop</span> <span class='ocrx_word' id='word_1_359' title='bbox 798 2962 839 3000; x_wconf 89' lang='lat' dir='ltr'>of</span> <span class='ocrx_word' id='word_1_360' title='bbox 854 2963 1024 3001; x_wconf 79' lang='lat' dir='ltr'>Piacenza</span> <span class='ocrx_word' id='word_1_361' title='bbox 1040 2962 1112 3001; x_wconf 85' lang='lat' dir='ltr'>and</span> <span class='ocrx_word' id='word_1_362' title='bbox 1124 2962 1216 3001; x_wconf 87' lang='lat' dir='ltr'>then</span> <span class='ocrx_word' id='word_1_363' title='bbox 1230 2965 1365 3007; x_wconf 77' lang='lat' dir='ltr'>Parma3</span> <span class='ocrx_word' id='word_1_364' title='bbox 1383 2977 1440 3001; x_wconf 88' lang='lat' dir='ltr'>see</span> <span class='ocrx_word' id='word_1_365' title='bbox 1458 2966 1635 3007; x_wconf 82' lang='lat' dir='ltr'>Lorenzo,</span> <span class='ocrx_word' id='word_1_366' title='bbox 1652 2966 1793 3007; x_wconf 77' lang='lat' dir='ltr'>Leuere,</span> <span class='ocrx_word' id='word_1_367' title='bbox 1811 2966 1836 3007; x_wconf 88' lang='grc' dir='ltr'>Ι,</span> <span class='ocrx_word' id='word_1_368' title='bbox 1856 2967 1944 3001; x_wconf 84' lang='grc'>148-</span> 
     </span>
     <span class='ocr_line' id='line_1_36' title="bbox 126 3014 1212 3063; baseline 0.001 -11"><span class='ocrx_word' id='word_1_369' title='bbox 126 3017 183 3058; x_wconf 86' lang='grc'>49,</span> <span class='ocrx_word' id='word_1_370' title='bbox 202 3026 290 3052; x_wconf 92' lang='lat' dir='ltr'>note</span> <span class='ocrx_word' id='word_1_371' title='bbox 310 3017 340 3058; x_wconf 85' lang='lat'>1;</span> <span class='ocrx_word' id='word_1_372' title='bbox 359 3015 522 3058; x_wconf 75' lang='lat' dir='ltr'>Cei-ioni,</span> <span class='ocrx_word' id='word_1_373' title='bbox 540 3017 590 3052; x_wconf 80' lang='lat' dir='ltr'>La</span> <span class='ocrx_word' id='word_1_374' title='bbox 605 3014 816 3063; x_wconf 81' lang='lat' dir='ltr'>diplomazia</span> <span class='ocrx_word' id='word_1_375' title='bbox 831 3014 1002 3063; x_wconf 76' lang='lat' dir='ltr'>sfonesca,</span> <span class='ocrx_word' id='word_1_376' title='bbox 1022 3018 1047 3059; x_wconf 93' lang='lat'>1,</span> <span class='ocrx_word' id='word_1_377' title='bbox 1065 3018 1212 3053; x_wconf 85' lang='lat'>220-21.</span> 
     </span>
    </p>

    <p class='ocr_par' dir='ltr' id='par_1_10' title="bbox 127 3073 1946 3223">
     <span class='ocr_line' id='line_1_37' title="bbox 208 3073 1946 3123; baseline 0.001 -13"><span class='ocrx_word' id='word_1_378' title='bbox 208 3077 222 3092; x_wconf 76' lang='lat'><em>²</em></span> <span class='ocrx_word' id='word_1_379' title='bbox 239 3075 306 3111; x_wconf 93' lang='lat' dir='ltr'>On</span> <span class='ocrx_word' id='word_1_380' title='bbox 324 3076 339 3110; x_wconf 90' lang='lat'>1</span> <span class='ocrx_word' id='word_1_381' title='bbox 359 3073 569 3122; x_wconf 83' lang='lat' dir='ltr'>September</span> <span class='ocrx_word' id='word_1_382' title='bbox 589 3077 676 3111; x_wconf 88' lang='grc'>1469</span> <span class='ocrx_word' id='word_1_383' title='bbox 693 3073 757 3111; x_wconf 90' lang='lat' dir='ltr'>the</span> <span class='ocrx_word' id='word_1_384' title='bbox 774 3073 930 3112; x_wconf 84' lang='lat' dir='ltr'>Consuls</span> <span class='ocrx_word' id='word_1_385' title='bbox 948 3073 990 3112; x_wconf 87' lang='lat' dir='ltr'>of</span> <span class='ocrx_word' id='word_1_386' title='bbox 1004 3074 1067 3112; x_wconf 87' lang='lat' dir='ltr'>the</span> <span class='ocrx_word' id='word_1_387' title='bbox 1084 3074 1252 3112; x_wconf 83' lang='lat' dir='ltr'>Bankers&#39;</span> <span class='ocrx_word' id='word_1_388' title='bbox 1270 3074 1383 3112; x_wconf 85' lang='lat' dir='ltr'>Guild</span> <span class='ocrx_word' id='word_1_389' title='bbox 1398 3074 1546 3112; x_wconf 82' lang='lat' dir='ltr'>decided</span> <span class='ocrx_word' id='word_1_390' title='bbox 1562 3087 1603 3112; x_wconf 88' lang='lat' dir='ltr'>to</span> <span class='ocrx_word' id='word_1_391' title='bbox 1619 3075 1721 3123; x_wconf 84' lang='lat' dir='ltr'>paint</span> <span class='ocrx_word' id='word_1_392' title='bbox 1737 3074 1801 3112; x_wconf 92' lang='lat' dir='ltr'>the</span> <span class='ocrx_word' id='word_1_393' title='bbox 1819 3077 1946 3112; x_wconf 87' lang='lat' dir='ltr'>‘Arma</span> 
     </span>
     <span class='ocr_line' id='line_1_38' title="bbox 127 3125 1944 3175; baseline 0.001 -13"><span class='ocrx_word' id='word_1_394' title='bbox 127 3137 163 3162; x_wconf 91' lang='lat' dir='ltr'>et</span> <span class='ocrx_word' id='word_1_395' title='bbox 180 3126 336 3174; x_wconf 85' lang='lat' dir='ltr'>Insignia</span> <span class='ocrx_word' id='word_1_396' title='bbox 350 3126 451 3163; x_wconf 74' lang='lat' dir='ltr'>Artis</span> <span class='ocrx_word' id='word_1_397' title='bbox 467 3125 639 3174; x_wconf 82' lang='lat' dir='ltr'>predicte’</span> <span class='ocrx_word' id='word_1_398' title='bbox 657 3139 709 3163; x_wconf 93' lang='lat' dir='ltr'>on</span> <span class='ocrx_word' id='word_1_399' title='bbox 724 3125 821 3164; x_wconf 85' lang='lat' dir='ltr'>their</span> <span class='ocrx_word' id='word_1_400' title='bbox 835 3125 947 3164; x_wconf 86' lang='lat' dir='ltr'>house</span> <span class='ocrx_word' id='word_1_401' title='bbox 964 3127 1005 3163; x_wconf 87' lang='lat' dir='ltr'>in</span> <span class='ocrx_word' id='word_1_402' title='bbox 1020 3127 1088 3164; x_wconf 83' lang='lat' dir='ltr'>Via</span> <span class='ocrx_word' id='word_1_403' title='bbox 1106 3129 1224 3175; x_wconf 73' lang='lat' dir='ltr'>Larga,</span> <span class='ocrx_word' id='word_1_404' title='bbox 1243 3127 1296 3163; x_wconf 74' lang='lat' dir='ltr'>‘ln</span> <span class='ocrx_word' id='word_1_405' title='bbox 1310 3140 1381 3175; x_wconf 82' lang='lat' dir='ltr'>qua</span> <span class='ocrx_word' id='word_1_406' title='bbox 1398 3126 1442 3164; x_wconf 83' lang='lat' dir='ltr'>ad</span> <span class='ocrx_word' id='word_1_407' title='bbox 1457 3140 1601 3175; x_wconf 59' lang='lat' dir='ltr'>presens</span> <span class='ocrx_word' id='word_1_408' title='bbox 1620 3126 1757 3164; x_wconf 83' lang='lat' dir='ltr'>habitat</span> <span class='ocrx_word' id='word_1_409' title='bbox 1772 3126 1944 3164; x_wconf 85' lang='lat' dir='ltr'>dominus</span> 
     </span>
     <span class='ocr_line' id='line_1_39' title="bbox 128 3176 1626 3223; baseline 0.001 -8"><span class='ocrx_word' id='word_1_410' title='bbox 128 3176 378 3215; x_wconf 85' lang='lat' dir='ltr'>Bartolomeus</span> <span class='ocrx_word' id='word_1_411' title='bbox 398 3177 640 3216; x_wconf 83' lang='lat' dir='ltr'>Cancellarius</span> <span class='ocrx_word' id='word_1_412' title='bbox 656 3179 931 3222; x_wconf 88' lang='lat' dir='ltr'>Dominorum,&#39;</span> <span class='ocrx_word' id='word_1_413' title='bbox 951 3180 1038 3216; x_wconf 84' lang='lat' dir='ltr'>ASF</span> <span class='ocrx_word' id='word_1_414' title='bbox 1055 3181 1145 3216; x_wconf 89' lang='lat' dir='ltr'>Arte</span> <span class='ocrx_word' id='word_1_415' title='bbox 1160 3178 1199 3216; x_wconf 87' lang='lat' dir='ltr'>di</span> <span class='ocrx_word' id='word_1_416' title='bbox 1216 3178 1372 3216; x_wconf 88' lang='lat' dir='ltr'>Cambio</span> <span class='ocrx_word' id='word_1_417' title='bbox 1394 3182 1447 3223; x_wconf 88' lang='lat'>19,</span> <span class='ocrx_word' id='word_1_418' title='bbox 1464 3178 1528 3216; x_wconf 86' lang='lat' dir='ltr'>fol.</span> <span class='ocrx_word' id='word_1_419' title='bbox 1548 3182 1626 3216; x_wconf 84' lang='lat' dir='ltr'>53v.</span> 
     </span>
    </p>
   </div>
  </div>
 </body>
</html>
