2118 3444
215 162 304 203 160
1841 169 1980 204 PART
2004 170 2019 204 1

211 300 393 354 vostre.b
420 310 461 352 A
488 324 557 353 me
583 320 850 352 certamente
874 305 894 352 ὲ
921 305 1063 352 molto
1088 305 1163 366 piu
1187 320 1307 366 grata
1326 324 1406 367 per
1428 306 1466 353 le
1490 321 1636 354 vostre
1662 308 1792 354 mani.
1820 310 1903 355 Per
1923 308 2021 368 agio

210 376 511 422 scriv<er›emo
543 373 619 434 piu
655 392 679 421 a
709 374 857 434 pieno,
895 388 936 420 et
969 373 1226 434 ringratiero
1260 374 1300 421 la
1330 374 1496 422 Santita
1528 374 1571 421 di
1602 379 1775 422 Nostro
1809 376 2021 436 Signore‚⁰

212 461 339 490 come
362 443 630 490 saviamente
655 443 716 488 mi
742 442 971 489 ricordate.
994 441 1113 488 Vale.
1139 446 1203 488 Ex
1227 442 1450 489 Florentia
1472 442 1540 490 die
1564 447 1616 489 28
1642 444 1754 490 Iunii
1782 448 1900 491 1487.
1928 448 2026 491 Bar-

211 511 466 558 tholomeus
490 510 610 557 Scala
630 528 772 571 eques.

1083 652 1160 693 198

419 723 497 762 ΤΟ
519 723 819 762 ARDICINO
842 723 1024 761 DELLA
1046 722 1256 768 PORTA,
1278 724 1490 762 BISHOP
1513 724 1588 762 OF
1610 725 1818 762 ALERIA

937 792 1006 838 [30
1024 792 1136 840 June
1160 792 1299 838 1487]a

488 886 576 931 Bor,
596 882 663 923 fol.
684 887 738 923 4r.
756 882 982 935 Autograph
1003 882 1113 931 drast,
1133 882 1285 923 headed:
1310 884 1510 936 ‘Episcopo
1530 882 1742 924 Aleriensi.’

210 989 278 1034 Mi
304 987 589 1043 Alerien‹sis>‚
620 988 680 1033 mi
706 1001 905 1048 patrone.
935 986 1060 1046 Quid
1085 987 1216 1034 audio
1243 989 1342 1048 ego?
1370 989 1439 1034 Tu
1467 986 1590 1034 mihi¹
1614 987 1893 1048 pontificiam
1918 987 2021 1036 libe-

212 1056 429 1103 ralitatem
452 1055 621 1103 turbas?
647 1058 716 1102 Tu
741 1055 793 1102 de
817 1055 1036 1102 beneficio
1062 1053 1216 1102 demis²
1242 1055 1542 1103 Bartholomei
1566 1055 1710 1103 Scalae
1732 1057 1796 1103 tui
1821 1071 1863 1104 et
1886 1056 2021 1117 digni·
2073 1105 2078 1108 ,

211 1125 290 1171 tati
314 1124 572 1171 adversaris?
597 1124 857 1184 Dispeream
881 1124 915 1170 si
942 1123 986 1170 id
1010 1123 1283 1171 crediderim.
1308 1126 1419 1171 Tam
1444 1125 1589 1185 magni
1614 1125 1749 1172 animi
1774 1125 1854 1181 vir,
1879 1139 2025 1172 tantae

212 1193 511 1249 humanitatis,
532 1207 678 1239 tantae
693 1193 867 1239 virtutis
886 1210 977 1239 non
995 1192 1168 1239 ornabit
1187 1210 1271 1253 pro
1287 1192 1464 1249 viribus,
1486 1210 1578 1240 non
1596 1194 1762 1240 maiora
1780 1207 1822 1240 et
1838 1192 2022 1241 meliora

211 1260 339 1307 faciet
355 1260 584 1316 beneficia,
604 1278 652 1307 ea
666 1258 939 1320 praesertim3
959 1278 1067 1320 quae
1086 1261 1131 1306 in
1149 1261 1312 1307 amicos
1329 1261 1480 1321 suique
1500 1261 1779 1308 observantes
1798 1260 2024 1309 conferen-

211 1328 265 1376 da
292 1329 517 1375 venerint?
547 1332 658 1375 Non
690 1343 751 1375 est
783 1328 827 1375 id
856 1343 983 1375 tuum
1015 1343 1087 1375 aut
1118 1327 1256 1375 istius⁴
1288 1328 1397 1376 adeo
1429 1329 1614 1389 ingentis
1645 1330 1780 1376 animi
1811 1347 1901 1390 quo
1931 1343 2023 1377 tam

211 1396 351 1444 multa
374 1411 415 1444 et
439 1397 631 1444 maxima
651 1395 955 1457 perficiuntur.
981 1396 1108 1443 Nihil
1133 1411 1194 1444 est
1218 1398 1352 1458 magis
1375 1415 1502 1444 suum
1529 1415 1682 1444 eorum
1707 1398 1781 1458 qui
1802 1412 2020 1458 praestare

212 1465 468 1512 hominibus
502 1466 707 1512 nituntur
736 1465 993 1512 liberalitate
1024 1480 1152 1526 atque
1181 1465 1484 1513 beneficentia.
1517 1470 1613 1513 Hae
1642 1483 1749 1513 vero
1778 1480 1879 1513 sunt
1911 1480 2023 1514 artes

211 1552 320 1594 quae
342 1533 510 1580 facilius
532 1551 664 1594 quam
687 1531 872 1580 ceterae⁵
890 1533 1144 1580 mortalium
1170 1551 1235 1580 res
1253 1534 1500 1594 perducunt
1523 1533 1577 1581 ad
1597 1533 1818 1594 dignitatis
1835 1534 2022 1595 praecla-

211 1603 347 1649 riores
375 1601 543 1662 gradus.
573 1601 774 1648 Tandem
803 1601 921 1648 nulla
948 1619 991 1648 re
1017 1602 1199 1662 propius
1230 1601 1474 1649 accedimus
1500 1601 1554 1649 ad
1579 1601 1683 1649 deos
1710 1620 1842 1662 quam
1868 1601 2022 1649 dandis

209 1669 448 1717 beneficiis.
480 1672 549 1717 Tu
582 1687 758 1730 quoque
788 1684 835 1717 ut
867 1670 912 1716 in
942 1687 1011 1717 me
1040 1669 1330 1717 beneficiosus
1360 1670 1416 1717 sis
1443 1669 1690 1731 plusculum
1723 1669 1912 1731 largiter,
1941 1688 2023 1718 oro

210 1739 343 1786 etiam
366 1753 496 1799 atque
518 1739 664 1795 etiam,
689 1735 750 1785 et⁶
772 1737 852 1785 hac
874 1756 1049 1799 quoque
1076 1739 1119 1784 in
1143 1756 1187 1785 re
1210 1738 1263 1786 ad
1285 1739 1475 1786 maxima
1496 1756 1583 1786 esse
1605 1753 1647 1786 te
1670 1753 1823 1786 natum
1845 1736 1912 1786 ut7
1935 1756 2022 1786 me-

211 1808 403 1854 mineris.
423 1811 584 1868 Neque
599 1821 656 1863 te,
673 1806 940 1863 mihicrede,
957 1807 1241 1854 Laurentium
1258 1806 1532 1854 adornavisse
1548 1807 1728 1864 Scalam‚
1745 1821 1954 1868 nepotem
1971 1825 2024 1855 ex

211 1875 343 1922 fratre
364 1869 550 1931 meum,b
572 1893 669 1922 mea
688 1876 824 1936 gratia
842 1893 1037 1936 unquam
1058 1875 1311 1936 paenitebit.
1331 1879 1442 1922 Non
1464 1876 1582 1922 enim
1603 1876 1648 1922 in
1670 1875 1935 1923 obliviosum
1959 1893 2023 1923 ac-

211 1942 343 2004 cepti⁸
366 1943 571 1991 beneficii
594 1942 792 2004 operam9
817 1943 1066 1991 contuleris.
1090 1943 1209 1991 Vale.

1082 2086 1158 2127 199

765 2155 842 2195 TO
865 2156 1013 2195 POPE
1034 2155 1347 2196 INNOCENT
1368 2158 1472 2196 VIII

935 2227 986 2264 30
1003 2227 1115 2275 June
1138 2227 1298 2273 [148712

294 2320 383 2365 Bor,
406 2316 472 2357 fol.
497 2322 601 2357 4r-v.
620 2317 847 2370 Autograph
870 2316 980 2365 draft,
1002 2317 1125 2370 partly
1149 2318 1393 2357 overwritten
1417 2317 1468 2370 by
1489 2332 1509 2358 a
1529 2317 1622 2357 later
1643 2316 1757 2365 hand,
1780 2316 1933 2357 headed:

295 2374 533 2413 ‘Innocentio
555 2376 652 2421 Vm,
673 2375 816 2425 papae.'

210 2477 532 2524 Permolestum
562 2491 638 2533 est,
666 2478 933 2524 sanctissime
962 2491 1003 2524 et
1028 2477 1272 2524 beatissime
1300 2491 1437 2538 pater,
1466 2478 1524 2524 ita
1548 2476 1830 2524 interturbari
1857 2476 1967 2523 mihi
1995 2494 2019 2524 a

210 2546 421 2592 ministris
440 2546 525 2592 tuis
541 2560 669 2592 tuum
686 2544 968 2602 beneficium,
986 2545 1108 2606 quod
1123 2545 1232 2592 adeo
1248 2545 1433 2606 benigne
1450 2559 1578 2606 atque
1595 2544 1834 2592 clementer
1846 2548 1873 2602 †
1887 2562 2020 2606 quan·

210 2628 301 2661 tam
329 2617 355 2670 †
381 2614 482 2670 iam,
511 2614 545 2660 si
572 2632 674 2661 vera
698 2613 843 2670 audio,
873 2614 918 2660 in
945 2614 1229 2660 Laurentium
1257 2613 1437 2670 Scalam,
1464 2627 1672 2674 nepotem
1700 2631 1752 2660 ex
1779 2611 1911 2660 fratre
1936 2630 2022 2660 me·

289 2837 304 2861 ¹³
322 2845 384 2880 See
402 2842 508 2886 Scala,
531 2846 594 2880 109
612 2846 763 2888 [64-65}
785 2842 856 2880 and
871 2842 976 2880 letter
991 2846 1059 2879 200
1077 2842 1205 2880 below.

290 2905 303 2919 ⁰
321 2904 498 2939 Innocent
514 2904 606 2945 VIII,
625 2900 669 2939 cf.
687 2900 793 2939 letter
811 2904 873 2939 199
893 2900 1022 2939 below.

290 2964 302 2978 ²
321 2962 393 2996 For
408 2958 471 2996 the
488 2958 579 3003 date,
598 2973 654 2996 see
673 2958 793 2996 letters
814 2962 877 2996 197
895 2958 1019 3002 above,
1042 2961 1104 2996 199
1123 2957 1193 2996 and
1210 2961 1276 2996 200
1294 2957 1423 2995 below.

289 3012 305 3036 ¹³
322 3020 487 3054 Lorenzo
506 3031 576 3054 was
593 3017 656 3054 the
671 3031 740 3054 son
756 3016 797 3054 of
811 3016 956 3054 Andrea
971 3016 1077 3061 Scala,
1096 3016 1355 3054 Bartolomeo's
1370 3030 1534 3064 younger
1548 3015 1708 3060 brother;
1724 3016 1763 3052 in
1781 3018 1867 3053 1489
1883 3014 1930 3053 he
1946 3028 2017 3053 was

201 3069 391 3117 familiaris
412 3070 452 3105 in
469 3068 532 3106 the
553 3068 757 3106 household
774 3068 816 3106 of
835 3069 1021 3106 Giovanni
1036 3068 1092 3106 de'
1113 3068 1256 3112 Medici,
1277 3067 1531 3116 subsequently
1550 3081 1646 3116 pope
1667 3070 1738 3105 Leo
1758 3070 1804 3111 X,
1824 3066 1930 3111 Scala,
1954 3069 2017 3104 109

208 3125 291 3168 [78],
312 3134 400 3159 note
421 3125 496 3166 139,
515 3125 651 3159 243—44
669 3125 843 3167 [163—64J.

290 3184 302 3198 ²
321 3182 393 3216 For
408 3178 472 3216 the
488 3178 580 3223 date,
599 3192 655 3216 see
673 3178 793 3216 letters
814 3182 878 3216 197
896 3178 1009 3216 above
1027 3177 1097 3216 and
1114 3181 1180 3215 200
1198 3177 1327 3215 below.
