2118 3444
132 174 1940 231 QQQQ-——A

134 318 230 367 mi¹⁵
261 319 414 367 audito
440 320 600 366 nuntio
628 319 686 366 ob
715 319 925 366 laetitiam
951 319 1140 375 excitati3
1167 334 1294 366 tanto
1318 319 1466 366 subito
1495 337 1591 379 spes
1618 317 1817 366 affulsit¹⁶
1845 337 1937 366 om-

134 389 257 435 nium
285 388 442 435 animis
466 405 519 434 ex
543 390 659 443 Deo,
684 405 707 434 a
729 388 892 447 Spiritu
917 390 1079 434 Sancto
1102 384 1266 434 fuisse¹⁷
1291 388 1572 434 vocationem
1599 401 1734 434 tuam.
1761 390 1831 433 De
1858 405 1943 447 qua

133 455 312 517 quidem
336 473 431 511 nos,
457 469 506 502 ut
530 454 736 502 mandata
755 452 891 501 sunt18
918 469 1067 501 nostra
1091 454 1146 501 ad
1166 469 1208 501 te
1230 469 1403 501 senatus
1425 454 1666 515 populique
1693 454 1938 501 Florentini

133 523 505 571 observantissimi
524 523 589 570 tui
607 537 736 583 atque
754 522 855 569 huic
872 523 1164 570 sanctissimae
1182 522 1281 569 Sedi
1299 522 1596 579 addictissimi,
1614 540 1752 583 pauca
1767 540 1940 583 percur-

133 609 292 647 remus,
315 592 350 638 si
374 605 523 638 tamen
543 591 664 651 prius
689 590 902 638 nonnulla
927 590 979 637 de
1002 590 1211 651 dignitate
1231 589 1517 651 pontificatus
1541 605 1670 651 atque
1692 591 1783 637 eius
1806 590 1941 638 excel-

131 659 267 707 lentia
281 659 634 720 praemiserimus
653 673 716 715 ut,
734 658 951 719 explicato
968 658 1147 705 tandem
1164 658 1319 706 officio
1337 673 1491 706 nostro
1510 658 1562 706 de
1579 676 1670 719 quo
1687 659 1822 706 tertio
1838 658 1940 706 loco

132 727 369 775 dicendum
395 728 490 783 erit,
514 727 766 774 brevissime
794 726 1002 774 faciamus
1026 725 1254 774 orationi¹⁹
1280 726 1478 774 modum.
1507 729 1627 774 Tuae
1653 745 1770 774 nunc
1795 742 1940 788 partes

132 810 275 852 erunt,
301 795 546 843 beatissime
570 810 709 856 pater,
734 795 932 842 oblivisci
956 795 1137 856 paulum
1166 793 1434 842 maiestatis²⁰
1458 795 1726 856 pontificalis
1753 795 1939 843 humiles

132 861 500 924 incomptasque²¹
535 863 769 910 hominum
802 864 1023 910 orationes
1050 864 1311 924 penitusque
1341 864 1421 911 ista
1448 862 1709 911 divinitate²²
1741 863 1939 924 indignas

131 930 435 979 auditurum.²³

216 1001 415 1047 Primum
441 1001 585 1061 igitur,
611 1000 856 1047 beatissime
878 1015 1016 1061 pater,
1040 1018 1295 1048 revocamus
1319 1000 1373 1048 ad
1396 998 1751 1048 humanitatem²⁴
1776 1015 1819 1048 te
1841 1019 1937 1061 sup-

129 1068 429 1129 plicamusque
468 1068 550 1115 tibi
583 1083 631 1115 ut
669 1066 872 1124 induas‚²⁵
911 1068 1018 1116 dum
1056 1086 1136 1116 nos
1174 1068 1379 1116 mandata
1411 1083 1561 1116 nostra
1598 1070 1858 1130 exequimur
1894 1087 1943 1116 ac

131 1136 380 1184 facessimus
405 1137 528 1192 iussa,
555 1134 870 1183 clementiam²⁶
894 1137 1363 1197 mansuetudinemque
1390 1138 1587 1184 innatam
1610 1151 1652 1184 et
1672 1137 1938 1198 peculiarem

130 1204 225 1261 tibi,
262 1219 310 1251 ut
346 1222 437 1265 quo
474 1204 690 1251 humanae
725 1205 838 1251 vires
872 1222 965 1251 non
999 1219 1196 1265 possunt,
1235 1205 1503 1265 benignitate
1538 1205 1728 1252 vehiculi
1764 1220 1940 1252 tuarum

130 1273 302 1320 aurium
329 1272 636 1333 perducamur.
665 1277 776 1319 Non
804 1273 922 1319 enim
950 1290 1099 1320 sumus
1128 1291 1180 1320 ex
1207 1273 1334 1320 nobis
1363 1274 1443 1334 ipsi
1473 1273 1528 1320 ad
1552 1273 1867 1334 alloquendum
1897 1288 1940 1321 te

129 1340 412 1396 sufficientes,
445 1340 522 1387 sed
551 1340 817 1387 sufficientia
848 1355 998 1388 nostra
1030 1355 1079 1388 ut
1112 1359 1164 1388 ex
1195 1355 1238 1388 te
1270 1356 1430 1402 tuaque
1463 1341 1612 1388 divina
1642 1342 1696 1388 sit
1729 1343 1942 1402 sapientia

130 1426 302 1455 necesse
325 1422 400 1455 est.
424 1409 538 1467 Quis
560 1409 678 1455 enim
701 1423 875 1455 tantum
896 1406 1102 1464 audeat,²⁷
1122 1423 1171 1456 ut
1191 1410 1283 1456 sine
1306 1409 1458 1456 divino
1481 1409 1751 1456 adminiculo
1771 1424 1938 1470 tuoque

130 1494 224 1523 rem
258 1476 340 1523 sibi
375 1476 486 1523 adeo
518 1476 742 1536 grandem,
778 1476 888 1524 adeo
921 1494 1051 1537 supra
1083 1477 1196 1524 vires
1229 1477 1282 1524 de
1316 1495 1401 1538 qua
1434 1477 1548 1524 dicat
1580 1477 1727 1538 lingua
1762 1478 1939 1525 mortali

130 1544 464 1605 aggrediendam
480 1547 628 1605 putet?
647 1549 720 1592 Est
740 1545 859 1591 enim
877 1544 1163 1606 pontificatus
1182 1546 1260 1593 iste
1278 1563 1475 1593 summus
1496 1547 1799 1607 maximusque
1821 1561 1943 1594 tanta

127 1612 333 1673 profecto
354 1611 643 1660 excellentia²⁸
662 1627 711 1660 ut
733 1631 824 1660 non
847 1613 985 1660 modo
1007 1631 1099 1660 non
1121 1614 1308 1661 inveniri
1329 1615 1374 1660 in
1395 1615 1534 1670 terris,
1554 1614 1630 1662 sed
1651 1632 1704 1662 ne
1726 1616 1939 1675 excogita·

130 1681 166 1726 ri
191 1680 371 1741 quidem
397 1681 450 1727 ab
478 1680 659 1728 homine
688 1679 879 1728 melius29
905 1682 1139 1743 quicquam
1167 1697 1239 1729 aut
1266 1683 1404 1729 maius
1428 1683 1578 1743 possit.
1607 1687 1729 1730 Nam
1755 1684 1851 1743 quis
1878 1698 1940 1730 est

129 1749 204 1810 qui
222 1748 387 1796 referre
408 1750 524 1796 inter
545 1749 747 1796 homines
769 1753 918 1797 Deum
942 1765 983 1797 et
1004 1750 1237 1797 dominum
1262 1749 1499 1798 nostrum³⁰
1524 1755 1665 1798 Iesum
1689 1751 1934 1808 Christum,

129 1816 272 1864 filium
317 1818 417 1873 Dei,
461 1817 724 1864 salvatorem
768 1817 950 1865 humani
995 1819 1176 1878 generis,
1221 1820 1457 1880 erratisque
1498 1820 1730 1880 propitiari
1776 1821 1936 1867 nostris

129 1883 308 1946 queat,³¹
339 1903 392 1932 ex
420 1903 510 1946 quo
539 1885 609 1932 ille
638 1886 829 1933 ascendit
858 1887 903 1932 in
932 1886 1121 1933 caelum?
1148 1890 1352 1934 Summus
1382 1887 1598 1948 pontifex.
1630 1888 1744 1947 Quis
1774 1903 1836 1935 est
1864 1889 1939 1949 qui

128 1952 304 2013 ligandi,
328 1954 404 2014 qui
423 1953 623 2000 solvendi
647 1954 693 1999 in
713 1955 839 2001 terris
860 1955 1043 2001 retineat
1062 1969 1342 2015 potestatem,
1364 1956 1526 2016 quique
1546 1960 1703 2012 [curet]
1723 1956 1846 2016 quod
1867 1956 1938 2003 hic

128 2020 324 2081 ligaverit
358 2021 624 2082 solveritque
658 2022 703 2068 in
737 2022 863 2069 caelis
895 2041 1070 2083 quoque
1105 2022 1285 2083 ligatum
1320 2038 1362 2070 et
1392 2023 1587 2070 solutum
1621 2025 1697 2071 sit?
1729 2027 1935 2071 Summus

126 2088 343 2149 pontifex.
370 2090 484 2148 Quis
508 2088 709 2150 aperire³²
732 2090 838 2137 caeli
860 2090 987 2138 nobis
1010 2105 1173 2152 portas,
1198 2092 1294 2152 quis
1317 2091 1516 2139 claudere
1538 2091 1716 2139 edidicit
1738 2092 1937 2140 damnar-

128 2155 273 2217 eque³³
302 2172 344 2204 et
370 2157 471 2204 dare
495 2157 680 2204 salutem
709 2158 983 2206 hominibus?
1014 2162 1220 2206 Summus
1246 2159 1462 2220 pontifex.
1491 2163 1710 2217 Summus,
1741 2161 1936 2221 inquam,

126 2224 344 2285 pontifex,
363 2226 438 2286 qui
454 2230 547 2273 Iesu
565 2226 732 2273 Christi
748 2227 891 2274 vicem
906 2228 1015 2287 gerit
1031 2228 1076 2274 in
1093 2228 1231 2284 terris,
1249 2228 1410 2289 quique
1426 2228 1556 2289 longa
1570 2230 1840 2276 successione
1857 2247 1938 2290 per

128 2310 229 2340 eum
254 2294 391 2354 pascit
416 2293 692 2341 dominicum
717 2312 905 2355 gregem,
931 2296 1006 2356 qui
1030 2313 1054 2342 a
1078 2297 1285 2356 magistro
1310 2296 1457 2343 audire
1483 2298 1656 2344 meruit:
1685 2301 1856 2344 ‘Beatus
1881 2315 1937 2354 es,

126 2362 281 2408 Simon
310 2362 510 2418 Bariona,
538 2360 673 2422 quia³⁴
699 2381 801 2410 caro
827 2378 869 2410 et
892 2364 1062 2424 sanguis
1090 2382 1182 2411 non
1209 2364 1415 2412 revelavit
1440 2365 1535 2421 tibi,
1561 2365 1637 2412 sed
1662 2369 1790 2413 Pater
1813 2384 1936 2413 meus

128 2430 203 2489 qui
225 2444 287 2476 est
310 2430 355 2475 in
377 2430 515 2476 caelis.
538 2434 592 2477 Et
615 2448 695 2490 ego
717 2430 817 2478 dico
837 2429 967 2487 tibi,³⁵
991 2433 1093 2492 quia
1112 2447 1160 2479 tu
1182 2450 1225 2479 es
1245 2436 1396 2480 Petrus
1418 2448 1459 2480 et
1479 2451 1610 2494 super
1632 2433 1744 2481 hanc
1762 2449 1934 2494 petram

128 2496 407 2544 aedificabo³⁶
432 2498 657 2545 ecclesiam
682 2517 825 2546 meam
852 2514 894 2546 et
916 2515 1069 2560 portae
1094 2500 1222 2548 inferi
1248 2519 1339 2548 non
1363 2501 1676 2562 praevalebunt
1703 2502 1934 2550 adversum

128 2569 255 2621 eam’;
276 2567 529 2626 accepitque
548 2566 687 2614 claves
708 2568 828 2627 regni
847 2567 1082 2624 caelorum,
1103 2569 1294 2616 caelestis
1314 2570 1478 2630 insigne
1499 2571 1787 2630 magistratus,
1808 2571 1861 2618 ab
1881 2589 1935 2618 eo

128 2634 203 2693 qui
225 2633 393 2680 caelum
416 2651 607 2694 quoque,
631 2649 673 2681 et
694 2653 803 2695 quae
825 2635 930 2682 caeli
951 2634 1158 2683 ambitu³7
1179 2638 1478 2693 continentur,
1502 2639 1695 2685 creavit.“

212 2700 495 2761 Multiplices,
521 2701 766 2749 beatissime
792 2718 930 2763 pater,
955 2718 996 2750 et
1020 2704 1178 2751 diversi
1201 2719 1301 2752 sunt
1329 2723 1483 2752 eorum
1510 2707 1584 2766 qui
1609 2707 1762 2753 ceteris
1786 2706 1934 2767 aliquo

128 2768 267 2815 modo
289 2783 390 2816 sunt
414 2769 624 2829 praefecti
643 2770 812 2830 gradus,
837 2772 1020 2818 nomina
1044 2773 1151 2819 item
1170 2790 1254 2833 pro
1279 2791 1424 2820 rerum
1448 2773 1738 2834 locorumque
1763 2774 1937 2821 diversi-

127 2850 216 2883 tate
234 2837 471 2884 variantur.
491 2842 545 2884 Et
563 2853 708 2898 patres
726 2839 904 2899 quidem
924 2838 1107 2887 familias
1127 2840 1312 2887 domum
1334 2859 1417 2901 pro
1437 2841 1619 2888 arbitrio
1638 2841 1933 2902 gubernant;³⁸

128 2921 194 2950 res
222 2922 330 2951 vero
358 2904 554 2965 publicas
589 2906 861 2966 magistratus
893 2921 934 2954 et
963 2908 1195 2968 principes3
1230 2909 1442 2956 exercitus
1474 2909 1772 2970 imperatores3
1806 2928 1937 2970 regna

129 2989 258 3031 reges.
279 2972 363 3019 Sed
378 2973 535 3032 singuli
558 2974 602 3019 in
621 2991 808 3034 corpora
828 2974 965 3038 modo
985 2990 1187 3023 exercent
1205 2977 1453 3037 imperium3
1476 2977 1584 3023 nihil
1606 2978 1794 3024 omnino
1814 2978 1935 3038 quod

207 3190 221 3204 ⁶
237 3185 369 3223 Matth.
391 3190 569 3224 16:17-19.
