2124 3458
98 146 1906 206 Qffl—Q-—m

220 295 288 342 Sic
308 295 416 355 pira,
439 294 499 340 sic
521 307 562 340 et
582 310 724 353 pruna
744 291 901 347 solent,
923 292 984 338 sic
1004 292 1169 352 persica
1189 290 1335 346 condi;

221 363 390 409 Persica
409 361 485 408 sed
506 361 627 408 tenui
648 359 817 420 plantes
839 360 1014 419 regione
1037 358 1207 419 levique

221 430 405 490 Caprini
428 443 470 476 et
492 428 666 475 modios
690 427 869 474 florenti
891 426 1115 473 infundito
1137 426 1271 482 lactis,
1723 440 1784 471 535

220 497 380 544 Dulcia
400 497 435 543 si
458 497 604 556 cupias
627 496 879 555 maioraque
899 512 1035 554 poma
1058 493 1229 541 referre.

220 564 304 612 Sed
325 564 415 611 duo
436 578 537 611 sunt
560 580 731 624 genera,
754 562 944 623 haecque
965 562 1158 609 tenacius
1179 561 1345 608 ossibus
1372 561 1565 617 haerent,

220 634 411 680 Mittunt
434 631 506 679 illa
527 632 661 692 magis
683 648 859 678 carnem
881 644 923 677 et
943 629 1127 691 spoliata
1149 629 1415 690 relinquunt.

222 702 348 760 Quin
371 715 412 747 et
432 700 576 760 prima
598 698 721 755 feres,
742 699 776 746 si
800 699 968 746 consita
988 698 1199 758 Phyllidis
1222 712 1322 745 ante

222 772 349 828 Quae
372 767 503 815 fuerit
526 768 655 814 ramis
678 766 827 814 alienis
848 767 1014 827 persica
1035 765 1185 813 reddat
1724 780 1787 811 540

220 841 274 883 Et
297 835 487 883 referent
508 835 654 882 dulces
675 834 819 882 nuclei
842 834 894 882 de
915 849 1053 882 matre
1074 833 1324 881 medullam.

221 908 335 952 Ossa
358 905 531 950 minora
554 903 735 959 dabunt,
757 903 875 950 salici
895 904 930 950 si
953 903 1171 958 inseveris,
1194 903 1330 958 aiunt,

222 976 313 1019 Aut
336 990 486 1019 exossa
508 971 614 1018 cibis
637 970 745 1018 fient
768 986 809 1018 et
831 970 982 1018 mollia
1003 985 1109 1018 tota.

221 1040 372 1087 Arbor
394 1055 435 1087 at
457 1041 547 1100 ipsa
569 1039 712 1087 brevis
735 1057 827 1086 non
848 1039 977 1100 longe
1001 1040 1046 1085 in
1068 1053 1270 1100 tempora
1291 1038 1430 1086 durat:

220 1113 335 1169 Ergo
359 1126 494 1155 novas
516 1109 650 1155 serito
672 1123 713 1155 et
733 1107 892 1168 plantis
913 1125 1115 1155 succurre
1136 1108 1317 1154 vetustis
1724 1122 1786 1153 545

221 1176 348 1223 Prole
371 1176 465 1232 alia,
486 1175 751 1236 videantque
770 1194 892 1223 senes
913 1194 990 1223 sua
1012 1175 1210 1223 membra
1232 1190 1427 1236 nepotes.
1820 1188 1823 1191 ’

221 1314 385 1360 Punica
406 1330 487 1359 nec
506 1311 659 1373 grandi
679 1312 874 1373 pendent
896 1311 949 1359 de
968 1313 1115 1373 stipite
1138 1312 1263 1369 mala,

221 1381 420 1428 Grandia
441 1396 482 1428 et
504 1381 575 1428 illa
595 1395 759 1437 tamen3
781 1399 928 1442 carpes
948 1381 1136 1428 statione
1157 1380 1339 1428 serenda

221 1454 270 1496 In
291 1449 452 1510 tepida,
472 1450 625 1510 pingui
648 1468 828 1510 germen
849 1468 930 1497 nec
951 1449 1109 1497 defode
1130 1464 1257 1506 terra,

219 1517 299 1565 Vel
324 1517 446 1564 fibris
469 1518 662 1564 cinerem
684 1517 971 1574 circumdato,
994 1517 1136 1565 dulcia
1156 1517 1321 1565 reddet.
1724 1534 1787 1565 550

220 1585 358 1633 Arida
377 1587 412 1633 si
435 1585 562 1633 tellus
585 1585 729 1642 fuerit,
752 1585 860 1633 feret
882 1586 1003 1633 acida
1022 1586 1179 1634 mollis.

218 1654 302 1701 Sed
323 1672 377 1701 ne
399 1654 516 1714 lapsa
537 1654 693 1701 cadant
714 1669 847 1715 rupto
869 1654 922 1701 de
943 1655 1105 1702 cortice
1125 1673 1257 1715 grana

218 1726 271 1768 Et
293 1722 410 1768 succi
430 1736 625 1782 pereant,
648 1722 864 1769 radicibus
886 1722 1038 1769 addito
1056 1740 1169 1779 saxa,

218 1789 351 1836 Unde
374 1789 489 1836 foras
511 1791 656 1837 omnis
680 1789 859 1837 desudet
881 1791 1038 1837 noxius
1062 1790 1237 1847 humor;

218 1861 310 1904 Aut
333 1857 491 1904 trifidis
511 1857 634 1905 sulco
655 1859 846 1905 scissuris
870 1858 1013 1906 indito
1034 1858 1244 1920 plantam,
1722 1875 1783 1906 555

217 1930 290 1972 Ne
312 1940 469 1973 coeant
490 1944 662 1973 rursum
687 1927 857 1974 insertis
880 1926 1052 1974 discissa
1073 1927 1240 1988 lapillis.

218 1994 350 2040 Acria
370 1995 405 2040 si
428 1995 549 2054 cupis
572 1995 617 2040 in
640 1994 813 2041 dulcem
835 1994 1035 2042 trasferre
1055 2013 1270 2056 saporem,

216 2064 399 2108 Terram
421 2080 570 2122 sparge
594 2062 705 2109 fimo
726 2063 877 2123 pingui
902 2078 943 2110 et
965 2063 1164 2111 medeare
1184 2064 1325 2111 suillo.

216 2130 258 2177 Si
279 2131 344 2177 vis
366 2131 481 2186 vina,
504 2130 670 2178 dabunt
692 2132 792 2178 vitis
814 2132 999 2179 mentita
1018 2131 1237 2193 liquorem

215 2202 315 2245 Nec
337 2198 592 2246 errabundis
612 2199 797 2260 pedibus
821 2199 988 2247 factura
1005 2200 1219 2261 periclum
1719 2216 1783 2248 560

215 2270 314 2312 Nec
336 2281 513 2313 motura
535 2268 747 2323 animum,
771 2268 847 2315 sed
865 2268 1025 2328 pocula
1047 2283 1161 2316 casta
1180 2269 1345 2316 datura.

216 2334 376 2394 Aptius
399 2349 440 2381 at
463 2334 571 2380 nihil
595 2349 671 2391 est,
693 2336 727 2382 si
748 2350 899 2396 poscat
921 2337 1048 2383 vinea
1068 2354 1254 2397 saepem:

215 2401 414 2461 Virgulta
437 2403 639 2449 intexunt
662 2418 703 2450 et
723 2404 857 2464 spinis
882 2403 997 2451 furta
1019 2404 1233 2465 repellunt

215 2468 562 2530 Defenduntque
586 2470 739 2518 hortos
761 2471 1041 2532 violentaque
1063 2472 1264 2520 bracchia
1285 2473 1439 2533 figunt.

216 2536 578 2597 Hellespontiaco
600 2539 840 2598 gratissima
862 2539 980 2586 dona
1000 2539 1263 2601 Ithyphallo:
1718 2556 1780 2588 565

216 2608 346 2651 Hanc
367 2606 531 2652 etenim
554 2606 612 2652 ob
636 2624 807 2653 causam
828 2608 957 2654 sacris
978 2607 1151 2655 adolere
1172 2609 1328 2669 Priapi,

214 2676 278 2718 Ex
301 2671 383 2719 alia
403 2674 591 2720 vetitum
611 2674 763 2721 sobole
787 2674 1047 2722 subcendier
1068 2694 1170 2723 aras.

215 2740 455 2787 Parietibus
479 2741 683 2788 conclusa
705 2741 841 2789 latent
862 2760 962 2789 cum
984 2744 1149 2790 semine
1172 2762 1304 2804 grana

215 2810 471 2869 Cortexque
493 2808 547 2855 ad
567 2809 725 2856 multas
746 2811 972 2871 pariesque
994 2825 1056 2858 est
1078 2811 1340 2859 commodus
1364 2827 1487 2860 artes.

214 2879 329 2936 Ergo
352 2876 484 2923 etiam
505 2876 640 2924 solers
662 2895 716 2924 ne
738 2892 886 2925 temne
906 2880 1147 2939 putamina,
1170 2897 1304 2927 serva:
1717 2896 1780 2927 570

213 2947 334 2990 Nam
359 2943 467 2990 nihil
491 2945 537 2990 in
559 2959 659 2992 toto
681 2946 875 2993 invenias
897 2964 989 2994 non
1011 2947 1117 2994 utile
1137 2965 1289 3008 pomo.

213 3081 322 3125 Sunt
343 3079 452 3139 pira,
476 3080 584 3140 quin
607 3081 738 3127 etiam
759 3096 860 3128 sunt
884 3081 997 3129 mala
1018 3082 1205 3139 cidonia,
1229 3100 1337 3143 quae
1360 3101 1440 3130 nec

213 3149 277 3192 Ex
300 3146 390 3193 alto
412 3148 553 3207 capies
575 3165 655 3195 nec
675 3148 827 3208 grandi
848 3166 901 3196 ex
922 3149 1077 3197 arbore
1098 3149 1220 3197 lecta.
