2124 3458
227 184 316 225 382
1838 193 1976 226 PART
2001 193 2031 225 v

226 329 310 375 suit
345 325 423 374 et87
455 328 656 383 ‘siccine,'
692 328 849 388 inquit,
883 331 1098 374 ‘nostrum
1132 345 1310 384 numen,
1344 327 1464 388 quod
1496 346 1574 375 vos
1605 327 1796 375 fecistis⁸⁸
1828 329 2035 390 quodque

227 396 353 452 alitis,
379 393 504 445 ausi⁸⁹
529 396 628 442 estis
650 395 937 442 dehonestare
962 395 1098 442 oculis
1123 398 1138 442 ?
1163 399 1329 442 Caecos
1350 413 1428 442 vos
1451 397 1598 456 potius
1623 396 1796 443 finxisse
1821 398 2032 457 oportuit.

226 469 348 511 Nam
371 482 451 510 nos
473 462 678 524 profecto
697 463 765 510 vel
790 464 978 523 Lyncaei
997 461 1213 510 sumus.'90
1236 461 1331 509 Ex⁹¹
1358 482 1406 510 ea
1425 464 1581 511 iniuria
1604 464 1863 511 crediderim
1882 469 2035 512 Fortu-

228 550 330 579 nam
359 531 487 579 rebus
515 531 770 578 mortalium
800 545 890 578 tam
918 529 1105 578 duram⁹2
1135 529 1345 592 tamque⁹3
1375 531 1602 578 difficilem
1631 531 1790 579 factam
1815 550 1917 589 esse,
1946 547 2037 580 tam

226 598 388 660 saepe⁹⁴
414 599 704 646 adversariam
728 614 775 646 ut
800 599 954 646 ludum
982 617 1062 646 nos
1088 598 1237 646 fecerit
1262 599 1519 646 indecorum
1548 614 1589 646 et
1614 599 1749 646 rideat
1773 600 2033 661 plerumque

227 686 347 715 casus
371 682 546 715 nostros
571 667 862 714 inexorabilis.

998 808 1063 850 58.
1088 806 1269 850 Pactum

1025 872 1087 927 Bi,
1115 875 1245 917 11r-v

226 979 378 1022 ‹C›um
397 989 505 1022 esset
523 992 772 1022 muscarum
793 974 1074 1021 immundum
1094 975 1383 1035 pervicaxque
1397 993 1530 1035 genus
1548 976 1736 1022 maxime
1754 993 1846 1022 non
1862 974 2036 1036 pecudi—

226 1044 306 1091 bus
335 1043 472 1090 modo
499 1042 574 1090 sed
602 1043 774 1090 homini
803 1043 934 1090 etiam
961 1042 1292 1103 permolestum,
1322 1044 1528 1090 convenit
1558 1043 1729 1089 homini
1758 1061 1859 1090 cum
1889 1043 2034 1090 hirun-

227 1108 437 1159 dinibus⁹⁵
466 1126 513 1158 ut
540 1112 697 1158 muscis
723 1111 887 1158 bellum
917 1110 1011 1158 illae
1035 1126 1297 1172 perpetuum
1323 1110 1548 1167 inferrent,
1576 1111 1713 1158 homo
1741 1112 1855 1158 intra
1877 1111 2036 1159 domos

225 1180 304 1227 sub
332 1195 452 1227 tecto
476 1180 687 1240 reciperet
711 1197 851 1240 neque
876 1180 967 1225 vim
993 1178 1185 1226 inferret.
1211 1183 1348 1240 Super
1370 1179 1533 1226 lectum
1559 1180 1603 1225 in
1628 1179 1834 1236 triclinio,
1861 1180 1906 1225 in
1931 1179 2038 1227 nido

224 1248 334 1309 pulli
358 1248 472 1295 forte
494 1247 759 1295 coaluerant.
783 1252 898 1308 Ergo
920 1265 1008 1304 rex,
1030 1247 1211 1308 dapibus
1236 1247 1563 1308 munditiaeque
1583 1265 1858 1308 praecavens,
1881 1247 2036 1295 nidum

226 1317 373 1364 diruit.
398 1316 755 1363 Reclamantibus
779 1331 925 1363 autem
946 1315 1223 1377 multumque
1248 1315 1531 1363 stridentibus
1554 1316 1860 1363 hirundinibus
1886 1315 2038 1363 fidem-

226 1403 309 1446 que
344 1385 538 1432 hominis
574 1399 615 1432 et
646 1399 825 1445 pactum
859 1384 1210 1445 implorantibus,
1249 1384 1473 1445 respondit
1506 1384 1828 1445 paterfamilias:
1864 1387 1953 1431 ‘An
1986 1399 2034 1432 ut

226 1454 358 1500 etiam
382 1452 616 1500 foedaretis
637 1471 763 1500 cenas
781 1467 960 1513 pactum
984 1455 1066 1499 est?
1088 1453 1187 1499 Nisi
1212 1452 1461 1499 modestum
1482 1467 1661 1513 pactum
1682 1453 1750 1509 sit,
1775 1451 2037 1500 dissolvetur

223 1525 433 1582 pactum.’

975 1661 1041 1703 59.
1067 1660 1199 1703 Aetas
1220 1661 1291 1713 [ΙΙ]

992 1725 1054 1781 Bi,
1081 1729 1275 1771 11v-12v

225 1828 382 1875 Circus
404 1826 486 1874 fuit
509 1845 640 1888 quam
661 1826 906 1883 latissimus,
931 1845 1062 1887 quam
1085 1827 1312 1883 maximus,
1338 1826 1459 1873 nullo
1483 1841 1662 1873 ornatus
1682 1844 1837 1887 genere
1859 1844 1951 1873 non
1973 1826 2034 1872 in-

224 1897 369 1957 signis,
402 1914 534 1956 quem
566 1895 707 1942 nullae
740 1910 912 1942 nostrae
943 1913 1096 1942 manus
1125 1909 1385 1942 struxerant.
1414 1899 1587 1942 Natura
1616 1895 1705 1955 ipsa
1736 1894 2031 1941 nobilissimus

225 1964 489 2012 architectus
508 1963 792 2011 fabrefecerat
812 1963 1089 2024 formamque
1112 1963 1288 2010 dederat
1308 1963 1425 2010 nulla
1448 1978 1597 2010 nostra
1618 1962 1829 2010 industria
1850 1962 2036 2010 imitabi-

225 2033 325 2080 lem.
360 2033 577 2092 Regiones
610 2033 654 2078 in
688 2050 741 2079 eo
772 2031 963 2079 diversae
994 2046 1204 2092 quattuor
1234 2049 1320 2079 esse
1352 2031 1625 2078 videbantur.
1658 2031 1778 2078 Idem
1810 2045 1959 2078 tamen
1990 2031 2036 2077 in

226 2100 433 2147 omnibus
460 2100 664 2147 currendi
683 2100 811 2147 ludus
835 2114 938 2156 erat,
959 2118 982 2147 a
1002 2099 1244 2147 carceribus
1264 2099 1441 2160 singulis
1464 2099 1517 2146 ad
1537 2099 1699 2146 calcem
1717 2098 2032 2160 perveniebant

226 2169 406 2216 celerius
427 2166 682 2216 tardiusve⁹⁶
702 2187 785 2229 pro
808 2168 1126 2216 curriculorum
1151 2167 1423 2224 differentiis,
1445 2186 1553 2229 quae
1575 2167 1752 2228 quidem
1773 2167 2037 2214 videbantur

226 2237 579 2284 innumerabiles.
602 2237 911 2283 Brevissimum
933 2237 1060 2283 unius
1079 2236 1164 2283 diei
1181 2237 1322 2296 spatio
1340 2236 1633 2283 claudebatur.
1651 2236 1900 2282 Maximum
1919 2250 2036 2282 tene-

225 2305 330 2352 bant
360 2304 707 2364 Hamadryades,
735 2322 815 2351 nec
841 2305 941 2351 satis
969 2303 1160 2351 diffinita
1186 2304 1417 2364 longitudo
1446 2318 1547 2350 erat
1577 2308 1696 2350 Inter
1718 2304 1861 2350 varios
1889 2317 2036 2350 autem

226 2372 577 2433 multiplicesque
596 2373 671 2432 qui
688 2373 905 2419 interiecti
920 2371 1199 2432 apparebant,
1218 2389 1364 2418 cursus
1383 2371 1621 2418 nobiliores
1640 2385 1761 2418 erant
1779 2370 2027 2426 hominum,

226 2441 470 2496 cornicum,
498 2458 745 2496 cervorum,
773 2458 1024 2496 corvorum3
1052 2454 1092 2486 et
1118 2439 1318 2486 homines
1344 2439 1523 2500 quidem
1547 2457 1570 2486 a
1593 2438 1841 2485 cornicibus
1868 2439 2032 2494 novies,

226 2509 422 2556 cornices
449 2523 604 2569 quater
627 2526 650 2555 a
677 2509 827 2564 cervis,
854 2523 921 2555 ter
944 2526 967 2555 a
993 2509 1134 2555 corvis
1163 2508 1277 2555 cervi
1302 2507 1602 2555 vincebantur.
1631 2506 1829 2554 Phoenix
1856 2524 2032 2567 quoque

224 2595 422 2624 seorsum
452 2576 544 2624 sola
572 2576 817 2624 discurrens
845 2576 899 2623 ad
924 2575 1256 2636 Hamadryades
1283 2575 1512 2623 accedebat
1539 2593 1670 2636 quam
1699 2575 1831 2622 ceteri
1854 2575 2032 2636 propin-

226 2646 365 2706 quius.
388 2649 580 2706 ‘Operae
597 2646 790 2706 pretium
811 2659 871 2692 est
891 2663 1015 2692 nosse
1034 2644 1167 2705 quod,
1188 2645 1266 2691 etsi
1284 2644 1458 2704 longior
1474 2644 1619 2705 putari
1634 2644 1853 2704 principio
1873 2644 1942 2690 via
1957 2661 2034 2703 po-

225 2715 324 2770 tuit,
351 2728 501 2761 tamen
526 2713 602 2760 ubi
628 2728 891 2774 perventum
920 2728 1027 2760 esset
1054 2713 1108 2760 ad
1133 2727 1309 2768 metam,
1335 2713 1369 2759 si
1397 2713 1631 2773 respexeris
1654 2711 1722 2759 vel
1749 2712 2032 2758 coniunctam
2072 2708 2076 2712 “

226 2800 327 2829 cum
364 2781 608 2828 carceribus
642 2781 832 2828 iudices.'
871 2785 988 2828 Cum
1024 2799 1130 2828 vero
1165 2782 1208 2826 in
1245 2781 1329 2827 hoc
1364 2780 1581 2827 incidisset
1616 2780 1833 2826 ludicrum
1867 2779 2033 2839 peritus

226 2850 405 2910 quidam
435 2864 564 2910 atque
595 2864 781 2896 aetatem
809 2867 895 2896 esse
925 2867 1033 2909 quae
1063 2867 1239 2895 cursura
1268 2848 1321 2895 ad
1348 2848 1499 2895 datum
1528 2849 1768 2895 terminum
1798 2846 2033 2894 contende-

226 2916 327 2965 ret⁹7
350 2917 741 2973 animadvertisset,
765 2917 1128 2977 Hamadryadum
1153 2916 1323 2963 homini
1346 2931 1510 2963 sortem
1535 2915 1817 2963 desiderabat.
1839 2919 2033 2975 Respon-

226 2986 385 3033 derunt
410 2985 755 3045 Hamadryades:
785 2989 1011 3032 ‘Attamen
1036 2986 1179 3031 minus
1206 2985 1358 3031 vixisse
1382 2984 1640 3044 plerumque
1666 2984 1700 3030 si
1726 2997 1839 3030 recte
1862 2983 2034 3038 sentias,

227 3054 372 3100 minus
395 3054 618 3113 paenitet.'
