2072 3450
100 174 354 209 TEXTUAL
378 172 554 207 NOTES
1097 163 1155 204 V:
1188 165 1206 203 1
1811 163 1902 203 535

187 308 229 330 ¹⁴⁹
242 313 500 359 Lampsacenus
515 312 552 346 in
567 307 753 356 margadd.
770 309 847 351 Mo,
863 309 1080 356 Lapsacenus
1096 303 1151 343 Μ2

187 360 230 382 ¹⁵⁰
241 362 415 399 deserens:
430 361 601 398 disserens
616 357 673 397 Μ2

187 413 227 436 ¹⁵¹
241 429 323 464 ·que
336 426 493 463 mpmscr.
512 415 578 451 Mo

187 464 228 488 ¹⁵²
242 468 378 504 Crates:
395 465 656 503 Polemocrates
671 462 712 502 L²

187 518 251 541 ¹⁵³
243 532 474 558 immutantes
487 531 643 568 suprascr.
662 520 728 555 Mo

187 570 251 593 ¹⁵⁴
242 587 279 609 m
294 586 361 609 om.
378 569 419 608 L²

187 623 228 646 ¹⁵⁵
242 626 325 674 qui.
364 625 541 673 penitus:
555 623 671 661 adhuc
684 624 745 672 qui
759 623 902 660 auderet
916 637 934 660 e
947 623 1018 659 suis
1033 624 1099 659 Mo

187 675 228 698 ¹⁵⁶
242 678 382 714 Primus
397 677 527 713 Zeno
514 690 551 712 m
566 690 672 724 marg.
674 674 752 712 add.
769 677 835 712 Mo
851 674 965 722 (Zeno
974 685 1050 723 post
1064 674 1299 711 Polemonem
1311 673 1389 721 del.)

187 728 228 750 ¹⁵⁷
242 730 441 767 audivisset:
457 729 607 766 audisset
623 725 679 765 Μ2

187 780 227 803 ¹⁵⁸
242 794 372 831 aperte:
387 794 511 830 aperto
526 778 567 818 1.²
582 783 648 818 Mo

187 833 228 856 ¹⁵⁹
241 836 335 884 cepit
349 847 553 883 certamque
566 849 606 872 α
618 848 787 883 suamque
803 848 885 871 corr.
902 836 969 870 Mo

187 885 229 908 ¹⁶⁰
242 887 368 925 habuit
382 887 559 936 protinus:
573 887 693 924 statim
709 886 834 923 habuit
848 888 914 923 Mo

187 939 226 961 ¹⁶¹
241 953 325 978 sunt
338 955 405 978 om,
422 937 465 977 L²

187 990 228 1013 ¹⁶²
242 993 452 1041 nuncupati:
467 992 667 1040 nuncupari
680 988 722 1028 L²

187 1044 227 1067 ¹⁶³
241 1045 518 1105 condiscipulus:
533 1044 726 1093 discipulus
741 1042 797 1081 Μ2

187 1096 228 1118 ¹⁶⁴
242 1099 340 1135 enim
353 1110 389 1135 et
403 1099 476 1146 ipse
490 1112 530 1134 ex
542 1098 639 1134 enim
654 1100 700 1134 in.
717 1111 822 1145 marg.
826 1111 908 1133 corr.
925 1098 1003 1140 Mo,
1018 1097 1125 1133 etiam
1138 1108 1172 1133 et
1187 1097 1260 1144 ipse
1277 1095 1530 1143 (Palemonem)
1548 1092 1591 1132 L²

187 1149 227 1172 ¹⁶⁵
242 1151 465 1200 popularem:
481 1150 751 1199 populariorem
765 1147 808 1186 L²
821 1152 887 1186 Mo
890 1149 988 1198 ,son
1005 1160 1091 1186 recte

187 1202 229 1223 ¹⁶⁶
243 1203 385 1240 radices:
402 1202 518 1240 radios
533 1200 574 1239 L²

187 1254 229 1277 ¹⁶⁷
242 1268 383 1305 posset.
423 1256 598 1293 ‚Zenonh
612 1256 738 1293 Stoicis
751 1267 869 1304 posset
884 1255 1054 1292 obsistere
1069 1257 1135 1292 Mo

187 1306 228 1329 ¹⁶⁸
242 1323 262 1346 a
274 1309 412 1346 Stoicis.
427 1308 470 1345 ab
485 1307 553 1345 illis
566 1310 633 1345 Mo

187 1359 229 1382 ¹⁶⁹
242 1363 472 1411 primusque.
512 1361 713 1398 .induxisse
728 1375 794 1398 om.
811 1363 877 1398 Mo

187 1412 230 1434 ¹⁷⁰
242 1429 299 1451 ne:
314 1428 380 1451 nec
393 1391 497 1450 ΜΖ.

187 1465 227 1487 ¹⁷¹
242 1481 325 1504 cum
341 1497 349 1503 .
364 1497 372 1503 .
388 1496 396 1503 .
409 1467 517 1503 etiam
530 1481 569 1503 ex
581 1466 641 1503 sed
655 1467 762 1503 etiam
776 1465 867 1502 nihil
881 1480 951 1503 esse
966 1468 1004 1502 in
1019 1480 1210 1514 murgeorr.
1227 1467 1293 1502 Mo

187 1516 229 1539 ¹⁷²
242 1520 340 1556 enlm
354 1549 362 1556 .
378 1549 386 1556 .
402 1549 409 1556 .
422 1519 573 1568 putavit:
588 1519 686 1555 enim
700 1517 777 1555 fore
790 1519 929 1567 putavit
945 1517 1170 1566 (existimavit
1184 1517 1263 1565 Mo)
1279 1530 1319 1555 ut
1333 1519 1419 1555 MSS

242 1572 424 1610 omnibus:
440 1573 564 1610 omnia
577 1570 620 1609 L²

187 1623 229 1645 ¹⁷⁴
242 1639 314 1662 esse
327 1636 484 1673 suprascr.
502 1622 556 1668 L²,
570 1639 637 1661 om.
654 1626 720 1661 Mo

187 1676 228 1698 ¹⁷⁵
241 1678 431 1715 dubitavit:
446 1678 548 1714 omni
562 1677 690 1714 bitavit
702 1674 745 1714 L²

188 1728 214 1750 ¹⁷
214 1728 229 1750 ⁶
242 1729 335 1767 hanc
349 1730 447 1766 enim
458 1740 542 1766 ante
553 1729 638 1766 huic
649 1728 712 1766 del.
729 1731 795 1766 Mo

188 1570 228 1593 173

188 1781 229 1803 ¹⁷⁷
242 1783 458 1820 academiam
469 1794 545 1831 post
558 1782 738 1831 appellant
750 1782 813 1819 del.
829 1785 896 1820 Mo

187 1833 251 1855 ¹⁷⁸
243 1850 280 1872 m
293 1846 376 1872 ante
388 1849 522 1872 novam
534 1834 597 1872 del.
614 1837 680 1872 Mo

187 1886 229 1908 ¹⁷⁹
200 1888 443 1960 ⁸⁰Archesilas
456 1903 495 1925 ex
508 1888 705 1925 Polemone
717 1899 783 1936 sup.
788 1887 847 1924 lin.
852 1902 934 1925 corr.
953 1890 1019 1924 Mo

242 1940 451 1989 perductam
465 1955 504 1977 ex
517 1940 749 1989 perdurasse
736 1955 773 1977 m
789 1955 893 1988 marg.
897 1955 980 1977 corr.
997 1942 1075 1983 Mo;
1089 1939 1302 1989 productam
1316 1937 1359 1976 L²
1373 1937 1429 1977 M²

188 1991 227 2014 ¹⁸¹
200 1938 408 2031 ”mediam:
426 1993 542 2030 media
556 1996 622 2030 Mo

188 2043 284 2083 ¹⁸²ex
242 2057 454 2094 exsuprascr.
473 2048 539 2083 Mo

188 2097 228 2119 ¹⁸³
243 2099 498 2148 expugnandos
511 2110 668 2148 suprascr.
686 2101 752 2136 Mo

188 2149 229 2171 ¹⁸⁴
242 2151 534 2200 evertendosque:
549 2165 631 2200 ·que
646 2166 712 2188 om.
729 2153 795 2188 Mo

187 2202 228 2224 ¹¹⁵
242 2217 420 2253 urgerent:
435 2217 646 2253 urgerentur
659 2202 714 2241 Μ2

187 2254 229 2276 ¹⁸⁶
243 2269 421 2294 nacturos:
437 2269 577 2294 acturus
591 2254 634 2293 L²

188 2307 229 2330 ¹⁸⁷
242 2311 270 2347 si
284 2309 375 2347 nihil
389 2340 397 2347 .
414 2340 421 2347 .
436 2340 444 2347 .
458 2311 650 2347 consistere
663 2325 729 2347 om.
747 2312 813 2347 Mo

188 2359 228 2382 ¹⁸⁸
242 2364 347 2410 Quae
361 2363 459 2399 enim
471 2373 554 2399 ante
566 2374 647 2399 ante
660 2377 723 2399 esse
734 2362 796 2399 del.
813 2364 879 2399 Mo

188 2412 229 2434 ¹⁸⁹
242 2427 372 2463 posset:
388 2416 499 2463 possit
515 2417 581 2452 Mo

188 2464 230 2486 ¹⁹⁰
242 2466 342 2515 quod
355 2468 483 2504 veritas
495 2478 578 2504 ante
589 2467 649 2504 sed
662 2466 725 2504 del.
741 2469 807 2504 Mo

188 2517 227 2540 191
243 2521 304 2569 qui
318 2534 385 2557 om
402 2517 459 2557 M²

188 2570 229 2592 ¹⁹²
243 2573 458 2610 nominavit:
473 2573 695 2621 nuncupavit
708 2572 751 2610 ad
766 2572 859 2610 illius
873 2574 970 2610 enim
984 2574 1174 2622 imaginem
1189 2572 1323 2610 factum
1338 2572 1442 2610 fuisse
1456 2572 1547 2610 dixit
1561 2575 1627 2610 Mo

189 2623 229 2645 ¹⁹³
243 2625 416 2674 quosdam
431 2637 514 2663 ante
526 2640 652 2663 omnes
665 2625 727 2663 del.
744 2628 810 2663 Mo

188 2675 230 2697 ¹⁹⁴
243 2678 411 2726 posuisse:
429 2678 653 2715 constituisse
668 2680 734 2715 Mo

188 2728 229 2751 ¹⁹⁵
243 2745 324 2768 suae
339 2761 347 2768 .
362 2761 370 2768 .
386 2761 394 2768 .
407 2730 517 2768 ullam
530 2746 570 2768 ex
582 2731 736 2780 aliquam
751 2731 893 2769 adducit
907 2734 945 2769 in
960 2746 1065 2780 marg
1069 2746 1151 2769 corr.
1168 2734 1234 2769 Mo

189 2780 230 2802 ¹⁹⁶
243 2782 412 2820 adducor:
428 2782 573 2820 addicor
588 2780 629 2820 L²

189 2833 230 2856 ¹⁹⁷
243 2836 506 2885 discipulum..
521 2837 710 2874 .instituis:
723 2836 916 2886 discipulus
932 2836 983 2885 (α
996 2849 1031 2874 et
1046 2836 1147 2874 illum
1160 2836 1258 2885 corr.)
1274 2851 1357 2874 cum
1371 2836 1516 2874 fuisset
1507 2838 1615 2886 ipsius
1631 2837 1816 2874 retinuisse

189 2938 230 2961 ¹⁹⁸
241 2866 623 2990 Ἐῗῗῐῗῑὲῑιὲεῗῄιῗιῖιοα
635 2941 733 2979 illam
746 2954 865 2979 autem
880 2942 1122 2979 Carneadeam
1136 2942 1360 2991 disciplinam
1374 2956 1457 2979 corr.
1474 2944 1540 2979 Mo

189 2990 231 3013 ¹⁹⁹
243 2992 390 3031 demum
406 3005 541 3031 tutatus
554 3006 606 3031 est
619 2994 750 3031 Cicero
758 3005 835 3043 post
848 2995 1002 3031 maxime
1014 2993 1078 3032 del.
1094 2996 1160 3031 Mo

186 3044 232 3067 ²⁰⁰
244 3046 477 3084 Antiochus
464 3061 615 3096 mmarg
614 3046 702 3084 ‚add
718 3049 785 3085 Mo

187 3095 229 3118 ²⁰¹
187 3098 448 3188 mdssciscens:
463 3098 651 3188 ldescisceia
646 3096 713 3171 1242
727 3098 940 3148 degenerans
955 3101 1021 3136 Mo

187 3148 282 3188 102ιιι
300 3163 407 3188 ectus·
423 3165 460 3188 in
477 3163 597 3188 ectum
