2124 3464
203 156 261 197 86
1832 162 1970 196 PART
1996 163 2009 196 1

203 315 272 348 ata
288 314 450 356 vostra,
471 299 514 346 di
534 299 613 346 che
632 317 656 346 a
674 299 769 346 Pisa
788 298 953 346 havesti
973 299 1142 346 notitia.
1163 298 1234 346 Da
1254 298 1361 346 hora
1381 299 1483 346 noia
1503 317 1628 346 come
1647 317 1666 346 s
1670 299 1784 346 ’abbi
1805 317 1829 347 a
1846 299 2015 347 confer-

203 369 278 425 ire,
309 383 350 415 et
377 371 565 414 maxime
593 367 661 414 col
690 361 957 423 Vinitiano‚d
987 381 1138 428 questa
1164 366 1319 414 ultima
1347 370 1414 414 co’
1445 367 1634 428 capitoli.
1667 367 1817 415 Credo
1843 386 1952 428 pure
1979 369 2014 415 si

200 436 382 498 pigliera
411 435 594 497 qualche
625 435 781 482 forma.
814 439 848 481 Ε
877 436 1058 482 materia
1084 435 1327 496 pericolosa
1357 450 1398 482 et
1426 435 1480 483 da
1507 436 1665 483 errarci
1692 435 1942 484 facilmente
1970 450 2012 484 et

200 504 310 566 pero
335 504 514 552 sarebbe
540 504 650 551 bene
677 522 699 551 a
723 504 955 565 proposito
983 503 1028 550 lo
1052 504 1225 564 spaccio
1252 503 1374 560 costL
1402 503 1429 550 il
1455 503 1580 565 quale
1605 522 1765 551 ancora
1788 505 1831 551 vi
1858 505 2014 552 riman-

202 574 321 621 dasse
344 591 367 621 a
388 573 477 629 noi,
503 573 515 619 i
538 572 654 633 quali
676 590 802 620 come
823 572 879 633 gli
902 572 1066 620 sciochi
1089 573 1132 619 vi
1154 573 1463 633 cognosciamo
1486 572 1646 633 meglio
1670 572 1782 620 nella
1803 573 2009 621 absentia.

202 646 242 688 A
262 642 336 688 voi
358 642 418 687 mi
441 640 748 688 raccomando.
771 645 834 686 Ex
854 640 1076 687 Florentia
1095 640 1163 687 die
1182 647 1207 687 4
1227 642 1411 688 Ianuarii
1435 646 1552 688 1479.
1574 642 1769 688 Servitor
1787 641 2014 688 Bartholo-

202 727 324 757 meus
347 709 478 756 Scala.

1083 851 1134 891 88

585 920 663 959 TO
686 920 965 959 LORENZO
989 921 1078 958 DE’
1100 921 1311 959 MEDICI
1333 922 1398 959 IN
1418 921 1632 960 NAPLES

927 991 949 1027 5
967 990 1158 1039 January
1182 990 1286 1027 1480

283 1083 396 1121 MAP
419 1084 565 1129 34,412.
591 1080 777 1133 Original.
800 1080 1038 1133 Autograph.
1063 1080 1131 1121 Ed.
1157 1083 1255 1129 Gen,
1283 1084 1361 1129 137,
1385 1080 1506 1121 doc.8.
1534 1084 1650 1121 Verso:
1676 1080 1924 1134 ‘[Magnifi]co
1991 1058 1993 1060 Ι

283 1138 378 1178 Viro
404 1138 639 1186 Lau[rentio]
664 1136 709 1177 de
732 1136 891 1177 Medicis
918 1138 1076 1185 ora[tori
1098 1137 1335 1186 Fssorentino
1362 1138 1459 1190 patri
1483 1150 1518 1178 et
1543 1137 1805 1186 [benefachori
1829 1153 1929 1178 meo.

283 1193 505 1246 [N]eapoli.'
529 1193 642 1234 Recd.
669 1197 708 1232 11
727 1196 810 1243 Jan.
817 1197 919 1234 1480.
939 1192 1051 1241 Scala,
1073 1197 1192 1234 95-96
1211 1197 1299 1242 [59].

199 1297 437 1358 Magnifice
454 1312 580 1358 pater
596 1298 669 1344 mi.
690 1298 894 1358 Scripsivi
916 1297 1115 1354 hiersera,
1134 1297 1178 1345 di
1194 1299 1270 1359 poi
1288 1297 1612 1359 soprasedendo
1631 1316 1652 1345 e
1658 1299 1814 1345 'Dieci
1832 1298 1878 1345 lo
1895 1316 2011 1360 spac-

199 1367 269 1413 cio
287 1384 311 1413 a
327 1367 527 1422 stamani,
548 1380 589 1413 et
606 1365 835 1426 pensando
854 1365 933 1413 che
951 1367 994 1412 vi
1012 1366 1151 1413 debbe
1171 1384 1305 1413 essere
1322 1366 1398 1427 piu
1417 1381 1541 1427 grato
1558 1381 1719 1427 quante
1735 1366 1812 1427 piu
1831 1385 1930 1414 cose
1949 1367 2010 1414 in-

198 1434 376 1481 tendete
396 1434 440 1481 di
464 1452 562 1494 qua,
586 1438 644 1480 m'
650 1452 672 1481 e
692 1452 822 1494 parso
845 1435 1100 1494 aggiugnere
1125 1435 1264 1495 questi
1284 1434 1418 1495 pochi
1442 1435 1565 1481 versi.
1590 1436 1784 1482 Stamani
1805 1434 2010 1482 venendo

199 1521 222 1549 a
242 1502 416 1562 Palagio
437 1502 658 1562 qualcuno
679 1502 791 1562 degli
812 1503 940 1549 amici
960 1503 1110 1558 vostri,
1134 1502 1177 1549 di
1198 1502 1329 1563 quelli
1351 1502 1429 1549 che
1451 1503 1731 1550 hiermattina
1751 1521 1890 1550 erono
1910 1504 2011 1550 stati

197 1570 441 1617 solamente
468 1571 513 1616 in
539 1588 588 1617 su
615 1570 655 1617 13
681 1571 957 1617 restitutione
985 1570 1094 1617 delle
1120 1589 1217 1617 cose
1245 1585 1406 1626 nostre,
1435 1589 1560 1618 come
1586 1589 1665 1631 per
1688 1570 1829 1618 l'altra
1853 1572 1941 1618 mia
1965 1572 2008 1618 vi

197 1639 362 1699 scripsi,
383 1638 533 1685 hanno
553 1638 831 1685 considerato
848 1639 892 1684 in
910 1656 959 1685 su
978 1642 1013 1685 e'
1034 1638 1211 1699 capitoli
1227 1638 1267 1685 13
1282 1654 1404 1699 parte
1421 1639 1500 1686 che
1518 1654 1644 1686 tocca
1658 1639 1695 1686 31
1714 1642 1862 1686 Conte
1880 1640 2010 1686 Giro-

197 1706 349 1754 lamo.³
372 1711 425 1753 Et
450 1706 619 1753 benche
644 1707 719 1753 voi
746 1724 837 1753 non
863 1706 1033 1753 abbiate
1055 1721 1218 1767 potuto
1242 1706 1318 1767 piu
1343 1708 1608 1754 saviamente
1631 1725 1711 1768 per
1733 1707 1778 1754 lo
1804 1708 2008 1755 interesse

197 1789 350 1821 vostro
367 1775 543 1835 privato
560 1775 821 1835 governarvi
838 1775 882 1820 in
902 1789 1052 1835 questa
1067 1790 1204 1835 parte,
1224 1793 1349 1822 come
1367 1776 1411 1821 in
1431 1790 1543 1822 tutte
1560 1775 1713 1832 l'altre,
1731 1775 2008 1823 nondimeno

197 1861 308 1903 vego
336 1842 467 1890 dorra
492 1843 597 1890 assai
625 1844 727 1903 ogni
755 1861 876 1904 spesa
901 1842 994 1890 sara
1020 1861 1044 1890 3
1069 1842 1157 1890 fare
1184 1844 1229 1890 in
1255 1843 1328 1891 lui.
1360 1843 1521 1903 Quella
1546 1859 1669 1905 parte
1694 1862 1855 1891 ancora
1880 1843 1960 1891 che
1987 1843 2009 1891 ὲ

197 1911 311 1958 nella
330 1925 478 1958 vostra
499 1911 542 1958 di
563 1911 781 1958 condurre
802 1911 840 1958 le
861 1912 993 1972 genti,
1015 1926 1111 1968 etc.⁹
1130 1913 1316 1959 stamani
1337 1911 1358 1959 ὲ
1377 1911 1453 1973 piu
1476 1912 1761 1969 considerata3
1782 1911 1852 1960 cio
1872 1912 1952 1960 che
1971 1915 2004 1960 s’

197 1998 387 2027 accenna
405 1979 449 2026 di
467 1997 589 2040 spesa
609 1994 830 2040 spaventa‚
851 1995 892 2027 et
910 1983 1096 2027 maxime
1119 1980 1356 2028 havendosi
1377 1999 1400 2028 3
1418 1980 1628 2042 spendere
1648 1999 1671 2028 3
1691 1981 1829 2028 modo
1849 1980 2006 2028 d’altri.

196 2052 245 2095 Io
266 2066 315 2095 so
339 2047 418 2095 che
441 2066 464 2095 3
486 2049 589 2108 ogni
612 2066 713 2095 cosa
732 2049 807 2095 voi
831 2048 978 2095 harete
1000 2048 1142 2109 quella
1163 2048 1512 2096 consideratione
1535 2049 1614 2096 che
1635 2050 1670 2096 si
1693 2050 1920 2097 conviene.

282 2121 342 2164 La
362 2117 547 2177 risposta
569 2116 636 2164 de'
660 2118 788 2164 Dieci
808 2117 859 2164 de
880 2117 1103 2174 industria,
1124 2135 1204 2178 per
1223 2117 1399 2165 ricordo
1422 2117 1534 2178 degli
1556 2119 1698 2175 amici,
1722 2117 1743 2165 ὲ
1766 2118 1821 2166 da
1836 2118 2009 2179 poterla

197 2199 456 2241 monstrare,
483 2185 682 2245 parendo
708 2185 797 2232 cosi
825 2204 848 2232 a
872 2186 960 2242 voi,
987 2185 1068 2233 alla
1092 2186 1261 2233 Maesta
1285 2186 1351 2233 del
1380 2191 1442 2233 Re
1469 2201 1510 2233 et
1535 2204 1559 2233 a
1584 2186 1654 2233 chi
1680 2187 1722 2233 vi
1747 2204 1928 2247 paresse
1956 2190 2008 2234 Se

196 2254 387 2300 avisassti
407 2253 451 2299 di
470 2253 580 2300 costi
600 2253 782 2314 qualche
803 2272 903 2300 cosa
922 2224 965 2300 di
984 2254 1082 2314 quel
1102 2255 1146 2300 vi
1164 2254 1423 2314 bisognasse,
1447 2254 1660 2301 crederrei
1677 2256 1826 2302 saresti
1844 2254 2005 2315 meglio

194 2320 429 2368 satisfacto.
456 2325 490 2367 Ε
514 2320 694 2368 difficile
719 2321 961 2369 indivinare
986 2322 1022 2369 el
1047 2322 1262 2369 desiderio
1284 2337 1436 2369 vostro
1462 2323 1506 2369 in
1529 2322 1803 2383 particulare,
1827 2322 1947 2370 che
1932 2341 1954 2370 e
1978 2322 2005 2369 il

195 2389 381 2449 bisogno
409 2388 620 2450 publico,1
651 2404 692 2437 et
714 2390 891 2450 poterlo
917 2390 1019 2447 fare,
1044 2394 1230 2438 maxime
1255 2392 1300 2437 in
1326 2405 1447 2438 tanta
1470 2391 1633 2438 varieta
1655 2406 1697 2438 et
1719 2392 2002 2452 suspensione

195 2457 392 2513 d'animi3
416 2457 577 2517 perche
602 2456 789 2505 benche't2
814 2459 859 2504 in
885 2458 987 2505 facti
1011 2473 1052 2505 et
1076 2458 1380 2506 deliberationi
1404 2459 1444 2506 la
1466 2459 1571 2506 citta
1592 2460 1653 2506 sia
1675 2477 1801 2506 corne
1825 2459 1866 2506 13
1888 2459 2006 2506 lasci-

195 2526 274 2572 asti
294 2539 335 2572 et
355 2526 503 2572 niente
521 2526 619 2585 paia
640 2540 825 2582 mutato,
847 2544 973 2573 come
992 2544 1071 2586 per
1088 2526 1194 2573 altre
1215 2528 1300 2573 mie
1319 2526 1393 2573 v’o
1414 2527 1591 2587 scripto,
1611 2545 1696 2587 pur
1713 2528 1747 2574 si
1767 2527 1876 2574 vede
1896 2527 2003 2574 mol-

194 2607 243 2640 to
264 2593 373 2640 varii
391 2594 580 2653 pensieri
602 2608 644 2640 et
663 2593 813 2654 parole
836 2594 881 2640 in
904 2593 1045 2650 molti,
1069 2609 1110 2641 et
1131 2594 1243 2655 degli
1263 2595 1391 2642 amici
1412 2609 1453 2642 et
1475 2594 1624 2655 d'ogni
1645 2596 1938 2655 generatione.
1962 2599 2002 2641 A

194 2662 298 2721 ogni
321 2661 443 2708 buon
466 2662 700 2722 proposito
727 2661 769 2709 fa
790 2662 827 2709 al
850 2680 1000 2723 parere
1024 2663 1115 2709 mio
1139 2662 1184 2709 lo
1205 2664 1378 2723 spaccio
1401 2663 1510 2710 delle
1533 2681 1631 2710 cose
1654 2663 1763 2710 costi
1786 2678 1828 2710 et
1848 2663 1889 2710 13
1910 2681 2004 2710 vos-

194 2744 261 2776 tra
283 2744 470 2777 tornata.
497 2734 600 2777 Fate
624 2730 664 2777 la
686 2748 791 2791 pace
817 2745 858 2778 et
882 2745 1055 2778 tornate
1078 2731 1212 2787 salvo,
1238 2746 1351 2778 tutte
1374 2731 1513 2778 l’altre
1537 2749 1635 2778 cose
1658 2729 2001 2778 succederanno³

193 2797 318 2844 bene.
340 2802 399 2844 La
412 2816 518 2858 pace
537 2799 582 2844 in
602 2799 705 2858 ogni
723 2798 861 2845 modo
880 2798 1072 2859 bisogna,
1094 2799 1131 2846 al
1147 2817 1297 2859 parere
1317 2800 1422 2855 mio,
1442 2814 1483 2846 et
1500 2799 1539 2846 13
1556 2799 1841 2859 intelligentia
1857 2813 2005 2846 vostra

194 2865 306 2912 colla
327 2865 497 2912 Maesta
518 2865 586 2913 del
610 2871 687 2922 Re,
711 2866 893 2913 essendo
915 2866 953 2913 le
977 2885 1074 2913 cose
1097 2867 1313 2914 condocte
1336 2867 1448 2914 dove
1471 2885 1595 2914 sono.
1621 2867 1784 2914 Donde
1807 2885 1830 2914 a
1850 2867 1938 2923 voi,
1962 2881 2004 2914 et

272 3055 288 3079 ‘¹
307 3060 488 3098 Bernardo
508 3061 656 3105 Bembo,
676 3062 853 3099 Venetian
870 3061 1094 3099 ambassador
1115 3063 1153 3098 in
1172 3061 1351 3099 Florence.

274 3124 286 3138 ²
312 3119 501 3157 Girolamo
528 3121 661 3163 Riario;
686 3134 737 3157 on
761 3119 814 3157 his
839 3121 1000 3168 position
1023 3121 1061 3156 in
1083 3120 1145 3157 the
1168 3120 1254 3157 final
1279 3134 1383 3168 peace
1405 3132 1520 3168 treaty
1544 3119 1585 3157 of
1609 3124 1646 3158 13
1673 3119 1801 3157 March
1826 3123 1924 3164 1480,
1947 3133 2004 3157 see

194 3174 370 3215 Lorenzo,
389 3174 528 3215 Latere,
549 3175 606 3215 IV,
627 3175 773 3209 383-84.
