<?xml version="1.0" encoding="UTF-8"?>
<!DOCTYPE html PUBLIC "-//W3C//DTD XHTML 1.0 Transitional//EN"
    "http://www.w3.org/TR/xhtml1/DTD/xhtml1-transitional.dtd">
<html xmlns="http://www.w3.org/1999/xhtml" xml:lang="en" lang="en">
 <head>
  <title>
</title>
<meta http-equiv="Content-Type" content="text/html;charset=utf-8" />
  <meta name='ocr-system' content='tesseract 3.04.00' />
  <meta name='ocr-capabilities' content='ocr_page ocr_carea ocr_par ocr_line ocrx_word'/>
</head>
<body>
  <div class='ocr_page' id='page_1' title='image "bartolomeoscalah00scaluoft_0439.png"; bbox 0 0 2124 3458; ppageno 0'>
   <div class='ocr_carea' id='block_1_1' title="bbox 118 173 1913 219">
    <p class='ocr_par' dir='ltr' id='par_1_1' title="bbox 118 173 1913 219">
     <span class='ocr_line' id='line_1_1' title="bbox 118 173 1913 219; baseline -0.002 -1"><span class='ocrx_word' id='word_1_1' title='bbox 118 185 301 219; x_wconf 79' lang='lat' dir='ltr'><strong>ESSAYS</strong></span> <span class='ocrx_word' id='word_1_2' title='bbox 1823 173 1913 214; x_wconf 87' lang='lat'>399</span> 
     </span>
    </p>
   </div>
   <div class='ocr_carea' id='block_1_2' title="bbox 114 317 1926 2827">
    <p class='ocr_par' dir='ltr' id='par_1_2' title="bbox 114 317 1925 1862">
     <span class='ocr_line' id='line_1_2' title="bbox 118 317 1920 381; baseline -0.003 -11"><span class='ocrx_word' id='word_1_3' title='bbox 118 340 189 370; x_wconf 91' lang='lat' dir='ltr'>am</span> <span class='ocrx_word' id='word_1_4' title='bbox 205 322 460 377; x_wconf 87' lang='lat' dir='ltr'>extiterunt,</span> <span class='ocrx_word' id='word_1_5' title='bbox 477 321 551 381; x_wconf 92' lang='lat' dir='ltr'>qui</span> <span class='ocrx_word' id='word_1_6' title='bbox 568 319 799 367; x_wconf 90' lang='lat' dir='ltr'>didicerint</span> <span class='ocrx_word' id='word_1_7' title='bbox 818 319 944 366; x_wconf 90' lang='lat' dir='ltr'>nobis</span> <span class='ocrx_word' id='word_1_8' title='bbox 962 333 1034 366; x_wconf 90' lang='lat' dir='ltr'>aut</span> <span class='ocrx_word' id='word_1_9' title='bbox 1052 319 1264 379; x_wconf 85' lang='lat' dir='ltr'>imperare</span> <span class='ocrx_word' id='word_1_10' title='bbox 1282 319 1547 365; x_wconf 83' lang='lat' dir='ltr'>mansuetius</span> <span class='ocrx_word' id='word_1_11' title='bbox 1566 332 1639 365; x_wconf 90' lang='lat' dir='ltr'>aut</span> <span class='ocrx_word' id='word_1_12' title='bbox 1656 317 1802 379; x_wconf 83' lang='lat' dir='ltr'>culpas</span> <span class='ocrx_word' id='word_1_13' title='bbox 1819 335 1920 365; x_wconf 92' lang='lat' dir='ltr'>con-</span> 
     </span>
     <span class='ocr_line' id='line_1_3' title="bbox 118 386 1920 448; baseline -0.002 -11"><span class='ocrx_word' id='word_1_14' title='bbox 118 390 283 438; x_wconf 91' lang='lat' dir='ltr'>donare</span> <span class='ocrx_word' id='word_1_15' title='bbox 301 388 468 436; x_wconf 82' lang='lat' dir='ltr'>facilius</span> <span class='ocrx_word' id='word_1_16' title='bbox 488 390 504 435; x_wconf 90' lang='lat'>?</span> <span class='ocrx_word' id='word_1_17' title='bbox 522 392 614 435; x_wconf 85' lang='lat' dir='ltr'>Aut</span> <span class='ocrx_word' id='word_1_18' title='bbox 630 387 756 448; x_wconf 84' lang='lat' dir='ltr'>plura</span> <span class='ocrx_word' id='word_1_19' title='bbox 774 402 815 434; x_wconf 93' lang='lat' dir='ltr'>et</span> <span class='ocrx_word' id='word_1_20' title='bbox 830 387 1147 448; x_wconf 83' lang='lat' dir='ltr'>praestantiora</span> <span class='ocrx_word' id='word_1_21' title='bbox 1164 386 1385 447; x_wconf 90' lang='lat' dir='ltr'>indulgere</span> <span class='ocrx_word' id='word_1_22' title='bbox 1406 386 1471 433; x_wconf 93' lang='lat' dir='ltr'>his</span> <span class='ocrx_word' id='word_1_23' title='bbox 1487 387 1562 447; x_wconf 93' lang='lat' dir='ltr'>qui</span> <span class='ocrx_word' id='word_1_24' title='bbox 1580 403 1762 447; x_wconf 90' lang='lat' dir='ltr'>quoquo</span> <span class='ocrx_word' id='word_1_25' title='bbox 1783 386 1920 433; x_wconf 94' lang='lat' dir='ltr'>modo</span> 
     </span>
     <span class='ocr_line' id='line_1_4' title="bbox 118 454 1918 518; baseline -0.002 -13"><span class='ocrx_word' id='word_1_26' title='bbox 118 472 330 518; x_wconf 87' lang='lat' dir='ltr'>reguntur</span> <span class='ocrx_word' id='word_1_27' title='bbox 358 475 382 504; x_wconf 92' lang='lat' dir='ltr'>a</span> <span class='ocrx_word' id='word_1_28' title='bbox 410 456 538 504; x_wconf 88' lang='lat' dir='ltr'>nobis</span> <span class='ocrx_word' id='word_1_29' title='bbox 570 458 587 503; x_wconf 88' lang='lat'>?</span> <span class='ocrx_word' id='word_1_30' title='bbox 616 455 748 503; x_wconf 90' lang='lat' dir='ltr'>Unde</span> <span class='ocrx_word' id='word_1_31' title='bbox 776 473 901 516; x_wconf 90' lang='lat' dir='ltr'>saepe</span> <span class='ocrx_word' id='word_1_32' title='bbox 930 454 1131 502; x_wconf 90' lang='lat' dir='ltr'>accidisse</span> <span class='ocrx_word' id='word_1_33' title='bbox 1160 454 1349 502; x_wconf 92' lang='lat' dir='ltr'>vidimus</span> <span class='ocrx_word' id='word_1_34' title='bbox 1377 470 1425 502; x_wconf 91' lang='lat' dir='ltr'>ut</span> <span class='ocrx_word' id='word_1_35' title='bbox 1456 472 1547 501; x_wconf 93' lang='lat' dir='ltr'>non</span> <span class='ocrx_word' id='word_1_36' title='bbox 1579 455 1750 501; x_wconf 92' lang='lat' dir='ltr'>minore</span> <span class='ocrx_word' id='word_1_37' title='bbox 1779 472 1918 515; x_wconf 89' lang='lat' dir='ltr'>prope</span> 
     </span>
     <span class='ocr_line' id='line_1_5' title="bbox 117 522 1919 584; baseline -0.003 -11"><span class='ocrx_word' id='word_1_38' title='bbox 117 526 415 574; x_wconf 90' lang='lat' dir='ltr'>obstinatione</span> <span class='ocrx_word' id='word_1_39' title='bbox 431 525 682 572; x_wconf 91' lang='lat' dir='ltr'>animorum</span> <span class='ocrx_word' id='word_1_40' title='bbox 697 541 787 571; x_wconf 90' lang='lat' dir='ltr'>sese</span> <span class='ocrx_word' id='word_1_41' title='bbox 800 522 978 584; x_wconf 91' lang='lat' dir='ltr'>quidam</span> <span class='ocrx_word' id='word_1_42' title='bbox 994 523 1153 570; x_wconf 90' lang='lat' dir='ltr'>nostris</span> <span class='ocrx_word' id='word_1_43' title='bbox 1167 523 1453 584; x_wconf 88' lang='lat' dir='ltr'>opposuerint</span> <span class='ocrx_word' id='word_1_44' title='bbox 1473 522 1670 570; x_wconf 91' lang='lat' dir='ltr'>hostibus</span> <span class='ocrx_word' id='word_1_45' title='bbox 1686 523 1919 569; x_wconf 91' lang='lat' dir='ltr'>restiterin-</span> 
     </span>
     <span class='ocr_line' id='line_1_6' title="bbox 117 590 1922 655; baseline -0.002 -14"><span class='ocrx_word' id='word_1_46' title='bbox 117 609 222 655; x_wconf 92' lang='lat' dir='ltr'>tque</span> <span class='ocrx_word' id='word_1_47' title='bbox 241 593 296 641; x_wconf 92' lang='lat' dir='ltr'>ad</span> <span class='ocrx_word' id='word_1_48' title='bbox 314 608 561 640; x_wconf 87' lang='lat' dir='ltr'>extremum</span> <span class='ocrx_word' id='word_1_49' title='bbox 579 592 834 652; x_wconf 90' lang='lat' dir='ltr'>sanguinem</span> <span class='ocrx_word' id='word_1_50' title='bbox 858 609 989 651; x_wconf 91' lang='lat' dir='ltr'>quam</span> <span class='ocrx_word' id='word_1_51' title='bbox 1007 592 1041 638; x_wconf 91' lang='lat' dir='ltr'>si</span> <span class='ocrx_word' id='word_1_52' title='bbox 1063 591 1142 651; x_wconf 91' lang='lat' dir='ltr'>ipsi</span> <span class='ocrx_word' id='word_1_53' title='bbox 1162 590 1405 638; x_wconf 90' lang='lat' dir='ltr'>Florentini</span> <span class='ocrx_word' id='word_1_54' title='bbox 1426 605 1565 638; x_wconf 91' lang='lat' dir='ltr'>essent</span> <span class='ocrx_word' id='word_1_55' title='bbox 1586 591 1700 637; x_wconf 90' lang='lat' dir='ltr'>cives</span> <span class='ocrx_word' id='word_1_56' title='bbox 1718 605 1848 651; x_wconf 90' lang='lat' dir='ltr'>atque</span> <span class='ocrx_word' id='word_1_57' title='bbox 1867 590 1922 637; x_wconf 93' lang='lat' dir='ltr'>ad</span> 
     </span>
     <span class='ocr_line' id='line_1_7' title="bbox 117 658 1923 721; baseline -0.003 -12"><span class='ocrx_word' id='word_1_58' title='bbox 117 679 192 709; x_wconf 92' lang='lat' dir='ltr'>eos</span> <span class='ocrx_word' id='word_1_59' title='bbox 210 662 406 721; x_wconf 92' lang='lat' dir='ltr'>primum</span> <span class='ocrx_word' id='word_1_60' title='bbox 428 660 531 707; x_wconf 94' lang='lat' dir='ltr'>belli</span> <span class='ocrx_word' id='word_1_61' title='bbox 551 677 654 706; x_wconf 85' lang='lat' dir='ltr'>cura</span> <span class='ocrx_word' id='word_1_62' title='bbox 670 660 922 719; x_wconf 89' lang='lat' dir='ltr'>pertineret.</span> <span class='ocrx_word' id='word_1_63' title='bbox 943 659 1084 706; x_wconf 92' lang='lat' dir='ltr'>Testis</span> <span class='ocrx_word' id='word_1_64' title='bbox 1102 673 1163 705; x_wconf 90' lang='lat' dir='ltr'>est</span> <span class='ocrx_word' id='word_1_65' title='bbox 1183 660 1228 704; x_wconf 94' lang='lat' dir='ltr'>in</span> <span class='ocrx_word' id='word_1_66' title='bbox 1248 676 1351 718; x_wconf 92' lang='lat' dir='ltr'>agro</span> <span class='ocrx_word' id='word_1_67' title='bbox 1371 659 1652 705; x_wconf 89' lang='lat' dir='ltr'>Casentinate</span> <span class='ocrx_word' id='word_1_68' title='bbox 1670 658 1804 718; x_wconf 90' lang='lat' dir='ltr'>paulo</span> <span class='ocrx_word' id='word_1_69' title='bbox 1823 672 1923 704; x_wconf 91' lang='lat' dir='ltr'>ante</span> 
     </span>
     <span class='ocr_line' id='line_1_8' title="bbox 116 725 1923 788; baseline -0.002 -13"><span class='ocrx_word' id='word_1_70' title='bbox 116 728 357 775; x_wconf 87' lang='lat' dir='ltr'>Nicolaum</span> <span class='ocrx_word' id='word_1_71' title='bbox 387 727 617 788; x_wconf 90' lang='lat' dir='ltr'>oppidum,</span> <span class='ocrx_word' id='word_1_72' title='bbox 650 727 695 772; x_wconf 89' lang='lat' dir='ltr'>in</span> <span class='ocrx_word' id='word_1_73' title='bbox 722 726 881 773; x_wconf 91' lang='lat' dir='ltr'>Clante</span> <span class='ocrx_word' id='word_1_74' title='bbox 909 725 1159 782; x_wconf 88' lang='lat' dir='ltr'>Castellina,</span> <span class='ocrx_word' id='word_1_75' title='bbox 1190 727 1234 772; x_wconf 92' lang='lat' dir='ltr'>in</span> <span class='ocrx_word' id='word_1_76' title='bbox 1260 725 1370 772; x_wconf 91' lang='lat' dir='ltr'>valle</span> <span class='ocrx_word' id='word_1_77' title='bbox 1398 743 1507 786; x_wconf 92' lang='lat' dir='ltr'>quae</span> <span class='ocrx_word' id='word_1_78' title='bbox 1534 725 1586 772; x_wconf 94' lang='lat' dir='ltr'>ab</span> <span class='ocrx_word' id='word_1_79' title='bbox 1615 725 1711 772; x_wconf 89' lang='lat' dir='ltr'>Elsa</span> <span class='ocrx_word' id='word_1_80' title='bbox 1739 725 1923 772; x_wconf 88' lang='lat' dir='ltr'>flumine</span> 
     </span>
     <span class='ocr_line' id='line_1_9' title="bbox 117 793 1918 850; baseline -0.002 -7"><span class='ocrx_word' id='word_1_81' title='bbox 117 796 237 844; x_wconf 93' lang='lat' dir='ltr'>ducit</span> <span class='ocrx_word' id='word_1_82' title='bbox 267 813 433 843; x_wconf 91' lang='lat' dir='ltr'>nomen</span> <span class='ocrx_word' id='word_1_83' title='bbox 461 794 679 842; x_wconf 92' lang='lat' dir='ltr'>Collensis</span> <span class='ocrx_word' id='word_1_84' title='bbox 709 794 895 850; x_wconf 93' lang='lat' dir='ltr'>obsidio,</span> <span class='ocrx_word' id='word_1_85' title='bbox 927 811 1019 841; x_wconf 94' lang='lat' dir='ltr'>non</span> <span class='ocrx_word' id='word_1_86' title='bbox 1047 793 1210 841; x_wconf 90' lang='lat' dir='ltr'>multos</span> <span class='ocrx_word' id='word_1_87' title='bbox 1240 808 1340 840; x_wconf 89' lang='lat' dir='ltr'>ante</span> <span class='ocrx_word' id='word_1_88' title='bbox 1365 811 1504 840; x_wconf 90' lang='lat' dir='ltr'>annos</span> <span class='ocrx_word' id='word_1_89' title='bbox 1532 808 1632 840; x_wconf 95' lang='lat' dir='ltr'>toto</span> <span class='ocrx_word' id='word_1_90' title='bbox 1659 793 1766 840; x_wconf 92' lang='lat' dir='ltr'>urbe</span> <span class='ocrx_word' id='word_1_91' title='bbox 1796 793 1918 840; x_wconf 92' lang='lat' dir='ltr'>nobi-</span> 
     </span>
     <span class='ocr_line' id='line_1_10' title="bbox 116 859 1920 924; baseline -0.002 -13"><span class='ocrx_word' id='word_1_92' title='bbox 116 859 263 919; x_wconf 86' lang='lat' dir='ltr'>litata,i</span> <span class='ocrx_word' id='word_1_93' title='bbox 282 880 534 924; x_wconf 88' lang='lat' dir='ltr'>quanquam</span> <span class='ocrx_word' id='word_1_94' title='bbox 559 862 629 909; x_wconf 95' lang='lat' dir='ltr'>hic</span> <span class='ocrx_word' id='word_1_95' title='bbox 649 861 827 922; x_wconf 92' lang='lat' dir='ltr'>quidem</span> <span class='ocrx_word' id='word_1_96' title='bbox 847 861 969 908; x_wconf 92' lang='lat' dir='ltr'>locus</span> <span class='ocrx_word' id='word_1_97' title='bbox 990 861 1133 908; x_wconf 92' lang='lat' dir='ltr'>multo</span> <span class='ocrx_word' id='word_1_98' title='bbox 1155 876 1217 908; x_wconf 92' lang='lat' dir='ltr'>est</span> <span class='ocrx_word' id='word_1_99' title='bbox 1238 860 1512 908; x_wconf 80' lang='lat' dir='ltr'>manifestior</span> <span class='ocrx_word' id='word_1_100' title='bbox 1531 878 1663 921; x_wconf 89' lang='lat' dir='ltr'>quam</span> <span class='ocrx_word' id='word_1_101' title='bbox 1685 861 1760 921; x_wconf 90' lang='lat' dir='ltr'>qui</span> <span class='ocrx_word' id='word_1_102' title='bbox 1781 860 1920 907; x_wconf 91' lang='lat' dir='ltr'>multa</span> 
     </span>
     <span class='ocr_line' id='line_1_11' title="bbox 117 928 1924 990; baseline -0.002 -12"><span class='ocrx_word' id='word_1_103' title='bbox 117 932 434 979; x_wconf 88' lang='lat' dir='ltr'>asseveratione</span> <span class='ocrx_word' id='word_1_104' title='bbox 455 930 723 990; x_wconf 89' lang='lat' dir='ltr'>testibusque</span> <span class='ocrx_word' id='word_1_105' title='bbox 747 929 949 989; x_wconf 89' lang='lat' dir='ltr'>indigeat.</span> <span class='ocrx_word' id='word_1_106' title='bbox 970 933 1034 975; x_wconf 86' lang='lat' dir='ltr'>Ex</span> <span class='ocrx_word' id='word_1_107' title='bbox 1056 947 1146 990; x_wconf 95' lang='lat' dir='ltr'>quo</span> <span class='ocrx_word' id='word_1_108' title='bbox 1168 930 1300 976; x_wconf 91' lang='lat' dir='ltr'>etiam</span> <span class='ocrx_word' id='word_1_109' title='bbox 1321 928 1464 976; x_wconf 90' lang='lat' dir='ltr'>multo</span> <span class='ocrx_word' id='word_1_110' title='bbox 1483 928 1661 975; x_wconf 92' lang='lat' dir='ltr'>videtur</span> <span class='ocrx_word' id='word_1_111' title='bbox 1681 929 1815 988; x_wconf 90' lang='lat' dir='ltr'>magis</span> <span class='ocrx_word' id='word_1_112' title='bbox 1836 946 1924 975; x_wconf 91' lang='lat' dir='ltr'>esse</span> 
     </span>
     <span class='ocr_line' id='line_1_12' title="bbox 116 996 1922 1058; baseline -0.002 -12"><span class='ocrx_word' id='word_1_113' title='bbox 116 998 372 1047; x_wconf 89' lang='lat' dir='ltr'>detestanda</span> <span class='ocrx_word' id='word_1_114' title='bbox 394 1016 549 1045; x_wconf 89' lang='lat' dir='ltr'>eorum</span> <span class='ocrx_word' id='word_1_115' title='bbox 577 997 835 1058; x_wconf 85' lang='lat' dir='ltr'>improbitas</span> <span class='ocrx_word' id='word_1_116' title='bbox 862 998 936 1058; x_wconf 93' lang='lat' dir='ltr'>qui</span> <span class='ocrx_word' id='word_1_117' title='bbox 963 997 1047 1044; x_wconf 93' lang='lat' dir='ltr'>hoc</span> <span class='ocrx_word' id='word_1_118' title='bbox 1073 1012 1273 1058; x_wconf 89' lang='lat' dir='ltr'>tempore</span> <span class='ocrx_word' id='word_1_119' title='bbox 1298 996 1351 1044; x_wconf 92' lang='lat' dir='ltr'>ab</span> <span class='ocrx_word' id='word_1_120' title='bbox 1377 1011 1631 1043; x_wconf 91' lang='lat' dir='ltr'>nostrorum</span> <span class='ocrx_word' id='word_1_121' title='bbox 1660 1014 1784 1043; x_wconf 89' lang='lat' dir='ltr'>more</span> <span class='ocrx_word' id='word_1_122' title='bbox 1811 1014 1922 1043; x_wconf 93' lang='lat' dir='ltr'>rece-</span> 
     </span>
     <span class='ocr_line' id='line_1_13' title="bbox 116 1064 1916 1127; baseline -0.002 -12"><span class='ocrx_word' id='word_1_123' title='bbox 116 1067 270 1115; x_wconf 92' lang='lat' dir='ltr'>dentes</span> <span class='ocrx_word' id='word_1_124' title='bbox 286 1067 366 1127; x_wconf 93' lang='lat' dir='ltr'>ipsi</span> <span class='ocrx_word' id='word_1_125' title='bbox 383 1066 465 1113; x_wconf 92' lang='lat' dir='ltr'>sibi</span> <span class='ocrx_word' id='word_1_126' title='bbox 484 1083 652 1113; x_wconf 93' lang='lat' dir='ltr'>novum</span> <span class='ocrx_word' id='word_1_127' title='bbox 671 1083 810 1126; x_wconf 93' lang='lat' dir='ltr'>prope</span> <span class='ocrx_word' id='word_1_128' title='bbox 829 1080 958 1126; x_wconf 93' lang='lat' dir='ltr'>atque</span> <span class='ocrx_word' id='word_1_129' title='bbox 975 1066 1230 1112; x_wconf 91' lang='lat' dir='ltr'>inusitatum</span> <span class='ocrx_word' id='word_1_130' title='bbox 1247 1065 1422 1126; x_wconf 91' lang='lat' dir='ltr'>penitus</span> <span class='ocrx_word' id='word_1_131' title='bbox 1441 1064 1607 1112; x_wconf 90' lang='lat' dir='ltr'>facinus</span> <span class='ocrx_word' id='word_1_132' title='bbox 1625 1064 1916 1125; x_wconf 90' lang='lat' dir='ltr'>desumpsere.</span> 
     </span>
     <span class='ocr_line' id='line_1_14' title="bbox 115 1133 1924 1195; baseline -0.002 -13"><span class='ocrx_word' id='word_1_133' title='bbox 115 1140 215 1182; x_wconf 92' lang='lat' dir='ltr'>Nec</span> <span class='ocrx_word' id='word_1_134' title='bbox 235 1134 345 1181; x_wconf 83' lang='lat' dir='ltr'>mihi</span> <span class='ocrx_word' id='word_1_135' title='bbox 367 1135 596 1195; x_wconf 91' lang='lat' dir='ltr'>quisquam</span> <span class='ocrx_word' id='word_1_136' title='bbox 619 1133 927 1181; x_wconf 89' lang='lat' dir='ltr'>Volterranam</span> <span class='ocrx_word' id='word_1_137' title='bbox 949 1133 1244 1194; x_wconf 90' lang='lat' dir='ltr'>direptionem</span> <span class='ocrx_word' id='word_1_138' title='bbox 1267 1133 1442 1189; x_wconf 89' lang='lat' dir='ltr'>obiciat,</span> <span class='ocrx_word' id='word_1_139' title='bbox 1465 1133 1540 1193; x_wconf 92' lang='lat' dir='ltr'>qui</span> <span class='ocrx_word' id='word_1_140' title='bbox 1561 1150 1662 1180; x_wconf 91' lang='lat' dir='ltr'>cum</span> <span class='ocrx_word' id='word_1_141' title='bbox 1683 1133 1775 1180; x_wconf 92' lang='lat' dir='ltr'>sine</span> <span class='ocrx_word' id='word_1_142' title='bbox 1798 1150 1924 1180; x_wconf 90' lang='lat' dir='ltr'>causa</span> 
     </span>
     <span class='ocr_line' id='line_1_15' title="bbox 116 1201 1923 1264; baseline -0.002 -14"><span class='ocrx_word' id='word_1_143' title='bbox 116 1218 158 1250; x_wconf 91' lang='lat' dir='ltr'>et</span> <span class='ocrx_word' id='word_1_144' title='bbox 174 1204 254 1264; x_wconf 93' lang='lat' dir='ltr'>ipsi</span> <span class='ocrx_word' id='word_1_145' title='bbox 275 1202 551 1250; x_wconf 84' lang='lat' dir='ltr'>rebellassent</span> <span class='ocrx_word' id='word_1_146' title='bbox 568 1217 697 1262; x_wconf 91' lang='lat' dir='ltr'>atque</span> <span class='ocrx_word' id='word_1_147' title='bbox 714 1202 974 1248; x_wconf 91' lang='lat' dir='ltr'>obstinatius</span> <span class='ocrx_word' id='word_1_148' title='bbox 993 1202 1037 1247; x_wconf 93' lang='lat' dir='ltr'>in</span> <span class='ocrx_word' id='word_1_149' title='bbox 1053 1216 1255 1262; x_wconf 90' lang='lat' dir='ltr'>suscepto</span> <span class='ocrx_word' id='word_1_150' title='bbox 1273 1201 1467 1248; x_wconf 88' lang='lat' dir='ltr'>facinore</span> <span class='ocrx_word' id='word_1_151' title='bbox 1482 1201 1784 1261; x_wconf 88' lang='lat' dir='ltr'>perdurarent,</span> <span class='ocrx_word' id='word_1_152' title='bbox 1802 1219 1923 1247; x_wconf 89' lang='lat' dir='ltr'>occa-</span> 
     </span>
     <span class='ocr_line' id='line_1_16' title="bbox 114 1268 1919 1331; baseline -0.002 -13"><span class='ocrx_word' id='word_1_153' title='bbox 114 1272 286 1318; x_wconf 91' lang='lat' dir='ltr'>sionem</span> <span class='ocrx_word' id='word_1_154' title='bbox 309 1270 606 1331; x_wconf 92' lang='lat' dir='ltr'>praebuerunt</span> <span class='ocrx_word' id='word_1_155' title='bbox 631 1269 843 1317; x_wconf 89' lang='lat' dir='ltr'>militibus</span> <span class='ocrx_word' id='word_1_156' title='bbox 867 1270 1040 1325; x_wconf 92' lang='lat' dir='ltr'>nostris,</span> <span class='ocrx_word' id='word_1_157' title='bbox 1067 1270 1142 1330; x_wconf 93' lang='lat' dir='ltr'>qui</span> <span class='ocrx_word' id='word_1_158' title='bbox 1163 1269 1318 1316; x_wconf 90' lang='lat' dir='ltr'>urbem</span> <span class='ocrx_word' id='word_1_159' title='bbox 1343 1268 1616 1325; x_wconf 89' lang='lat' dir='ltr'>obsidebant,</span> <span class='ocrx_word' id='word_1_160' title='bbox 1641 1268 1796 1329; x_wconf 91' lang='lat' dir='ltr'>agendi</span> <span class='ocrx_word' id='word_1_161' title='bbox 1818 1286 1919 1316; x_wconf 90' lang='lat' dir='ltr'>cum</span> 
     </span>
     <span class='ocr_line' id='line_1_17' title="bbox 116 1337 1918 1399; baseline -0.002 -13"><span class='ocrx_word' id='word_1_162' title='bbox 116 1339 198 1386; x_wconf 92' lang='lat' dir='ltr'>illis</span> <span class='ocrx_word' id='word_1_163' title='bbox 218 1339 380 1386; x_wconf 91' lang='lat' dir='ltr'>durius.</span> <span class='ocrx_word' id='word_1_164' title='bbox 406 1343 498 1399; x_wconf 91' lang='lat' dir='ltr'>Ipse</span> <span class='ocrx_word' id='word_1_165' title='bbox 518 1356 624 1385; x_wconf 93' lang='lat' dir='ltr'>vero</span> <span class='ocrx_word' id='word_1_166' title='bbox 643 1339 764 1385; x_wconf 92' lang='lat' dir='ltr'>testis</span> <span class='ocrx_word' id='word_1_167' title='bbox 781 1356 877 1385; x_wconf 94' lang='lat' dir='ltr'>sum</span> <span class='ocrx_word' id='word_1_168' title='bbox 899 1352 1114 1398; x_wconf 91' lang='lat' dir='ltr'>quantum</span> <span class='ocrx_word' id='word_1_169' title='bbox 1134 1352 1307 1384; x_wconf 93' lang='lat' dir='ltr'>senatus</span> <span class='ocrx_word' id='word_1_170' title='bbox 1325 1337 1600 1398; x_wconf 91' lang='lat' dir='ltr'>populusque</span> <span class='ocrx_word' id='word_1_171' title='bbox 1624 1337 1918 1393; x_wconf 89' lang='lat' dir='ltr'>Florentinus,</span> 
     </span>
     <span class='ocr_line' id='line_1_18' title="bbox 115 1404 1925 1467; baseline -0.002 -13"><span class='ocrx_word' id='word_1_172' title='bbox 115 1421 331 1467; x_wconf 91' lang='lat' dir='ltr'>quantum</span> <span class='ocrx_word' id='word_1_173' title='bbox 356 1407 511 1466; x_wconf 90' lang='lat' dir='ltr'>viginti</span> <span class='ocrx_word' id='word_1_174' title='bbox 534 1407 631 1461; x_wconf 92' lang='lat' dir='ltr'>viri,</span> <span class='ocrx_word' id='word_1_175' title='bbox 656 1407 731 1466; x_wconf 92' lang='lat' dir='ltr'>qui</span> <span class='ocrx_word' id='word_1_176' title='bbox 754 1406 844 1452; x_wconf 91' lang='lat' dir='ltr'>eius</span> <span class='ocrx_word' id='word_1_177' title='bbox 866 1405 969 1452; x_wconf 91' lang='lat' dir='ltr'>belli</span> <span class='ocrx_word' id='word_1_178' title='bbox 993 1423 1142 1452; x_wconf 88' lang='lat' dir='ltr'>curam</span> <span class='ocrx_word' id='word_1_179' title='bbox 1164 1419 1377 1465; x_wconf 87' lang='lat' dir='ltr'>gererent,</span> <span class='ocrx_word' id='word_1_180' title='bbox 1400 1423 1453 1452; x_wconf 94' lang='lat' dir='ltr'>ne</span> <span class='ocrx_word' id='word_1_181' title='bbox 1477 1404 1583 1465; x_wconf 92' lang='lat' dir='ltr'>quid</span> <span class='ocrx_word' id='word_1_182' title='bbox 1605 1405 1689 1452; x_wconf 89' lang='lat' dir='ltr'>tale</span> <span class='ocrx_word' id='word_1_183' title='bbox 1711 1404 1925 1452; x_wconf 91' lang='lat' dir='ltr'>accideret</span> 
     </span>
     <span class='ocr_line' id='line_1_19' title="bbox 116 1473 1922 1534; baseline -0.001 -14"><span class='ocrx_word' id='word_1_184' title='bbox 116 1475 370 1530; x_wconf 91' lang='lat' dir='ltr'>restiterint,</span> <span class='ocrx_word' id='word_1_185' title='bbox 403 1488 618 1534; x_wconf 92' lang='lat' dir='ltr'>quantum</span> <span class='ocrx_word' id='word_1_186' title='bbox 652 1474 784 1519; x_wconf 92' lang='lat' dir='ltr'>etiam</span> <span class='ocrx_word' id='word_1_187' title='bbox 818 1473 876 1519; x_wconf 95' lang='lat' dir='ltr'>ob</span> <span class='ocrx_word' id='word_1_188' title='bbox 910 1490 1006 1519; x_wconf 92' lang='lat' dir='ltr'>eam</span> <span class='ocrx_word' id='word_1_189' title='bbox 1039 1473 1175 1533; x_wconf 91' lang='lat' dir='ltr'>ipsam</span> <span class='ocrx_word' id='word_1_190' title='bbox 1211 1490 1383 1519; x_wconf 90' lang='lat' dir='ltr'>causam</span> <span class='ocrx_word' id='word_1_191' title='bbox 1414 1473 1646 1519; x_wconf 90' lang='lat' dir='ltr'>victoriam</span> <span class='ocrx_word' id='word_1_192' title='bbox 1679 1473 1846 1532; x_wconf 89' lang='lat' dir='ltr'>magnis</span> <span class='ocrx_word' id='word_1_193' title='bbox 1880 1486 1922 1519; x_wconf 94' lang='lat' dir='ltr'>et</span> 
     </span>
     <span class='ocr_line' id='line_1_20' title="bbox 114 1536 1922 1602; baseline -0.002 -13"><span class='ocrx_word' id='word_1_194' title='bbox 114 1542 363 1602; x_wconf 92' lang='lat' dir='ltr'>sumptibus</span> <span class='ocrx_word' id='word_1_195' title='bbox 391 1556 433 1588; x_wconf 91' lang='lat' dir='ltr'>et</span> <span class='ocrx_word' id='word_1_196' title='bbox 455 1540 659 1602; x_wconf 89' lang='lat' dir='ltr'>periculis</span> <span class='ocrx_word' id='word_1_197' title='bbox 684 1536 1006 1601; x_wconf 75' lang='lat' dir='ltr'>protraxerint.j</span> <span class='ocrx_word' id='word_1_198' title='bbox 1029 1541 1426 1587; x_wconf 89' lang='lat' dir='ltr'>Verumenimvero</span> <span class='ocrx_word' id='word_1_199' title='bbox 1454 1539 1594 1587; x_wconf 88' lang='lat' dir='ltr'>fatum</span> <span class='ocrx_word' id='word_1_200' title='bbox 1619 1539 1843 1601; x_wconf 89' lang='lat' dir='ltr'>quoddam</span> <span class='ocrx_word' id='word_1_201' title='bbox 1869 1557 1922 1587; x_wconf 83' lang='lat' dir='ltr'>ex</span> 
     </span>
     <span class='ocr_line' id='line_1_21' title="bbox 116 1607 1921 1671; baseline -0.002 -14"><span class='ocrx_word' id='word_1_202' title='bbox 116 1610 338 1671; x_wconf 89' lang='lat' dir='ltr'>ignoratis,</span> <span class='ocrx_word' id='word_1_203' title='bbox 362 1624 410 1656; x_wconf 94' lang='lat' dir='ltr'>ut</span> <span class='ocrx_word' id='word_1_204' title='bbox 431 1627 561 1670; x_wconf 91' lang='lat' dir='ltr'>supra</span> <span class='ocrx_word' id='word_1_205' title='bbox 583 1609 786 1665; x_wconf 88' lang='lat' dir='ltr'>diximus,</span> <span class='ocrx_word' id='word_1_206' title='bbox 810 1609 946 1656; x_wconf 91' lang='lat' dir='ltr'>causis</span> <span class='ocrx_word' id='word_1_207' title='bbox 966 1609 1230 1669; x_wconf 92' lang='lat' dir='ltr'>proveniens</span> <span class='ocrx_word' id='word_1_208' title='bbox 1253 1623 1295 1655; x_wconf 92' lang='lat' dir='ltr'>et</span> <span class='ocrx_word' id='word_1_209' title='bbox 1317 1608 1435 1655; x_wconf 91' lang='lat' dir='ltr'>illam</span> <span class='ocrx_word' id='word_1_210' title='bbox 1458 1623 1564 1655; x_wconf 91' lang='lat' dir='ltr'>tunc</span> <span class='ocrx_word' id='word_1_211' title='bbox 1585 1622 1627 1655; x_wconf 91' lang='lat' dir='ltr'>et</span> <span class='ocrx_word' id='word_1_212' title='bbox 1649 1607 1761 1655; x_wconf 91' lang='lat' dir='ltr'>hanc</span> <span class='ocrx_word' id='word_1_213' title='bbox 1782 1607 1921 1655; x_wconf 90' lang='lat' dir='ltr'>modo</span> 
     </span>
     <span class='ocr_line' id='line_1_22' title="bbox 116 1675 1918 1725; baseline -0.002 0"><span class='ocrx_word' id='word_1_214' title='bbox 116 1679 418 1725; x_wconf 90' lang='lat' dir='ltr'>necessitatem</span> <span class='ocrx_word' id='word_1_215' title='bbox 448 1677 594 1724; x_wconf 90' lang='lat' dir='ltr'>attulit</span> <span class='ocrx_word' id='word_1_216' title='bbox 623 1695 770 1724; x_wconf 89' lang='lat' dir='ltr'>rerum</span> <span class='ocrx_word' id='word_1_217' title='bbox 802 1678 861 1724; x_wconf 94' lang='lat' dir='ltr'>ita</span> <span class='ocrx_word' id='word_1_218' title='bbox 890 1676 1213 1724; x_wconf 90' lang='lat' dir='ltr'>mutandarum.</span> <span class='ocrx_word' id='word_1_219' title='bbox 1243 1677 1344 1723; x_wconf 91' lang='lat' dir='ltr'>Nisi</span> <span class='ocrx_word' id='word_1_220' title='bbox 1377 1675 1491 1723; x_wconf 89' lang='lat' dir='ltr'>forte</span> <span class='ocrx_word' id='word_1_221' title='bbox 1521 1694 1573 1723; x_wconf 88' lang='lat' dir='ltr'>ex</span> <span class='ocrx_word' id='word_1_222' title='bbox 1603 1676 1918 1723; x_wconf 88' lang='lat' dir='ltr'>honestissimis</span> 
     </span>
     <span class='ocr_line' id='line_1_23' title="bbox 116 1743 1924 1806; baseline -0.002 -12"><span class='ocrx_word' id='word_1_223' title='bbox 116 1747 266 1802; x_wconf 90' lang='lat' dir='ltr'>causis,</span> <span class='ocrx_word' id='word_1_224' title='bbox 290 1745 414 1802; x_wconf 92' lang='lat' dir='ltr'>idest,</span> <span class='ocrx_word' id='word_1_225' title='bbox 434 1746 611 1806; x_wconf 90' lang='lat' dir='ltr'>pietate,</span> <span class='ocrx_word' id='word_1_226' title='bbox 632 1745 878 1801; x_wconf 92' lang='lat' dir='ltr'>clementia,</span> <span class='ocrx_word' id='word_1_227' title='bbox 899 1745 1166 1805; x_wconf 90' lang='lat' dir='ltr'>benignitate</span> <span class='ocrx_word' id='word_1_228' title='bbox 1189 1746 1268 1792; x_wconf 90' lang='lat' dir='ltr'>ista</span> <span class='ocrx_word' id='word_1_229' title='bbox 1288 1745 1410 1806; x_wconf 92' lang='lat' dir='ltr'>sequi</span> <span class='ocrx_word' id='word_1_230' title='bbox 1433 1759 1589 1792; x_wconf 89' lang='lat' dir='ltr'>eventa</span> <span class='ocrx_word' id='word_1_231' title='bbox 1606 1759 1778 1805; x_wconf 92' lang='lat' dir='ltr'>putant,</span> <span class='ocrx_word' id='word_1_232' title='bbox 1802 1743 1924 1805; x_wconf 92' lang='lat' dir='ltr'>quod</span> 
     </span>
     <span class='ocr_line' id='line_1_24' title="bbox 115 1814 578 1862; baseline -0.002 0"><span class='ocrx_word' id='word_1_233' title='bbox 115 1814 474 1862; x_wconf 88' lang='lat' dir='ltr'>absurdissimum</span> <span class='ocrx_word' id='word_1_234' title='bbox 502 1829 578 1861; x_wconf 88' lang='lat' dir='ltr'>est.</span> 
     </span>
    </p>

    <p class='ocr_par' dir='ltr' id='par_1_3' title="bbox 114 1880 1926 2827">
     <span class='ocr_line' id='line_1_25' title="bbox 199 1880 1922 1943; baseline -0.001 -14"><span class='ocrx_word' id='word_1_235' title='bbox 199 1882 284 1930; x_wconf 92' lang='lat' dir='ltr'>Sed</span> <span class='ocrx_word' id='word_1_236' title='bbox 301 1882 467 1929; x_wconf 90' lang='lat' dir='ltr'>leviora</span> <span class='ocrx_word' id='word_1_237' title='bbox 485 1881 663 1943; x_wconf 92' lang='lat' dir='ltr'>quidem</span> <span class='ocrx_word' id='word_1_238' title='bbox 683 1881 788 1929; x_wconf 92' lang='lat' dir='ltr'>haec</span> <span class='ocrx_word' id='word_1_239' title='bbox 805 1881 1007 1929; x_wconf 86' lang='lat' dir='ltr'>fortunae</span> <span class='ocrx_word' id='word_1_240' title='bbox 1025 1881 1207 1929; x_wconf 90' lang='lat' dir='ltr'>vulnera</span> <span class='ocrx_word' id='word_1_241' title='bbox 1221 1896 1335 1929; x_wconf 93' lang='lat' dir='ltr'>sunt.</span> <span class='ocrx_word' id='word_1_242' title='bbox 1358 1881 1470 1929; x_wconf 94' lang='lat' dir='ltr'>Illud</span> <span class='ocrx_word' id='word_1_243' title='bbox 1486 1899 1594 1928; x_wconf 91' lang='lat' dir='ltr'>vero</span> <span class='ocrx_word' id='word_1_244' title='bbox 1611 1882 1781 1942; x_wconf 91' lang='lat' dir='ltr'>gravius</span> <span class='ocrx_word' id='word_1_245' title='bbox 1800 1880 1922 1942; x_wconf 95' lang='lat' dir='ltr'>quod</span> 
     </span>
     <span class='ocr_line' id='line_1_26' title="bbox 116 1950 1924 2011; baseline -0.001 -13"><span class='ocrx_word' id='word_1_246' title='bbox 116 1952 162 1998; x_wconf 94' lang='lat' dir='ltr'>in</span> <span class='ocrx_word' id='word_1_247' title='bbox 181 1969 340 2007; x_wconf 91' lang='lat' dir='ltr'>mores,</span> <span class='ocrx_word' id='word_1_248' title='bbox 360 1952 405 1997; x_wconf 92' lang='lat' dir='ltr'>in</span> <span class='ocrx_word' id='word_1_249' title='bbox 422 1950 718 2011; x_wconf 87' lang='lat' dir='ltr'>prudentiam,</span> <span class='ocrx_word' id='word_1_250' title='bbox 738 1951 783 1997; x_wconf 93' lang='lat' dir='ltr'>in</span> <span class='ocrx_word' id='word_1_251' title='bbox 803 1950 1058 2011; x_wconf 90' lang='lat' dir='ltr'>religionem</span> <span class='ocrx_word' id='word_1_252' title='bbox 1077 1950 1256 1998; x_wconf 91' lang='lat' dir='ltr'>tandem</span> <span class='ocrx_word' id='word_1_253' title='bbox 1275 1950 1508 1997; x_wconf 91' lang='lat' dir='ltr'>hominum</span> <span class='ocrx_word' id='word_1_254' title='bbox 1530 1965 1786 1997; x_wconf 92' lang='lat' dir='ltr'>nostrorum</span> <span class='ocrx_word' id='word_1_255' title='bbox 1808 1950 1924 1997; x_wconf 91' lang='lat' dir='ltr'>inveÎ‡</span> 
     </span>
     <span class='ocr_line' id='line_1_27' title="bbox 116 2018 1921 2079; baseline -0.001 -13"><span class='ocrx_word' id='word_1_256' title='bbox 116 2019 284 2067; x_wconf 91' lang='lat' dir='ltr'>huntur</span> <span class='ocrx_word' id='word_1_257' title='bbox 305 2019 513 2066; x_wconf 88' lang='lat' dir='ltr'>acerbius.</span> <span class='ocrx_word' id='word_1_258' title='bbox 535 2019 620 2066; x_wconf 90' lang='lat' dir='ltr'>Sed</span> <span class='ocrx_word' id='word_1_259' title='bbox 640 2018 693 2066; x_wconf 91' lang='lat' dir='ltr'>de</span> <span class='ocrx_word' id='word_1_260' title='bbox 713 2019 909 2066; x_wconf 90' lang='lat' dir='ltr'>moribus</span> <span class='ocrx_word' id='word_1_261' title='bbox 934 2018 1112 2079; x_wconf 90' lang='lat' dir='ltr'>quidem</span> <span class='ocrx_word' id='word_1_262' title='bbox 1132 2019 1340 2079; x_wconf 89' lang='lat' dir='ltr'>pauciora</span> <span class='ocrx_word' id='word_1_263' title='bbox 1360 2018 1545 2066; x_wconf 91' lang='lat' dir='ltr'>dicenda</span> <span class='ocrx_word' id='word_1_264' title='bbox 1562 2033 1678 2074; x_wconf 92' lang='lat' dir='ltr'>sunt,</span> <span class='ocrx_word' id='word_1_265' title='bbox 1700 2036 1755 2065; x_wconf 94' lang='lat' dir='ltr'>ne</span> <span class='ocrx_word' id='word_1_266' title='bbox 1777 2033 1819 2065; x_wconf 91' lang='lat' dir='ltr'>et</span> <span class='ocrx_word' id='word_1_267' title='bbox 1840 2036 1921 2065; x_wconf 95' lang='lat' dir='ltr'>nos</span> 
     </span>
     <span class='ocr_line' id='line_1_28' title="bbox 117 2086 1922 2148; baseline -0.001 -14"><span class='ocrx_word' id='word_1_268' title='bbox 117 2088 383 2134; x_wconf 91' lang='lat' dir='ltr'>morosiores</span> <span class='ocrx_word' id='word_1_269' title='bbox 409 2102 564 2134; x_wconf 91' lang='lat' dir='ltr'>contra</span> <span class='ocrx_word' id='word_1_270' title='bbox 586 2105 763 2134; x_wconf 90' lang='lat' dir='ltr'>morum</span> <span class='ocrx_word' id='word_1_271' title='bbox 787 2087 1057 2148; x_wconf 87' lang='lat' dir='ltr'>disputantes</span> <span class='ocrx_word' id='word_1_272' title='bbox 1076 2086 1365 2148; x_wconf 91' lang='lat' dir='ltr'>petulantiam</span> <span class='ocrx_word' id='word_1_273' title='bbox 1387 2086 1526 2134; x_wconf 89' lang='lat' dir='ltr'>videri</span> <span class='ocrx_word' id='word_1_274' title='bbox 1547 2087 1737 2148; x_wconf 91' lang='lat' dir='ltr'>cuipiam</span> <span class='ocrx_word' id='word_1_275' title='bbox 1761 2087 1922 2133; x_wconf 92' lang='lat' dir='ltr'>merito</span> 
     </span>
     <span class='ocr_line' id='line_1_29' title="bbox 114 2154 1920 2216; baseline -0.001 -14"><span class='ocrx_word' id='word_1_276' title='bbox 114 2156 343 2216; x_wconf 92' lang='lat' dir='ltr'>possimus.</span> <span class='ocrx_word' id='word_1_277' title='bbox 373 2159 470 2202; x_wconf 90' lang='lat' dir='ltr'>Sese</span> <span class='ocrx_word' id='word_1_278' title='bbox 494 2155 742 2215; x_wconf 84' lang='lat' dir='ltr'>expendant</span> <span class='ocrx_word' id='word_1_279' title='bbox 764 2156 839 2215; x_wconf 91' lang='lat' dir='ltr'>qui</span> <span class='ocrx_word' id='word_1_280' title='bbox 861 2173 941 2202; x_wconf 92' lang='lat' dir='ltr'>nos</span> <span class='ocrx_word' id='word_1_281' title='bbox 965 2155 1305 2215; x_wconf 87' lang='lat' dir='ltr'>reprehendunt.</span> <span class='ocrx_word' id='word_1_282' title='bbox 1330 2159 1384 2202; x_wconf 88' lang='lat' dir='ltr'>Et</span> <span class='ocrx_word' id='word_1_283' title='bbox 1407 2154 1460 2202; x_wconf 89' lang='lat' dir='ltr'>de</span> <span class='ocrx_word' id='word_1_284' title='bbox 1482 2155 1599 2202; x_wconf 91' lang='lat' dir='ltr'>oculi</span> <span class='ocrx_word' id='word_1_285' title='bbox 1622 2155 1744 2202; x_wconf 91' lang='lat' dir='ltr'>trabe</span> <span class='ocrx_word' id='word_1_286' title='bbox 1764 2155 1831 2201; x_wconf 92' lang='lat' dir='ltr'>sui</span> <span class='ocrx_word' id='word_1_287' title='bbox 1857 2155 1920 2214; x_wconf 93' lang='lat' dir='ltr'>(ut</span> 
     </span>
     <span class='ocr_line' id='line_1_30' title="bbox 115 2217 1922 2283; baseline -0.001 -13"><span class='ocrx_word' id='word_1_288' title='bbox 115 2217 277 2283; x_wconf 79' lang='lat' dir='ltr'>aiunt)k</span> <span class='ocrx_word' id='word_1_289' title='bbox 302 2241 434 2283; x_wconf 89' lang='lat' dir='ltr'>quarn</span> <span class='ocrx_word' id='word_1_290' title='bbox 460 2222 513 2269; x_wconf 92' lang='lat' dir='ltr'>de</span> <span class='ocrx_word' id='word_1_291' title='bbox 538 2222 667 2269; x_wconf 90' lang='lat' dir='ltr'>alieni</span> <span class='ocrx_word' id='word_1_292' title='bbox 692 2222 857 2269; x_wconf 87' lang='lat' dir='ltr'>festuca</span> <span class='ocrx_word' id='word_1_293' title='bbox 878 2222 1054 2269; x_wconf 91' lang='lat' dir='ltr'>solliciti</span> <span class='ocrx_word' id='word_1_294' title='bbox 1080 2223 1214 2283; x_wconf 90' lang='lat' dir='ltr'>magis</span> <span class='ocrx_word' id='word_1_295' title='bbox 1239 2240 1326 2269; x_wconf 91' lang='lat' dir='ltr'>esse</span> <span class='ocrx_word' id='word_1_296' title='bbox 1351 2222 1501 2269; x_wconf 90' lang='lat' dir='ltr'>velint.</span> <span class='ocrx_word' id='word_1_297' title='bbox 1529 2226 1799 2283; x_wconf 90' lang='lat' dir='ltr'>Quanquam</span> <span class='ocrx_word' id='word_1_298' title='bbox 1826 2237 1922 2269; x_wconf 91' lang='lat' dir='ltr'>tota</span> 
     </span>
     <span class='ocr_line' id='line_1_31' title="bbox 117 2290 1923 2351; baseline -0.001 -13"><span class='ocrx_word' id='word_1_299' title='bbox 117 2290 222 2338; x_wconf 92' lang='lat' dir='ltr'>haec</span> <span class='ocrx_word' id='word_1_300' title='bbox 244 2308 344 2351; x_wconf 91' lang='lat' dir='ltr'>pars</span> <span class='ocrx_word' id='word_1_301' title='bbox 371 2290 424 2337; x_wconf 90' lang='lat' dir='ltr'>de</span> <span class='ocrx_word' id='word_1_302' title='bbox 450 2291 647 2338; x_wconf 92' lang='lat' dir='ltr'>moribus</span> <span class='ocrx_word' id='word_1_303' title='bbox 678 2290 832 2338; x_wconf 91' lang='lat' dir='ltr'>melius</span> <span class='ocrx_word' id='word_1_304' title='bbox 858 2291 1052 2351; x_wconf 90' lang='lat' dir='ltr'>arguitur</span> <span class='ocrx_word' id='word_1_305' title='bbox 1077 2308 1209 2351; x_wconf 90' lang='lat' dir='ltr'>quam</span> <span class='ocrx_word' id='word_1_306' title='bbox 1236 2290 1408 2338; x_wconf 87' lang='lat' dir='ltr'>colitur.</span> <span class='ocrx_word' id='word_1_307' title='bbox 1435 2294 1592 2338; x_wconf 89' lang='lat' dir='ltr'>Sumus</span> <span class='ocrx_word' id='word_1_308' title='bbox 1620 2291 1739 2338; x_wconf 91' lang='lat' dir='ltr'>enim</span> <span class='ocrx_word' id='word_1_309' title='bbox 1768 2305 1923 2337; x_wconf 91' lang='lat' dir='ltr'>natura</span> 
     </span>
     <span class='ocr_line' id='line_1_32' title="bbox 115 2358 1918 2419; baseline 0 -13"><span class='ocrx_word' id='word_1_310' title='bbox 115 2377 271 2406; x_wconf 92' lang='lat' dir='ltr'>omnes</span> <span class='ocrx_word' id='word_1_311' title='bbox 289 2358 344 2406; x_wconf 87' lang='lat' dir='ltr'>ad</span> <span class='ocrx_word' id='word_1_312' title='bbox 358 2358 631 2419; x_wconf 92' lang='lat' dir='ltr'>peccandum</span> <span class='ocrx_word' id='word_1_313' title='bbox 647 2359 792 2419; x_wconf 86' lang='lat' dir='ltr'>proni.</span> <span class='ocrx_word' id='word_1_314' title='bbox 813 2363 867 2406; x_wconf 90' lang='lat' dir='ltr'>Et</span> <span class='ocrx_word' id='word_1_315' title='bbox 885 2359 960 2419; x_wconf 93' lang='lat' dir='ltr'>qui</span> <span class='ocrx_word' id='word_1_316' title='bbox 978 2358 1171 2406; x_wconf 90' lang='lat' dir='ltr'>deterior</span> <span class='ocrx_word' id='word_1_317' title='bbox 1185 2373 1262 2415; x_wconf 92' lang='lat' dir='ltr'>est,</span> <span class='ocrx_word' id='word_1_318' title='bbox 1281 2358 1397 2406; x_wconf 91' lang='lat' dir='ltr'>idem</span> <span class='ocrx_word' id='word_1_319' title='bbox 1415 2374 1477 2406; x_wconf 89' lang='lat' dir='ltr'>est</span> <span class='ocrx_word' id='word_1_320' title='bbox 1495 2358 1550 2406; x_wconf 90' lang='lat' dir='ltr'>ad</span> <span class='ocrx_word' id='word_1_321' title='bbox 1566 2358 1918 2406; x_wconf 90' lang='lat' dir='ltr'>maledicendum</span> 
     </span>
     <span class='ocr_line' id='line_1_33' title="bbox 114 2426 1922 2487; baseline -0.001 -13"><span class='ocrx_word' id='word_1_322' title='bbox 114 2428 333 2487; x_wconf 90' lang='lat' dir='ltr'>prontior.</span> <span class='ocrx_word' id='word_1_323' title='bbox 362 2426 572 2473; x_wconf 90' lang='lat' dir='ltr'>Meliores</span> <span class='ocrx_word' id='word_1_324' title='bbox 597 2444 685 2474; x_wconf 89' lang='lat' dir='ltr'>esse</span> <span class='ocrx_word' id='word_1_325' title='bbox 711 2428 757 2473; x_wconf 93' lang='lat' dir='ltr'>in</span> <span class='ocrx_word' id='word_1_326' title='bbox 782 2428 873 2474; x_wconf 90' lang='lat' dir='ltr'>vita</span> <span class='ocrx_word' id='word_1_327' title='bbox 895 2428 1042 2474; x_wconf 92' lang='lat' dir='ltr'>cuncti</span> <span class='ocrx_word' id='word_1_328' title='bbox 1066 2445 1308 2487; x_wconf 91' lang='lat' dir='ltr'>possumus.</span> <span class='ocrx_word' id='word_1_329' title='bbox 1340 2427 1424 2474; x_wconf 91' lang='lat' dir='ltr'>Sed</span> <span class='ocrx_word' id='word_1_330' title='bbox 1449 2445 1503 2474; x_wconf 91' lang='lat' dir='ltr'>ne</span> <span class='ocrx_word' id='word_1_331' title='bbox 1529 2426 1599 2474; x_wconf 93' lang='lat' dir='ltr'>ille</span> <span class='ocrx_word' id='word_1_332' title='bbox 1625 2426 1819 2487; x_wconf 92' lang='lat' dir='ltr'>quidem,</span> <span class='ocrx_word' id='word_1_333' title='bbox 1847 2427 1922 2487; x_wconf 94' lang='lat' dir='ltr'>qui</span> 
     </span>
     <span class='ocr_line' id='line_1_34' title="bbox 114 2494 1926 2556; baseline 0.001 -15"><span class='ocrx_word' id='word_1_334' title='bbox 114 2495 201 2542; x_wconf 89' lang='lat' dir='ltr'>Dei</span> <span class='ocrx_word' id='word_1_335' title='bbox 224 2495 426 2542; x_wconf 92' lang='lat' dir='ltr'>manibus</span> <span class='ocrx_word' id='word_1_336' title='bbox 450 2495 495 2541; x_wconf 92' lang='lat' dir='ltr'>in</span> <span class='ocrx_word' id='word_1_337' title='bbox 516 2494 718 2555; x_wconf 89' lang='lat' dir='ltr'>paradiso</span> <span class='ocrx_word' id='word_1_338' title='bbox 741 2509 908 2542; x_wconf 91' lang='lat' dir='ltr'>creatus</span> <span class='ocrx_word' id='word_1_339' title='bbox 929 2513 981 2542; x_wconf 86' lang='lat' dir='ltr'>ex</span> <span class='ocrx_word' id='word_1_340' title='bbox 1002 2494 1098 2542; x_wconf 92' lang='lat' dir='ltr'>luto</span> <span class='ocrx_word' id='word_1_341' title='bbox 1120 2509 1196 2551; x_wconf 93' lang='lat' dir='ltr'>est,</span> <span class='ocrx_word' id='word_1_342' title='bbox 1218 2513 1271 2542; x_wconf 86' lang='lat' dir='ltr'>ex</span> <span class='ocrx_word' id='word_1_343' title='bbox 1292 2513 1382 2556; x_wconf 93' lang='lat' dir='ltr'>quo</span> <span class='ocrx_word' id='word_1_344' title='bbox 1404 2509 1446 2542; x_wconf 93' lang='lat' dir='ltr'>et</span> <span class='ocrx_word' id='word_1_345' title='bbox 1467 2513 1633 2542; x_wconf 91' lang='lat' dir='ltr'>nomen</span> <span class='ocrx_word' id='word_1_346' title='bbox 1657 2494 1786 2542; x_wconf 90' lang='lat' dir='ltr'>habet</span> <span class='ocrx_word' id='word_1_347' title='bbox 1809 2494 1926 2555; x_wconf 92' lang='lat' dir='ltr'>apud</span> 
     </span>
     <span class='ocr_line' id='line_1_35' title="bbox 116 2562 1924 2624; baseline 0 -14"><span class='ocrx_word' id='word_1_348' title='bbox 116 2563 345 2610; x_wconf 86' lang='lat' dir='ltr'>Hebraeos</span> <span class='ocrx_word' id='word_1_349' title='bbox 370 2563 530 2619; x_wconf 90' lang='lat' dir='ltr'>Adam,</span> <span class='ocrx_word' id='word_1_350' title='bbox 555 2563 733 2624; x_wconf 89' lang='lat' dir='ltr'>[absque</span> <span class='ocrx_word' id='word_1_351' title='bbox 757 2578 940 2624; x_wconf 91' lang='lat' dir='ltr'>peccato</span> <span class='ocrx_word' id='word_1_352' title='bbox 962 2562 1057 2610; x_wconf 85' lang='lat' dir='ltr'>fuit.</span> <span class='ocrx_word' id='word_1_353' title='bbox 1081 2567 1219 2620; x_wconf 91' lang='lat' dir='ltr'>Nam]</span> <span class='ocrx_word' id='word_1_354' title='bbox 1245 2563 1502 2610; x_wconf 90' lang='lat' dir='ltr'>mandatum</span> <span class='ocrx_word' id='word_1_355' title='bbox 1528 2578 1813 2623; x_wconf 89' lang='lat' dir='ltr'>transgressus</span> <span class='ocrx_word' id='word_1_356' title='bbox 1839 2562 1924 2610; x_wconf 88' lang='lat' dir='ltr'>for-</span> 
     </span>
     <span class='ocr_line' id='line_1_36' title="bbox 116 2630 1923 2692; baseline 0.001 -15"><span class='ocrx_word' id='word_1_357' title='bbox 116 2632 298 2678; x_wconf 89' lang='lat' dir='ltr'>matoris</span> <span class='ocrx_word' id='word_1_358' title='bbox 323 2632 388 2677; x_wconf 95' lang='lat' dir='ltr'>sui</span> <span class='ocrx_word' id='word_1_359' title='bbox 415 2632 515 2687; x_wconf 93' lang='lat' dir='ltr'>Dei,</span> <span class='ocrx_word' id='word_1_360' title='bbox 539 2632 735 2691; x_wconf 90' lang='lat' dir='ltr'>peccavit</span> <span class='ocrx_word' id='word_1_361' title='bbox 760 2632 806 2677; x_wconf 93' lang='lat' dir='ltr'>in</span> <span class='ocrx_word' id='word_1_362' title='bbox 831 2649 989 2687; x_wconf 90' lang='lat' dir='ltr'>mores,</span> <span class='ocrx_word' id='word_1_363' title='bbox 1017 2646 1059 2678; x_wconf 92' lang='lat' dir='ltr'>et</span> <span class='ocrx_word' id='word_1_364' title='bbox 1082 2632 1239 2692; x_wconf 90' lang='lat' dir='ltr'>septies</span> <span class='ocrx_word' id='word_1_365' title='bbox 1263 2632 1307 2677; x_wconf 94' lang='lat' dir='ltr'>in</span> <span class='ocrx_word' id='word_1_366' title='bbox 1334 2631 1403 2678; x_wconf 91' lang='lat' dir='ltr'>die</span> <span class='ocrx_word' id='word_1_367' title='bbox 1428 2632 1564 2678; x_wconf 90' lang='lat' dir='ltr'>iustus</span> <span class='ocrx_word' id='word_1_368' title='bbox 1589 2645 1754 2692; x_wconf 86' lang='lat' dir='ltr'>peccat.</span> <span class='ocrx_word' id='word_1_369' title='bbox 1779 2635 1844 2678; x_wconf 94' lang='lat' dir='ltr'>Ut</span> <span class='ocrx_word' id='word_1_370' title='bbox 1869 2630 1923 2677; x_wconf 92' lang='lat' dir='ltr'>de</span> 
     </span>
     <span class='ocr_line' id='line_1_37' title="bbox 115 2698 1921 2759; baseline -0.001 -13"><span class='ocrx_word' id='word_1_371' title='bbox 115 2698 320 2746; x_wconf 90' lang='lat' dir='ltr'>Lucifero</span> <span class='ocrx_word' id='word_1_372' title='bbox 339 2700 515 2759; x_wconf 91' lang='lat' dir='ltr'>eiusque</span> <span class='ocrx_word' id='word_1_373' title='bbox 535 2699 790 2759; x_wconf 90' lang='lat' dir='ltr'>sequacibus</span> <span class='ocrx_word' id='word_1_374' title='bbox 810 2699 969 2759; x_wconf 88' lang='lat' dir='ltr'>angelis</span> <span class='ocrx_word' id='word_1_375' title='bbox 988 2714 1220 2755; x_wconf 90' lang='lat' dir='ltr'>taceamus,</span> <span class='ocrx_word' id='word_1_376' title='bbox 1239 2700 1360 2746; x_wconf 90' lang='lat' dir='ltr'>cuius</span> <span class='ocrx_word' id='word_1_377' title='bbox 1380 2700 1522 2746; x_wconf 90' lang='lat' dir='ltr'>maior</span> <span class='ocrx_word' id='word_1_378' title='bbox 1540 2699 1667 2759; x_wconf 91' lang='lat' dir='ltr'>culpa</span> <span class='ocrx_word' id='word_1_379' title='bbox 1686 2698 1769 2746; x_wconf 88' lang='lat' dir='ltr'>fuit</span> <span class='ocrx_word' id='word_1_380' title='bbox 1788 2717 1921 2759; x_wconf 90' lang='lat' dir='ltr'>quam</span> 
     </span>
     <span class='ocr_line' id='line_1_38' title="bbox 115 2766 1922 2827; baseline -0.001 -13"><span class='ocrx_word' id='word_1_381' title='bbox 115 2784 225 2827; x_wconf 90' lang='lat' dir='ltr'>quae</span> <span class='ocrx_word' id='word_1_382' title='bbox 245 2766 489 2814; x_wconf 90' lang='lat' dir='ltr'>condonari</span> <span class='ocrx_word' id='word_1_383' title='bbox 509 2767 719 2827; x_wconf 91' lang='lat' dir='ltr'>potuerit,</span> <span class='ocrx_word' id='word_1_384' title='bbox 742 2781 814 2814; x_wconf 93' lang='lat' dir='ltr'>aut</span> <span class='ocrx_word' id='word_1_385' title='bbox 835 2767 888 2814; x_wconf 94' lang='lat' dir='ltr'>de</span> <span class='ocrx_word' id='word_1_386' title='bbox 907 2785 992 2827; x_wconf 92' lang='lat' dir='ltr'>qua</span> <span class='ocrx_word' id='word_1_387' title='bbox 1013 2767 1097 2814; x_wconf 93' lang='lat' dir='ltr'>hoc</span> <span class='ocrx_word' id='word_1_388' title='bbox 1118 2768 1162 2813; x_wconf 92' lang='lat' dir='ltr'>in</span> <span class='ocrx_word' id='word_1_389' title='bbox 1183 2767 1284 2814; x_wconf 92' lang='lat' dir='ltr'>loco</span> <span class='ocrx_word' id='word_1_390' title='bbox 1305 2766 1401 2814; x_wconf 91' lang='lat' dir='ltr'>fieri</span> <span class='ocrx_word' id='word_1_391' title='bbox 1420 2785 1566 2814; x_wconf 91' lang='lat' dir='ltr'>sermo</span> <span class='ocrx_word' id='word_1_392' title='bbox 1587 2781 1805 2827; x_wconf 89' lang='lat' dir='ltr'>oporteat,</span> <span class='ocrx_word' id='word_1_393' title='bbox 1827 2784 1922 2813; x_wconf 93' lang='lat' dir='ltr'>nos-</span> 
     </span>
    </p>
   </div>
   <div class='ocr_carea' id='block_1_3' title="bbox 115 2958 1925 3226">
    <p class='ocr_par' dir='ltr' id='par_1_4' title="bbox 115 2958 1925 3174">
     <span class='ocr_line' id='line_1_39' title="bbox 195 2958 1923 3010; baseline -0.001 -10"><span class='ocrx_word' id='word_1_394' title='bbox 195 2958 203 2982; x_wconf 55' lang='grc' dir='ltr'><strong>á¼±</strong></span> <span class='ocrx_word' id='word_1_395' title='bbox 217 2964 283 3000; x_wconf 90' lang='lat' dir='ltr'>On</span> <span class='ocrx_word' id='word_1_396' title='bbox 296 2962 359 3000; x_wconf 87' lang='lat' dir='ltr'>the</span> <span class='ocrx_word' id='word_1_397' title='bbox 370 2963 462 3010; x_wconf 83' lang='lat' dir='ltr'>siege</span> <span class='ocrx_word' id='word_1_398' title='bbox 478 2962 520 3000; x_wconf 87' lang='lat' dir='ltr'>of</span> <span class='ocrx_word' id='word_1_399' title='bbox 532 2962 637 3000; x_wconf 88' lang='lat' dir='ltr'>Colle</span> <span class='ocrx_word' id='word_1_400' title='bbox 651 2962 716 3000; x_wconf 87' lang='lat' dir='ltr'>Val</span> <span class='ocrx_word' id='word_1_401' title='bbox 730 2962 847 3000; x_wconf 81' lang='lat' dir='ltr'>dâ€™Elsa</span> <span class='ocrx_word' id='word_1_402' title='bbox 863 2964 902 2999; x_wconf 90' lang='lat' dir='ltr'>in</span> <span class='ocrx_word' id='word_1_403' title='bbox 918 2966 1015 3006; x_wconf 89' lang='grc'>1479,</span> <span class='ocrx_word' id='word_1_404' title='bbox 1030 2977 1087 3000; x_wconf 87' lang='lat' dir='ltr'>see</span> <span class='ocrx_word' id='word_1_405' title='bbox 1103 2966 1127 3006; x_wconf 87' lang='grc' dir='ltr'>Î™,</span> <span class='ocrx_word' id='word_1_406' title='bbox 1142 2962 1247 3000; x_wconf 91' lang='lat' dir='ltr'>letter</span> <span class='ocrx_word' id='word_1_407' title='bbox 1259 2966 1313 3006; x_wconf 84' lang='lat'>69,</span> <span class='ocrx_word' id='word_1_408' title='bbox 1329 2974 1416 3000; x_wconf 88' lang='lat' dir='ltr'>note</span> <span class='ocrx_word' id='word_1_409' title='bbox 1429 2962 1460 3010; x_wconf 92' lang='lat' dir='ltr'>a)</span> <span class='ocrx_word' id='word_1_410' title='bbox 1477 2962 1601 3006; x_wconf 85' lang='lat' dir='ltr'>above,</span> <span class='ocrx_word' id='word_1_411' title='bbox 1616 2962 1687 3000; x_wconf 84' lang='lat' dir='ltr'>and</span> <span class='ocrx_word' id='word_1_412' title='bbox 1700 2962 1805 3006; x_wconf 81' lang='lat' dir='ltr'>Scala,</span> <span class='ocrx_word' id='word_1_413' title='bbox 1823 2965 1923 3006; x_wconf 80' lang='lat'>6,87-</span> 
     </span>
     <span class='ocr_line' id='line_1_40' title="bbox 116 3018 1925 3119; baseline -0.001 -9"><span class='ocrx_word' id='word_1_414' title='bbox 116 3018 158 3052; x_wconf 69' lang='lat'>8â¹</span> <span class='ocrx_word' id='word_1_415' title='bbox 176 3018 371 3110; x_wconf 47' lang='lat' dir='ltr'>[â€¡25O5Â¹Í¾5t(Í¾ilÎ‡e</span> <span class='ocrx_word' id='word_1_416' title='bbox 392 3071 568 3110; x_wconf 88' lang='lat' dir='ltr'>rebellion</span> <span class='ocrx_word' id='word_1_417' title='bbox 586 3071 627 3110; x_wconf 88' lang='lat' dir='ltr'>of</span> <span class='ocrx_word' id='word_1_418' title='bbox 645 3072 811 3110; x_wconf 88' lang='lat' dir='ltr'>Volterra</span> <span class='ocrx_word' id='word_1_419' title='bbox 830 3073 870 3109; x_wconf 91' lang='lat' dir='ltr'>in</span> <span class='ocrx_word' id='word_1_420' title='bbox 892 3076 978 3110; x_wconf 83' lang='lat'>1472</span> <span class='ocrx_word' id='word_1_421' title='bbox 998 3072 1069 3110; x_wconf 83' lang='lat' dir='ltr'>and</span> <span class='ocrx_word' id='word_1_422' title='bbox 1087 3072 1149 3110; x_wconf 83' lang='lat' dir='ltr'>the</span> <span class='ocrx_word' id='word_1_423' title='bbox 1169 3072 1245 3110; x_wconf 92' lang='lat' dir='ltr'>role</span> <span class='ocrx_word' id='word_1_424' title='bbox 1265 3071 1306 3110; x_wconf 91' lang='lat' dir='ltr'>of</span> <span class='ocrx_word' id='word_1_425' title='bbox 1324 3071 1386 3110; x_wconf 87' lang='lat' dir='ltr'>the</span> <span class='ocrx_word' id='word_1_426' title='bbox 1406 3073 1515 3110; x_wconf 92' lang='lat' dir='ltr'>Venti</span> <span class='ocrx_word' id='word_1_427' title='bbox 1533 3071 1572 3110; x_wconf 85' lang='lat' dir='ltr'>di</span> <span class='ocrx_word' id='word_1_428' title='bbox 1592 3071 1687 3109; x_wconf 72' lang='lat' dir='ltr'>Balla</span> <span class='ocrx_word' id='word_1_429' title='bbox 1707 3071 1779 3119; x_wconf 89' lang='lat' dir='ltr'>(for</span> <span class='ocrx_word' id='word_1_430' title='bbox 1799 3071 1925 3109; x_wconf 87' lang='lat' dir='ltr'>whom</span> 
     </span>
     <span class='ocr_line' id='line_1_41' title="bbox 115 3124 1133 3174; baseline 0 -11"><span class='ocrx_word' id='word_1_431' title='bbox 115 3124 212 3163; x_wconf 86' lang='lat' dir='ltr'>Scala</span> <span class='ocrx_word' id='word_1_432' title='bbox 229 3124 329 3163; x_wconf 85' lang='lat' dir='ltr'>acted</span> <span class='ocrx_word' id='word_1_433' title='bbox 347 3139 382 3163; x_wconf 86' lang='lat' dir='ltr'>as</span> <span class='ocrx_word' id='word_1_434' title='bbox 401 3125 629 3173; x_wconf 83' lang='lat' dir='ltr'>chancellor),</span> <span class='ocrx_word' id='word_1_435' title='bbox 646 3139 703 3163; x_wconf 82' lang='lat' dir='ltr'>see</span> <span class='ocrx_word' id='word_1_436' title='bbox 722 3128 779 3169; x_wconf 92' lang='grc' dir='ltr'>Î™Î ,</span> <span class='ocrx_word' id='word_1_437' title='bbox 801 3129 830 3170; x_wconf 89' lang='lat'>1,</span> <span class='ocrx_word' id='word_1_438' title='bbox 848 3138 935 3164; x_wconf 90' lang='lat' dir='ltr'>note</span> <span class='ocrx_word' id='word_1_439' title='bbox 953 3125 989 3174; x_wconf 95' lang='lat' dir='ltr'>b)</span> <span class='ocrx_word' id='word_1_440' title='bbox 1009 3126 1133 3163; x_wconf 87' lang='lat' dir='ltr'>above.</span> 
     </span>
    </p>

    <p class='ocr_par' dir='ltr' id='par_1_5' title="bbox 195 3177 956 3226">
     <span class='ocr_line' id='line_1_42' title="bbox 195 3177 956 3226; baseline 0 -6"><span class='ocrx_word' id='word_1_441' title='bbox 195 3177 213 3202; x_wconf 48' lang='grc' dir='ltr'>Î’</span> <span class='ocrx_word' id='word_1_442' title='bbox 231 3181 290 3220; x_wconf 85' lang='lat' dir='ltr'>Cf.</span> <span class='ocrx_word' id='word_1_443' title='bbox 309 3182 441 3220; x_wconf 55' lang='grc' dir='ltr'>ÎÎ¹Îºá½¼.</span> <span class='ocrx_word' id='word_1_444' title='bbox 460 3186 573 3226; x_wconf 82' lang='lat'>7:3-4,</span> <span class='ocrx_word' id='word_1_445' title='bbox 593 3182 664 3220; x_wconf 82' lang='lat' dir='ltr'>and</span> <span class='ocrx_word' id='word_1_446' title='bbox 681 3182 781 3220; x_wconf 79' lang='lat' dir='ltr'>Luke</span> <span class='ocrx_word' id='word_1_447' title='bbox 799 3186 956 3220; x_wconf 58' lang='grc' dir='ltr'><strong>(ÎºÎ·-42.</strong></span> 
     </span>
    </p>
   </div>
  </div>
 </body>
</html>
