2124 3458
116 185 299 218 ESSAYS
1819 178 1910 219 385

116 323 459 369 cessisset—nam
495 335 538 368 et
572 322 660 381 ipse
696 320 870 368 aderam
903 321 1018 367 inter
1048 335 1574 382 spectatores—quaenam
1609 336 1716 368 esset
1754 323 1913 382 rogavi.

116 393 244 449 Quae
272 389 519 449 ‘Temporis
547 388 637 435 filia
658 392 785 444 sum,’
816 389 971 449 inquit,
1000 386 1199 449 ‘quam¹⁰⁵
1225 388 1458 436 clarissima
1484 389 1536 436 de
1560 404 1687 449 gente
1711 389 1913 436 substulit

117 458 365 518 Hyperion.
386 461 477 503 Vos
497 474 567 503 me
585 457 894 512 Occasionem,
911 457 1055 517 superi
1074 471 1233 503 vocant
1251 457 1467 512 Gratiam,
1485 474 1533 503 ac
1551 456 1753 504 fortunae
1772 457 1915 504 multo

115 542 248 585 quam
284 525 520 585 sapientiae
558 523 825 571 familiarior.
864 527 974 571 Non
1014 524 1192 571 revenio
1229 525 1387 571 omissa
1424 524 1572 580 semel;
1611 542 1655 571 re
1693 539 1766 571 aut
1803 525 1919 572 salva

115 590 243 640 aut¹⁰⁶
275 591 446 653 perdita
475 592 510 639 si
545 592 625 639 rite
657 591 785 648 colas,
818 591 1022 653 prodesse
1054 609 1232 653 possum
1269 591 1538 639 mortalibus.
1574 596 1738 640 Versor
1769 607 1916 640 autem

114 660 344 708 vobiscum
371 659 463 707 fato
487 659 839 707 incommutabili
865 659 1049 707 deorum
1075 660 1339 721 ambuloque
1366 658 1478 707 ob¹⁰⁷
1505 660 1668 708 oculos.
1694 665 1786 708 Vos
1811 679 1917 708 vero

115 729 230 776 caeci
250 729 379 775 estis.’

885 867 951 910 69.
977 867 1145 910 Lumen

935 932 998 987 Bi,
1024 936 1098 978 16r

114 1038 285 1081 Avarus
300 1052 402 1081 cum
420 1038 677 1090 Lucernam,
694 1033 815 1095 quod
831 1035 1018 1081 nimium
1037 1034 1122 1081 olei
1138 1034 1397 1091 absumeret,
1416 1034 1652 1082 immodice
1672 1035 1918 1096 increpitas-

112 1117 191 1158 set,
212 1106 299 1149 ‘aut
321 1102 562 1149 maledictis
578 1106 736 1163 parce,’
757 1106 953 1149 Lucerna
971 1103 1127 1163 inquit,
1149 1106 1236 1150 ‘aut
1256 1121 1326 1150 me
1345 1104 1519 1150 missam
1541 1102 1647 1159 face,
1665 1104 1699 1150 si
1721 1121 1813 1150 non
1831 1103 1918 1164 pla-

113 1185 213 1217 cent
232 1173 405 1217 mores.'
428 1170 520 1217 Ubi
540 1188 644 1230 ergo
662 1171 844 1217 misisset
865 1185 994 1231 atque
1012 1171 1237 1231 ingruisset
1258 1171 1461 1231 surgendi
1482 1171 1718 1231 aliquando
1738 1172 1915 1218 necessi-

112 1253 177 1285 tas
200 1253 330 1285 nocte
356 1239 630 1299 intempesta,
654 1238 806 1285 cubilis
833 1237 1000 1285 formae
1022 1256 1102 1299 per
1122 1256 1329 1286 somnum
1358 1238 1520 1286 oblitus
1545 1239 1651 1286 dum
1678 1239 1763 1286 huc
1789 1254 1918 1300 atque

114 1306 248 1353 illhuc
268 1321 433 1352 temere
450 1320 591 1353 versat
609 1306 806 1366 gradum,
827 1324 879 1353 ex
899 1306 1041 1353 fulcro
1062 1324 1158 1353 crus
1178 1306 1383 1367 disfregit.
1406 1311 1602 1354 Lucerna
1621 1325 1673 1354 ex
1692 1325 1746 1354 eo
1764 1307 1916 1354 lumen

112 1392 245 1421 avaro
263 1374 443 1434 praebet
464 1373 730 1434 prodestque
750 1392 831 1421 suo
851 1375 1054 1435 pessimo.

219 1578 282 1632 Bi,
308 1581 509 1632 16v-18r,
531 1580 614 1632 Str,
637 1582 691 1623 57
714 1514 1296 1638 (autogrzghiiltliiilgiliitransl.
1322 1582 1445 1634 Ross,
1469 1581 1603 1634 Lives‚
1624 1583 1804 1625 255-56.

113 1678 216 1724 Levi
240 1677 293 1724 de
317 1695 361 1724 re
385 1677 610 1738 quondam
634 1695 783 1738 graves
805 1678 859 1725 ad
882 1678 994 1725 hanc
1014 1696 1149 1739 usque
1174 1678 1291 1725 diem
1314 1696 1414 1726 cum
1438 1683 1665 1726 Vetustate
1688 1683 1916 1726 Immorta-

111 1745 208 1792 litas
234 1760 405 1792 exercet
429 1746 691 1792 inimicitias.
721 1746 963 1793 Graculum
992 1764 1014 1793 e
1040 1744 1198 1793 nido¹⁰⁸
1229 1747 1440 1794 nutrierat
1467 1747 1779 1794 Immortalitas
1804 1747 1916 1794 calli·

112 1811 287 1870 dum,¹⁰⁹
313 1813 522 1870 furacem,
547 1814 836 1874 Ingeniosum,
863 1812 1079 1875 quique¹¹⁰
1102 1815 1235 1862 verba
1257 1830 1406 1862 nostra
1430 1813 1621 1876 neque¹¹¹
1648 1816 1913 1862 inconcinne

112 1882 274 1929 imitari
312 1883 605 1929 consuevisset
647 1880 994 1943 habueratque¹¹²
1035 1883 1079 1929 in
1119 1882 1277 1930 delitiis
1314 1901 1452 1930 annos
1492 1881 1631 1930 iam¹¹³
1673 1884 1913 1944 noningen-

111 1964 195 2006 tos,
221 1949 492 2010 probante¹¹⁴
523 1951 695 2006 vicinia,
722 1965 879 2011 utputa
905 1951 974 1997 cui
999 1951 1196 2011 graculus
1222 1969 1346 2012 saepe
1374 1952 1481 1998 risus
1512 1949 1701 1998 daret.¹¹⁵
1728 1956 1762 1997 E
1790 1952 1916 1998 cistu-

111 2017 162 2064 lis
180 2018 299 2064 enim
318 2017 578 2078 plerumque
596 2019 772 2065 sutoriis
791 2036 892 2065 cum
913 2018 1024 2066 clam
1040 2018 1318 2066 subtraxisset
1338 2019 1491 2066 anulos
1512 2034 1584 2066 aut
1602 2037 1702 2066 acus
1719 2034 1792 2066 aut
1812 2019 1919 2080 quid

111 2085 230 2132 aliud
250 2086 483 2142 sutorium,
512 2103 618 2132 mox
642 2086 761 2133 ultro
786 2086 1038 2133 restituebat
1062 2087 1371 2147 inexpectatus.
1396 2087 1567 2134 Puellae
1592 2105 1768 2148 quoque
1794 2088 1916 2134 eunti

110 2154 227 2200 viam
253 2171 275 2200 e
300 2168 421 2201 tecto
442 2172 567 2214 saepe
593 2169 666 2201 aut
691 2154 845 2201 arbore
871 2155 1259 2215 incognoscendus,
1288 2173 1389 2202 cum
1415 2156 1707 2216 spectantium
1734 2156 1820 2203 risu
1846 2174 1915 2216 ap·

109 2221 364 2282 plausuque,
392 2223 630 2282 ingenuum
654 2223 841 2269 excitare
861 2221 1121 2270 ruborem¹¹⁶
1148 2238 1238 2270 erat
1257 2223 1410 2270 solitus
1435 2242 1535 2270 cum
1558 2223 1717 2271 blande
1737 2224 1912 2271 submu-

112 2304 326 2336 rmuraret
368 2293 456 2334 “Q
495 2295 623 2345 κόρη
668 2288 857 2346 mmm
901 2290 1125 2350 (didicerat
1161 2292 1279 2338 enim
1322 2306 1363 2338 et
1400 2293 1564 2351 graece)
1604 2294 1754 2347 ἠλίον
1793 2290 1911 2348 ώς118

110 2360 383 2413 ὁμοιοτάτη
428 2355 613 2413 ᾠωτί.119
654 2361 769 2418 Ergo
809 2356 963 2405 cum¹²⁰
1006 2358 1227 2405 invidisset
1268 2374 1471 2415 vetustas,
1512 2359 1672 2406 morbo
1715 2360 1912 2406 immisso

111 2442 202 2485 quo
229 2442 355 2485 saepe
385 2426 588 2472 ministro
617 2426 770 2481 utitur,
799 2427 1021 2473 interemit
1048 2426 1284 2486 graculum.
1317 2428 1438 2474 Hinc
1467 2442 1616 2474 ortum
1645 2427 1810 2474 bellum
1840 2442 1916 2474 est.

110 2496 313 2539 Vetustas
341 2492 643 2553 frequentibus
669 2494 933 2541 successibus
961 2512 1062 2541 cum
1091 2494 1253 2555 oppida
1278 2495 1497 2555 permulta
1524 2496 1704 2555 cepisset
1731 2493 1910 2556 atque¹²¹

111 2561 348 2617 evertisset,
369 2562 668 2608 necessitatem
689 2561 1013 2609 Immortalitati
1033 2562 1135 2609 fecit
1155 2563 1199 2609 in
1221 2562 1455 2619 librariam,
1478 2563 1522 2610 id
1541 2564 1628 2610 arci
1649 2581 1814 2610 nomen
1836 2578 1913 2619 est,

111 2628 291 2676 tandem
331 2627 639 2689 refugiendi.¹²²
680 2630 825 2677 Posita
862 2648 968 2677 vero
1007 2645 1158 2678 monte
1198 2632 1243 2677 in
1282 2631 1452 2678 excelso
1490 2629 1615 2678 arx¹²³
1658 2646 1733 2678 est.
1773 2633 1913 2678 Aenei

112 2698 227 2743 muri
243 2712 344 2744 sunt
362 2712 404 2744 et
418 2698 747 2758 propugnacula
764 2696 962 2754 aenea3¹²⁴
979 2699 1136 2759 privati
1152 2697 1350 2746 autem¹²⁵
1369 2717 1391 2746 e
1407 2699 1540 2746 cedro
1556 2717 1687 2760 quam
1704 2700 1914 2747 odoratis-

109 2765 219 2811 sima
239 2766 436 2825 parietes.
459 2767 628 2812 Ternae
647 2781 820 2813 tantum
839 2766 1007 2826 puellae
1028 2767 1225 2814 cantibus
1248 2767 1385 2814 modo
1406 2782 1448 2814 et
1470 2768 1675 2823 numeris,
1699 2767 1820 2828 quod
1840 2769 1913 2814 vix

113 2831 365 2879 habiturum
405 2834 459 2879 sit
499 2833 615 2893 apud
653 2834 823 2893 ignaros
862 2833 1060 2881 rerum¹²⁶
1102 2834 1251 2890 fidem,
1289 2835 1404 2882 solae
1442 2835 1683 2882 absterrent
1722 2835 1907 2882 hostem.

110 2897 206 2946 Si¹²⁷
232 2900 477 2960 puellarum
507 2900 661 2948 harum
690 2901 847 2948 modos
874 2901 1028 2949 litteris
1053 2903 1239 2962 excipias
1264 2902 1459 2963 ferasque
1485 2918 1532 2949 ut
1558 2917 1710 2963 pectus
1735 2917 1913 2962 tangant

113 2967 281 3014 nudum
312 2983 354 3014 et
377 2968 646 3028 praecordia,
674 2968 781 3015 nihil
809 2984 871 3016 est
897 2987 1031 3030 aeque
1057 2985 1211 3016 contra
1236 2988 1389 3017 omnes
1417 2985 1458 3017 et
1484 2971 1680 3031 corporis
1710 2985 1751 3017 et
1776 2971 1911 3017 animi

113 3035 294 3082 morbos
315 3035 513 3082 salutare.
