2118 3444
217 159 305 199 176
1841 165 1979 199 PART
2004 166 2018 199 1

213 303 319 350 bent
337 303 647 350 concitationis
665 316 794 362 atque
809 302 1059 349 animorum
1078 302 1277 362 graviora
1289 316 1404 358 sunt,
1423 302 1543 363 quod
1559 317 1707 350 tamen
1724 302 1907 350 forsitan
1921 321 2023 364 poe-

213 386 281 418 tae
304 371 572 431 negaverint,
595 388 786 431 quorum
811 369 995 417 buccina
1016 388 1141 431 saepe
1164 369 1360 417 inflatior
1380 370 1534 418 melius
1556 370 1749 432 complet
1773 389 1907 418 aures.

298 438 472 486 Dedisti
497 439 582 486 iam
607 439 745 486 errori
767 438 956 495 veniam,
982 438 1102 499 quod
1127 453 1169 486 te
1192 438 1372 499 dignum
1399 437 1495 495 fuit3
1517 439 1578 486 sic
1601 443 1772 487 Heroes
1796 439 2022 501 quondam

213 508 519 569 magnanimos
537 507 751 554 factitasse
767 508 1024 568 accepimus.
1043 511 1110 554 Ac
1126 507 1206 554 tibi
1221 525 1396 568 quoque
1415 507 1522 555 illud
1537 507 1653 569 apud
1667 512 1903 556 Maronem
1920 508 2021 556 dici-

212 591 296 624 tur:
332 580 407 623 ‘At
440 590 488 623 tu
519 580 719 622 Romane
754 579 1009 631 memento,'
1043 569 1144 622 etc.b
1176 577 1310 623 Nosti
1342 594 1530 623 carmen.
1564 579 1790 624 Generosa
1817 576 2022 637 profecto

213 662 337 691 mens
359 662 468 704 quae
491 642 579 690 autl
603 662 694 690 non
715 658 1026 690 commovetur
1048 644 1214 690 iniuriis
1236 658 1307 690 aut
1329 659 1604 704 acceptarum
1622 644 1689 691 vel
1712 644 1849 692 inulta
1867 644 2020 691 oblivi-

211 713 358 759 scitur.
385 711 526 770 Quod
548 711 637 758 dixi
659 726 702 758 te
722 711 774 758 de
795 711 950 758 litteris
971 711 1361 772 triumphaturum,
1388 730 1479 758 non
1501 730 1602 759 eum
1624 730 1799 759 sensum
1825 712 1954 760 habet
1974 727 2022 760 ut

213 798 293 840 ego
315 794 357 826 te
377 779 623 826 litterarum
647 779 789 826 dicere
811 779 983 826 hostem
1005 779 1254 835 voluerim,c
1277 797 1462 840 quarum
1483 779 1802 840 professoribus
1828 780 1937 827 nihil
1959 795 2021 828 est

212 862 285 895 aut
314 862 389 894 tua
416 847 554 894 domo
583 861 655 894 aut
683 861 726 894 te
753 848 848 907 ipso
879 847 1147 907 hospitalius3
1178 847 1253 894 sed
1278 862 1378 894 sunt
1408 847 1503 894 illae
1531 847 1632 894 loco
1658 849 1825 908 positae
1854 848 2025 896 excelso

212 930 342 975 atque
369 933 536 975 aspero;
565 929 605 962 et
632 916 706 975 qui
733 915 852 975 cupit
879 929 1076 975 optatam
1103 933 1229 962 cursu
1256 916 1508 975 contingere
1535 930 1712 971 metam,
1740 915 1877 963 multa
1902 915 2017 972 tulit,

213 983 403 1043 fecitque
430 1001 553 1043 puer,
583 982 769 1039 sudavit,
799 997 840 1030 et
869 977 999 1030 alsit.‘²¹
1026 985 1089 1030 Te
1119 982 1226 1029 nihil
1257 982 1481 1039 deterruit,
1510 983 1618 1029 nihil
1648 985 1884 1040 revocavit,
1913 987 2022 1031 ‘non

212 1052 316 1099 anni
337 1050 549 1098 domuere
571 1050 738 1107 decem,
759 1069 851 1098 non
871 1050 989 1098 mille
1010 1051 1224 1098 carinae.’e
1242 1051 1399 1098 Tulisti
1420 1051 1472 1099 de
1489 1051 1644 1098 litteris
1662 1051 1954 1112 triumphum,
1978 1051 2023 1099 id

212 1134 289 1176 est,
315 1137 384 1166 eas
411 1119 600 1166 habuisti
627 1120 671 1165 in
696 1133 928 1180 potestate,
954 1137 1062 1180 quae
1090 1119 1329 1166 immortali
1355 1134 1397 1166 te
1421 1119 1662 1167 admodum
1688 1119 1826 1180 gloria
1850 1119 2024 1167 decora-

212 1202 323 1235 rent.
349 1192 510 1248 Neque
537 1187 681 1235 Gothi
707 1187 817 1233 mihi
843 1187 1132 1248 triumphasse
1162 1187 1214 1235 de
1237 1187 1391 1235 litteris
1417 1202 1489 1235 aut
1515 1206 1668 1235 omnes
1695 1187 1790 1236 illae
1816 1188 2022 1236 barbarae

211 1271 360 1317 gentes
376 1255 516 1303 videri
532 1255 690 1312 solent,
709 1257 870 1317 quippe
891 1274 999 1317 quae
1017 1274 1085 1303 eas
1103 1274 1156 1303 ne
1174 1257 1323 1303 norint
1343 1256 1521 1317 quidem
1539 1274 1679 1317 neque
1698 1274 1863 1304 nomen
1881 1256 2022 1304 audie-

212 1326 315 1380 rint,
341 1324 506 1371 nedum
533 1324 719 1371 adierint
743 1325 873 1371 armis
897 1339 1026 1385 atque
1050 1325 1406 1385 expugnaverint.
1433 1329 1532 1372 Nec
1554 1325 1696 1372 solent
1723 1325 1818 1372 illae
1842 1325 2021 1386 quidem

212 1392 436 1440 machinas
462 1393 602 1439 vereri
624 1392 854 1452 praeliares
879 1407 920 1439 et
944 1407 1180 1448 tormenta3
1204 1392 1351 1440 studio
1377 1407 1505 1453 atque
1529 1392 1683 1440 officio
1707 1393 1946 1450 leniuntur,
1972 1407 2021 1440 ut

212 1475 363 1508 noster
388 1460 441 1507 de
466 1461 640 1507 Litteris
662 1454 886 1521 apologusf
913 1460 1092 1508 fortasse
1118 1478 1209 1508 non
1233 1478 1541 1521 usquequaque
1568 1461 1751 1508 insulsus
1779 1462 1936 1508 nititur
1957 1479 2021 1509 os·

211 1528 405 1576 tendere.
426 1533 526 1575 Nec
547 1528 668 1589 quod
689 1528 742 1575 de
762 1530 984 1589 occupatis
1006 1547 1029 1576 a
1048 1528 1174 1576 vobis
1196 1528 1302 1576 locis
1322 1530 1471 1590 scripsi
1491 1530 1666 1590 penitus
1685 1529 1922 1576 absurdum
1945 1544 2021 1577 est.

210 1602 333 1644 Nam
357 1611 399 1644 et
419 1597 685 1657 posteriores
707 1598 752 1642 in
776 1596 1000 1657 evangelio
1022 1598 1209 1657 operarii
1232 1615 1323 1644 non
1346 1598 1490 1644 minus
1515 1597 1726 1644 mercedis
1746 1597 2022 1645 retulerunt.g

211 1665 525 1712 Fortunatiora
553 1679 669 1711 certe
697 1679 798 1711 sunt
830 1666 909 1712 ista
938 1679 1139 1725 tempora
1167 1666 1262 1725 quis
1293 1666 1512 1725 negaverit
1540 1666 1699 1712 nostris
1729 1665 2017 1726 temporibus,

212 1748 428 1794 quantum
456 1732 510 1780 ad
532 1733 697 1780 litteras
718 1732 871 1780 saltem
895 1734 1108 1794 pertinet?
1132 1737 1259 1780 Voco
1285 1748 1430 1781 autem
1456 1748 1604 1781 nostra
1628 1734 1796 1794 vagitus
1821 1733 1934 1781 illius
1958 1734 2023 1781 tui

211 1816 428 1862 tempora,
459 1802 504 1847 in
534 1801 691 1862 quibus
721 1816 763 1849 et
789 1801 1004 1849 librorum
1037 1816 1078 1849 et
1103 1816 1454 1863 praeceptorum,
1484 1820 1535 1849 ex
1564 1802 1720 1863 quibus
1750 1803 1870 1863 quasi
1898 1801 2022 1850 fonte

212 1870 407 1931 quodam
442 1885 564 1917 certo
595 1870 764 1917 litterae
797 1870 1071 1927 hauriuntur,
1105 1871 1289 1931 penuria
1320 1888 1556 1931 permagna
1589 1869 1684 1918 fuit.
1717 1874 1805 1918 Suo
1839 1871 2020 1932 quisque

210 1943 356 1986 Marte
374 1938 481 1999 quid
496 1953 675 1999 possent
694 1939 806 1986 vires
823 1938 1139 1999 experiebatur,
1157 1938 1273 1986 unde
1292 1938 1430 1986 multa
1446 1939 1552 1986 vitia
1567 1938 1845 1987 inhaeserunt
1865 1939 2020 1987 menti-

210 2007 303 2054 bus.
328 2011 420 2067 Ego
444 2022 560 2054 certe
582 2008 657 2068 qui
678 2006 790 2054 illius
815 2008 965 2055 aetatis
984 2007 1139 2054 imbibi
1163 2007 1381 2068 aquulam,
1404 2008 1477 2054 vix
1497 2007 1551 2055 ad
1570 2022 1764 2055 vestrum
1788 2007 1905 2055 hunc
1928 2026 2020 2055 mo-

211 2075 318 2123 dum
341 2075 553 2136 depurare
573 2075 795 2123 turbidam
816 2094 995 2136 possum
1020 2090 1061 2123 et
1080 2076 1134 2123 ad
1151 2076 1367 2137 liquidum
1390 2076 1505 2124 istud
1525 2077 1794 2137 tempestatis
1813 2076 1940 2124 huius
1961 2094 2022 2124 re-

210 2162 381 2190 vocare.
423 2148 521 2190 Hos
564 2162 644 2204 ego
683 2145 838 2191 vocavi
879 2162 1016 2191 annos
1058 2144 1272 2200 meliores,
1316 2145 1395 2191 nisi
1436 2159 1483 2191 tu
1525 2144 1649 2191 aliter
1684 2145 1854 2192 sentias.
1896 2144 2016 2192 Vale.

210 2212 481 2259 Mccccxciii.
503 2211 764 2259 Florentiae.

289 2825 305 2849 '²
323 2833 426 2878 Verg.
444 2832 534 2868 Aen.
552 2833 692 2875 VI‚851.

290 2894 303 2908 ⁶
324 2891 386 2926 See
411 2888 595 2927 Poliziano
618 2901 657 2927 to
681 2888 788 2933 Scala,
811 2892 888 2933 V,5,
916 2893 990 2927 145:
1016 2891 1221 2927 ‘Caeterum
1242 2888 1464 2937 triumphare
1486 2888 1530 2927 de
1552 2888 1689 2933 litteris,
1712 2902 1790 2926 non
1810 2900 1862 2926 est
1882 2902 2016 2926 meum.

211 2940 370 2989 Quando
391 2941 489 2978 enim
506 2940 599 2977 mihi
616 2940 695 2978 illae
713 2940 832 2978 hostes
853 2943 879 2978 ?’

289 2994 305 3018 ‘¹
324 3002 478 3043 Horace,
495 3001 572 3043 Ars,
591 3003 738 3037 412—13.

291 3063 302 3077 ⁶
320 3057 451 3106 Vergil,
469 3060 559 3095 Aen.
577 3061 689 3095 2198.

290 3109 300 3133 f
317 3116 394 3153 The
412 3116 589 3164 apologue
609 3117 798 3160 ‘Litterae,'
817 3117 855 3153 in
872 3116 934 3154 the
949 3116 1183 3164 Apologorum
1202 3116 1303 3154 Liber
1318 3116 1495 3159 Secundus,
1514 3119 1591 3159 V,7,
1612 3115 1741 3159 below,
1760 3118 1879 3153 no.70.

291 3177 304 3199 Β
322 3172 454 3210 Matth.
474 3176 655 3210 20:10—14.
