2124 3458
125 187 298 221 POEMS
1831 177 1921 218 419

330 327 451 369 Nam
475 321 557 369 fuit
580 323 625 368 in
646 321 764 368 silvis
784 321 876 368 sola
899 320 1003 368 haec
1024 320 1203 367 infamia
1224 322 1394 367 nostris.
1769 334 1807 366 65

332 394 467 437 Hunc
489 390 631 450 tetigit
653 406 793 450 nuper
811 389 1048 449 praestanti
1070 389 1261 436 carmine
1282 388 1495 449 Daphnis.

331 462 384 505 Et
404 457 567 518 placuit
590 457 751 504 merito
772 456 925 504 divino
947 457 992 502 in
1015 457 1206 503 carmine
1227 455 1441 517 Daphnis.

330 525 544 586 Daphnin
567 524 622 572 ad
641 539 753 572 astra
772 542 939 580 omnes,
965 539 1231 585 rumpuntur
1254 539 1295 571 at
1317 523 1388 571 ilia
1407 525 1532 571 Erito

331 593 499 641 Invidia
520 592 764 654 refugitque
786 608 935 640 tamen
956 610 1216 640 concurrere
1237 593 1340 648 vati,

331 666 521 723 Hocque
541 662 652 722 sapit
674 662 884 722 quoniam
907 661 967 708 sic
987 676 1106 708 vates
1126 661 1241 708 inter
1259 662 1417 717 Eritus,
1767 675 1809 706 70

330 734 394 778 Ut
416 730 752 777 Philomenaeos
776 730 958 776 crocitat
979 729 1202 777 cornicula
1223 744 1386 776 cantus.

329 802 466 845 Nunc
489 816 583 858 ego,
605 799 640 844 si
663 797 808 853 libeat,
831 797 1015 844 referam
1035 797 1116 844 tibi
1138 798 1331 844 carmina
1351 798 1446 858 quis
1468 812 1574 844 tunc

330 867 500 913 Exussit
525 865 775 921 Charimm,
800 866 982 912 memini
1005 865 1184 926 quando
1206 866 1369 921 omnia,
1395 882 1567 925 nanque

331 933 475 981 Altius
500 933 729 981 haeserunt
751 934 902 980 animo
924 951 1076 994 resque
1098 934 1188 994 ipsa
1210 951 1358 980 recens
1379 947 1441 980 est

330 1006 383 1048 Et
404 1017 505 1048 sunt
529 1001 601 1048 illa
622 1001 800 1062 quidem
823 1001 1072 1061 dignissima
1095 1002 1288 1047 carmina
1309 1002 1442 1047 nosci.
1767 1015 1808 1046 75

245 1136 462 1184 Melibeus
484 1141 537 1183 Et
560 1136 665 1183 libet
687 1151 729 1183 et
750 1137 894 1197 cupio:
920 1135 1058 1183 modo
1080 1135 1164 1192 dic,
1186 1135 1311 1183 avida
1330 1135 1513 1182 imbibet
1537 1136 1662 1182 auris.

244 1277 451 1320 Menetus
471 1277 583 1319 Non
605 1287 779 1319 tantum
801 1275 943 1319 Cacus
966 1272 1117 1319 nocuit
1138 1271 1385 1333 pastoribus
1409 1271 1531 1327 olim,

330 1344 473 1388 Cacus
495 1341 709 1388 Aventini
728 1340 865 1388 scelus
887 1355 1017 1401 atque
1037 1339 1217 1387 infamia
1238 1340 1416 1396 montis,

328 1413 428 1456 Nec
449 1424 623 1456 tantum
645 1408 943 1469 Polyphemus
967 1423 1058 1455 erat
1078 1408 1263 1455 crudelis
1284 1423 1326 1455 et
1347 1423 1486 1464 atrox,

330 1478 538 1524 Immanis
561 1491 776 1537 quantum
799 1476 1020 1532 Charitus‚
1044 1477 1113 1523 cui
1133 1477 1269 1537 gratia
1288 1476 1418 1523 nulla:
1769 1491 1810 1521 80

329 1545 492 1592 Obstat
515 1546 633 1592 enim
658 1545 785 1592 rebus
807 1563 985 1591 nomen.
1010 1549 1131 1591 Nam
1153 1545 1327 1591 vincere
1347 1545 1477 1605 tigres

328 1614 648 1673 Saevitiamque
667 1627 812 1673 potest
836 1612 1087 1673 rabiemque
1109 1630 1291 1673 aequare
1311 1612 1533 1673 luporum,

328 1685 449 1728 Nam
473 1680 589 1727 favet
611 1680 680 1728 ille
702 1681 827 1741 lupis,
851 1682 1001 1741 pecori
1024 1680 1264 1737 insidiatur,
1288 1695 1330 1727 et
1351 1680 1444 1727 odit

329 1752 539 1796 Pastores.
563 1749 682 1795 Flori
706 1767 846 1809 nuper
866 1766 969 1809 grex
989 1750 1120 1795 sensit
1144 1763 1186 1795 et
1207 1750 1308 1809 ipse.

329 1816 483 1863 Florus
507 1831 597 1863 erat
618 1815 722 1863 felix
741 1817 893 1876 pingui
914 1834 1074 1876 pecore
1095 1831 1138 1863 et
1157 1834 1282 1876 grege
1304 1815 1459 1862 multo.
1769 1830 1808 1861 85

330 1888 466 1931 Hunc
486 1885 612 1945 pueri
635 1884 839 1945 huncque
860 1902 996 1940 senes,
1021 1883 1138 1931 hunc
1160 1883 1347 1931 dilexere
1366 1883 1547 1945 puellae.

330 1952 491 1999 Invidit
514 1952 736 2008 Charitus‚
757 1970 896 2013 parvo
916 1952 996 1999 sub
1018 1967 1155 2013 ponte
1179 1952 1378 1999 recondit

329 2024 444 2081 Ergo
465 2038 523 2076 se,
545 2035 593 2067 ut
614 2020 725 2067 vidit
746 2020 864 2067 Flori
885 2038 1017 2081 pecus
1040 2021 1100 2067 ire
1120 2038 1200 2081 per
1221 2020 1400 2067 herbam

330 2088 557 2150 Illexitque
577 2088 704 2149 lupos
729 2089 1022 2149 miserumque
1048 2089 1228 2136 immisit
1253 2089 1299 2135 in
1321 2106 1488 2149 agmen.

329 2157 560 2204 Manditur
581 2158 823 2204 innocuum
849 2157 967 2204 Flori
988 2175 1133 2218 pecus,
1157 2175 1290 2204 omne
1312 2156 1500 2204 trucidat
1767 2172 1809 2202 90

328 2226 478 2272 Turba
501 2243 631 2286 rapax
653 2225 862 2286 quicquid
881 2243 1077 2272 securam
1099 2240 1226 2272 nacta
1243 2243 1323 2286 per
1343 2225 1523 2272 herbam
1547 2240 1622 2272 est.

329 2294 455 2352 Quin
478 2309 779 2340 accurrentem
799 2293 979 2340 Florum
1004 2293 1300 2354 auxiliumque
1325 2293 1554 2350 ferentem,

328 2363 500 2422 Excipit
525 2361 594 2409 ille
617 2361 740 2409 dolis.
765 2361 883 2409 Proh
906 2361 980 2418 dii,
1002 2379 1111 2422 quae
1132 2362 1313 2409 verbera
1330 2361 1485 2409 Florus

329 2433 539 2490 Quasque
563 2429 662 2477 tulit
683 2430 841 2490 plagas,
864 2429 1006 2477 donec
1026 2431 1244 2477 satiaverit
1266 2431 1374 2477 iram

329 2497 611 2558 Expleritque
634 2499 831 2544 animum
856 2498 1076 2545 Charitus!
1100 2502 1226 2545 Num
1250 2499 1483 2545 immanius
1506 2497 1645 2544 ullum
1767 2512 1807 2543 95

330 2569 421 2611 Aut
443 2569 617 2611 Nemea
637 2566 839 2612 extimuit
862 2580 1111 2612 monstrum
1136 2565 1360 2625 quondam
1384 2579 1456 2612 aut
1477 2566 1748 2611 Erimantus?

244 2700 461 2747 Melibeus
479 2705 590 2748 Non
608 2701 729 2748 venit
748 2700 833 2748 hoc
850 2702 1044 2761 primum
1066 2715 1234 2748 nostras
1253 2700 1390 2748 modo
1408 2718 1584 2748 carmen
1602 2700 1656 2748 ad
1671 2718 1807 2756 aures,

330 2768 536 2816 Laudaris
555 2768 631 2815 sed
651 2784 700 2815 tu
720 2770 915 2830 primum
940 2769 1077 2816 modo
1100 2770 1306 2825 carmine,
1327 2768 1522 2830 Daphni,

329 2840 521 2897 Nanque
544 2854 711 2883 novum
735 2838 854 2897 prius
878 2837 1076 2884 auditum
1100 2851 1162 2884 est
1182 2837 1274 2884 sine
1298 2837 1478 2883 nomine
1502 2854 1692 2883 carmen.

329 2908 466 2951 Nunc
488 2922 678 2965 agnosco
700 2904 852 2960 libens3
877 2919 919 2951 et
939 2906 1058 2951 enim
1079 2904 1176 2965 plus
1201 2904 1343 2951 nullus
1366 2905 1527 2951 amavit
1749 2919 1808 2950 100

329 2972 544 3032 Daphnin
566 2987 608 3019 et
631 2972 748 3019 hunc
770 2972 938 3019 dudum
962 2973 1144 3019 memini
1167 2972 1306 3019 fecere
1325 2987 1503 3032 poetam

330 3039 533 3095 Pierides,
556 3039 723 3086 dudum
746 3039 908 3100 placuit
930 3040 1010 3086 tibi
1030 3040 1214 3100 pulcher
1235 3039 1412 3100 Apollo.

245 3179 452 3221 Menetus
473 3175 598 3234 Quid
620 3190 668 3221 tu
691 3176 821 3235 igitur
842 3175 1030 3235 langues,
1053 3193 1142 3235 age,
1164 3175 1233 3222 dic
1254 3175 1361 3235 quid
1382 3174 1483 3221 fecit
1503 3175 1661 3230 Eritus,
