2118 3444
135 192 317 226 ESSAYS
1841 182 1927 223 291

335 332 435 375 Nec
456 327 986 388 calidae—inquit—citius
1009 326 1224 374 decedunt
1246 344 1431 387 corpore
1455 325 1595 374 febres

334 395 579 443 Textilibus
600 396 635 442 si
659 396 703 441 in
725 395 906 456 picturis
929 409 1136 455 ostroque
1161 394 1334 442 rubenti

336 464 509 510 Iacteris
530 481 661 524 quam
682 463 716 510 si
740 463 785 509 in
807 462 975 523 plebeia
996 477 1113 509 veste
1134 462 1384 509 cubandum
1408 477 1483 509 est.

135 566 210 613 Illa
227 583 334 613 vero
354 566 562 625 Dionysii
581 583 710 625 supra
729 564 956 612 Damoclis
977 579 1105 625 caput
1126 565 1216 611 eius
1236 564 1488 611 felicitatem
1508 564 1763 611 admirantis
1782 565 1941 625 equina

131 648 249 681 saeta
279 650 427 680 ensem
462 633 606 680 ruenti
636 632 824 679 similem
858 633 1087 688 sustinens,
1123 646 1164 679 et
1194 646 1458 693 potestatem
1491 646 1532 679 et
1564 631 1736 679 divitias
1767 633 1941 693 quantis

133 716 273 750 essent
299 700 482 749 refertae
504 701 617 793 lcluris
641 700 1094 762 sollicitudinibusque
1123 693 1368 748 declarat.¹‘¹‘
1389 705 1548 762 Neque
1574 701 1718 748 minus
1745 700 1939 748 eiusdem

133 771 324 818 Lucretii
345 788 504 817 versus:

335 875 398 918 Re
420 889 607 932 veraque
630 886 771 918 metus
795 870 1028 918 hominurn
1054 889 1267 932 curaeque
1287 889 1489 932 sequaces

333 944 432 986 Nec
455 954 658 986 metuunt
681 940 850 986 sonitus
873 957 1098 986 armorum
1125 957 1204 986 nec
1225 938 1315 986 fera
1334 939 1419 986 tela

334 1007 643 1068 Audacterque
665 1008 918 1067 interreges
939 1025 1172 1068 rerumque
1193 1008 1388 1068 potentis

332 1080 587 1131 Versantur,
611 1093 691 1122 nec
713 1074 928 1135 fulgorem
952 1090 1208 1122 reverentur
1226 1075 1278 1122 ab
1301 1093 1422 1131 auro,

332 1147 432 1190 Nec
454 1143 619 1190 clarum
642 1144 772 1190 vestis
791 1142 1071 1204 splendorem
1095 1144 1341 1204 purpureai.

215 1250 308 1306 Ego
327 1263 518 1306 quoque,
538 1246 608 1292 cui
622 1246 724 1293 satis
741 1260 802 1292 est
821 1245 1017 1306 amplum
1038 1263 1061 1292 a
1078 1246 1316 1293 maioribus
1336 1247 1443 1293 meis
1461 1245 1663 1293 relictum
1679 1247 1937 1306 patrimoni-

130 1331 222 1369 um,
241 1313 448 1373 quodque
467 1331 519 1359 ex
534 1314 621 1359 Dei
639 1312 943 1360 munificentia
961 1331 1052 1360 non
1070 1314 1323 1360 conservavi
1339 1313 1497 1369 solum,
1516 1313 1592 1360 sed
1609 1313 1789 1360 fortasse
1806 1315 1938 1361 etiam

132 1398 223 1427 non
246 1380 354 1427 nihil
376 1381 489 1436 auxi,
512 1380 621 1426 nihil
642 1398 837 1441 unquam
858 1381 953 1441 opis
975 1380 1043 1428 vel
1063 1395 1217 1428 contra
1238 1381 1354 1428 hunc
1374 1396 1416 1428 et
1436 1382 1578 1442 ipsum
1602 1381 1939 1428 haereditarium

128 1448 346 1510 podagrae
366 1448 574 1495 morbum
595 1449 791 1496 invenire
807 1450 949 1510 potui,
971 1467 1111 1510 neque
1128 1450 1173 1495 in
1192 1449 1323 1496 exilio
1341 1467 1442 1496 meo
1461 1449 1583 1506 olim,
1603 1468 1744 1511 neque
1763 1450 1808 1496 in
1823 1468 1943 1511 prae·

128 1518 281 1574 sentia,
305 1518 541 1578 quicquam
568 1517 737 1564 dolenti
758 1518 944 1578 pecunia
969 1517 1182 1578 opitulata
1204 1533 1279 1565 est.
1305 1517 1497 1565 Aliunde
1520 1517 1738 1579 profecto,
1765 1518 1938 1566 aliunde

131 1585 349 1633 medicina
373 1585 564 1646 petenda
589 1600 664 1633 est.
692 1589 820 1645 Quae
846 1586 880 1633 si
910 1604 999 1647 quo
1026 1587 1070 1632 in
1098 1586 1199 1633 loco
1228 1587 1414 1633 inveniri
1438 1601 1599 1648 potest,
1629 1605 1678 1634 ea
1703 1587 1861 1644 omnis,
1890 1602 1938 1634 ut

130 1653 239 1700 mihi
267 1653 442 1701 videtur
467 1668 508 1701 et
534 1672 663 1715 supra
690 1654 793 1711 dixi,
820 1655 864 1701 in
891 1654 1019 1702 rebus
1047 1655 1397 1716 contemplandis
1424 1656 1583 1702 nostris
1610 1670 1651 1702 et
1677 1673 1762 1716 qua
1787 1655 1935 1703 condi·

129 1723 251 1782 tione
267 1722 358 1769 nati
373 1723 508 1769 simus
527 1722 812 1783 intelligendo
829 1723 1080 1783 reperietur.
1099 1726 1226 1782 Quae
1242 1741 1307 1770 res
1324 1723 1432 1769 mihi
1448 1723 1587 1770 videri
1601 1723 1711 1771 solet
1729 1725 1933 1771 omnium

129 1789 404 1837 difficillima.
427 1791 541 1849 Quis
563 1791 681 1837 enim
702 1808 794 1837 non
813 1790 895 1837 sibi
915 1791 995 1851 ipsi
1015 1790 1177 1851 placet?
1197 1792 1311 1850 Quis
1331 1791 1540 1838 membris
1562 1809 1654 1838 non
1675 1793 1807 1839 etiam
1826 1791 1936 1852 glor·

129 1858 243 1904 iatur
266 1858 366 1913 suis,
398 1857 535 1904 modo
564 1876 744 1905 mancus
772 1876 863 1905 non
890 1859 944 1905 sit
972 1873 1045 1906 aut
1071 1858 1244 1906 debilis?
1273 1860 1400 1919 Quis,
1430 1859 1505 1906 ubi
1534 1859 1677 1906 multo
1706 1861 1848 1907 maior
1876 1861 1936 1906 in-

128 1926 305 1973 venitur
323 1943 458 1982 error,
478 1926 737 1987 prudentiae
758 1926 1034 1988 consiliisque
1055 1928 1140 1974 suis
1162 1945 1254 1974 non
1274 1927 1520 1988 applaudet,
1540 1943 1588 1975 ut
1609 1928 1713 1975 haec
1733 1929 1823 1989 ipsa
1843 1946 1935 1975 non

129 1994 314 2041 minima
329 1995 383 2040 sit
402 1994 600 2041 mortalis
617 2009 795 2042 naturae
811 1995 1044 2051 calamitas,
1063 1995 1184 2056 quod
1198 1997 1326 2056 pauci
1343 1997 1531 2043 omnino
1549 2014 1593 2043 se
1610 2014 1697 2043 esse
1715 1996 1936 2044 calamito-

126 2078 197 2108 sos
218 2076 380 2122 queant
402 2061 676 2122 dignoscere?
697 2067 796 2109 Nos
818 2077 964 2109 autern
985 2063 1037 2110 de
1058 2064 1229 2110 miseria
1250 2078 1399 2111 nostra
1419 2063 1583 2124 aliquid
1603 2064 1882 2111 detrahamus
1901 2065 1936 2111 si

125 2146 371 2189 possumus,
395 2129 516 2190 quod
533 2129 681 2176 forsan
698 2148 790 2177 non
808 2131 1092 2178 incommode
1113 2130 1333 2188 faciemus,
1350 2132 1385 2178 si
1403 2131 1545 2192 qualia
1559 2146 1660 2179 sunt
1679 2150 1788 2192 quae
1805 2132 1940 2179 excel-

126 2196 315 2244 lentiora
339 2212 554 2258 putantur
581 2198 633 2245 ab
664 2198 917 2246 hominibus
947 2199 1139 2246 breviter
1165 2214 1206 2247 et
1231 2218 1314 2261 pro
1342 2200 1507 2247 viribus
1536 2201 1695 2247 nostris
1723 2215 1934 2262 tanquam

126 2265 248 2313 lance
271 2266 460 2326 quadam
483 2266 791 2327 expendemus.

212 2335 348 2394 Igitur
368 2335 442 2395 qui
464 2334 642 2382 vivendi
660 2353 704 2382 se
727 2336 999 2396 magistratos
1020 2336 1291 2397 profitentur
1311 2338 1471 2398 quique
1494 2338 1539 2383 in
1560 2352 1792 2398 praecepta
1810 2356 1936 2399 quae-

126 2401 227 2448 dam
253 2403 390 2449 vitam
417 2418 612 2450 nostram
639 2403 912 2464 redegerunt,
937 2404 1154 2465 triplicem
1179 2404 1334 2452 afferre
1358 2405 1411 2452 de
1436 2405 1500 2452 his
1526 2406 1653 2453 rebus
1678 2406 1933 2467 disputatio-

127 2487 228 2516 nem
259 2470 417 2526 solent,
449 2485 496 2517 ut
526 2489 680 2518 eorum
713 2490 821 2532 quae
852 2471 906 2519 ad
931 2473 1067 2519 vitam
1098 2472 1331 2520 conferunt
1362 2473 1533 2520 beatam
1564 2473 1707 2534 aliqua
1734 2475 1932 2534 corporis

127 2538 280 2594 nostri,
305 2538 449 2598 aliqua
470 2556 577 2585 vero
600 2540 734 2586 animi
760 2541 989 2600 respiciant
1015 2555 1230 2597 naturam,
1256 2542 1492 2588 interiectis
1513 2542 1644 2588 etiam
1669 2542 1929 2602 quibusdam

126 2606 278 2661 tertiis,
304 2623 413 2666 quae
437 2606 656 2666 appellant
680 2622 914 2668 propterea
937 2622 1128 2664 externa,
1153 2608 1273 2669 quod
1298 2627 1321 2655 a
1345 2627 1529 2669 corpore
1556 2610 1792 2670 animoque
1817 2627 1933 2670 sepa-

127 2687 231 2729 rata,
250 2691 405 2734 magna
423 2689 572 2721 tamen
590 2675 676 2722 sint
697 2675 962 2723 adminicula
980 2676 1034 2723 ad
1051 2676 1291 2737 degendam
1310 2678 1459 2724 vitam.
1480 2681 1533 2724 Et
1554 2678 1598 2724 in
1618 2677 1683 2725 his
1703 2696 1812 2738 quae
1830 2693 1931 2725 sunt

126 2742 324 2801 corporis
354 2757 613 2789 enumerant
641 2744 686 2789 in
714 2744 866 2803 primis
895 2743 1196 2801 valitudinem,
1225 2745 1350 2801 vires,
1379 2744 1584 2801 formam,
1611 2746 1933 2806 pernicitatem,

126 2808 447 2865 dexteritatem,
467 2825 508 2856 et
530 2828 638 2870 quae
660 2826 760 2857 sunt
785 2811 910 2858 huius
933 2813 1112 2871 generis.
1136 2816 1263 2871 Quae
1286 2813 1463 2872 quidem
1485 2813 1627 2873 qualia
1646 2814 1732 2860 sint
1756 2831 1847 2860 non
1871 2828 1933 2860 est

127 2876 317 2923 multum
363 2876 543 2924 difficile
585 2896 860 2938 cognoscere,
905 2897 1154 2940 quanquam
1199 2898 1250 2926 ex
1292 2881 1416 2926 omni
1461 2898 1648 2927 numero
1690 2899 1932 2941 perpaucos

205 3126 240 3151 kk
258 3135 399 3178 Cicero,
423 3137 607 3183 TuscDisp.
628 3137 871 3179 V,xxi‚61-62.

205 3185 220 3209 ¹¹
238 3192 293 3228 De
309 3202 443 3228 rennat.
467 3194 633 3235 11,48-52.
