2124 3464
183 164 273 205 116
1810 171 1948 204 PART
1973 171 1987 205 1

181 307 253 356 ne1
286 308 398 356 della
424 312 586 355 Vostra
618 307 996 355 Reverendissima
1024 308 1221 368 Signoria
1251 322 1292 355 et
1320 306 1705 356 universalmente2
1739 308 1783 356 di
1812 322 1932 356 tutto
1962 308 1991 356 il

179 392 334 424 vostro
355 376 542 424 Ordine.
564 375 943 423 Raccomandomi
963 375 1045 423 alla
1060 380 1220 423 Vostra
1239 376 1616 424 Reverendissima
1632 377 1841 437 Signoria.
1862 378 1949 425 Die
1968 381 1993 425 9

179 445 405 493 Februarii
433 449 571 492 1481.·

1052 586 1129 628 132

596 657 674 696 TO
696 658 1019 696 AMBROGIO
1041 658 1290 696 MASSARI
1311 658 1391 696 DA
1414 658 1576 697 CORA

891 728 912 765 9
935 724 1158 776 February
1180 728 1285 765 1482

264 819 351 858 Min
381 821 437 866 11,
464 817 531 858 fol.
558 821 712 858 399r—v.
739 817 942 870 Chancery
966 817 1064 858 draft
1090 817 1141 870 by
1167 817 1293 858 Scribe
1317 820 1366 866 A,
1392 817 1544 858 headed:
1575 817 1719 858 ‘Eidem
1747 818 1905 858 nomine

265 875 430 915 Domini
449 873 710 915 Bartholomei
731 873 979 914 Cancellarii.’

180 978 559 1026 Reverendissime
578 979 623 1024 in
639 978 822 1025 Christo
837 993 975 1039 pater,
993 978 1172 1025 domine
1190 978 1507 1035 colendissime,
1525 978 1722 1026 salutem.
1741 982 1862 1026 Sono
1876 993 1992 1026 stato

180 1066 267 1095 con
286 1047 572 1108 grandissima
592 1046 793 1095 molestia
814 1047 858 1094 di
877 1048 1027 1094 animo
1048 1046 1102 1095 da
1116 1048 1193 1108 poi
1214 1046 1292 1094 che
1312 1048 1357 1094 io
1377 1048 1504 1095 intesi
1524 1046 1603 1095 che
1621 1046 1662 1095 13
1679 1051 1839 1095 Vostra
1858 1051 1994 1095 Reve-

180 1116 438 1164 rendissima
463 1115 685 1163 Paternita
706 1116 741 1163 si
766 1130 923 1163 teneva
946 1115 1083 1163 offesa
1107 1115 1160 1163 da
1181 1120 1307 1163 Frate
1330 1116 1481 1173 Santi?
1505 1130 1546 1163 et
1569 1114 1629 1163 se¹
1655 1134 1767 1163 sono
1792 1130 1908 1164 stato
1931 1116 1992 1163 in·

178 1186 277 1232 sino
299 1203 323 1232 a
345 1184 454 1232 hora
475 1202 499 1232 a
518 1185 704 1232 scrivere
726 1185 771 1230 in
795 1199 946 1245 questa
965 1184 1109 1231 forma
1131 1184 1210 1231 che
1232 1183 1340 1241 faro,
1362 1184 1423 1231 1’ὸ
1445 1184 1562 1232 facto
1580 1184 1740 1245 perche
1762 1184 1790 1231 ὸ
1813 1184 1998 1232 creduto

179 1253 217 1300 el
242 1267 396 1314 tempo
423 1252 555 1300 habbi
580 1252 767 1300 chiarito
791 1252 831 1300 13
854 1267 1001 1300 mente
1025 1267 1173 1300 vostra
1196 1267 1237 1300 et
1261 1270 1353 1300 non
1377 1253 1438 1300 sia
1460 1252 1645 1313 bisogno
1673 1252 1785 1300 della
1806 1253 1894 1300 mia
1915 1252 1992 1300 let-

179 1336 283 1369 tera.
304 1325 432 1368 Hora
454 1320 728 1368 intendendo
744 1339 825 1382 per
844 1320 1054 1368 delationi
1074 1320 1118 1368 di
1138 1320 1370 1382 qualcun0‚
1392 1339 1539 1368 mosso
1562 1320 1616 1368 da
1633 1320 1797 1368 invidia
1815 1339 1843 1368 0
1865 1320 1920 1369 (13
1936 1320 1990 1369 al·

178 1405 246 1437 tra
260 1390 475 1450 passione,
498 1389 577 1436 che
597 1403 753 1450 questo
770 1389 935 1449 sdegno
953 1403 1101 1436 vostra
1119 1389 1226 1436 dura
1243 1403 1403 1437 contro
1421 1407 1445 1436 a
1462 1393 1587 1437 Frate
1603 1390 1737 1446 Santi,
1756 1388 1842 1436 m'e
1859 1407 1990 1450 parso

179 1458 341 1505 dovere
363 1457 453 1505 fare
473 1457 586 1505 colla
604 1462 765 1505 Vostra
786 1457 1007 1504 Paternita
1025 1457 1161 1504 uficio
1183 1457 1227 1505 di
1247 1457 1400 1505 buono
1422 1457 1658 1514 servidore,
1679 1472 1721 1505 et
1742 1457 1864 1505 hollo
1889 1475 1990 1505 con-

179 1525 347 1573 fortato
374 1544 398 1573 a
425 1527 574 1572 venire
604 1525 685 1572 alla
711 1526 930 1586 presentia
955 1540 1103 1572 vostra
1129 1525 1288 1586 perche
1318 1525 1430 1573 dalla
1455 1543 1530 1573 sua
1556 1543 1665 1572 voce
1694 1525 1935 1573 intendiate
1963 1525 1991 1572 il

178 1612 286 1641 vero
309 1593 470 1654 meglio
494 1593 573 1640 che
596 1594 640 1640 io
664 1611 756 1640 non
777 1594 923 1654 potrei
943 1594 1141 1640 scrivere.
1164 1597 1316 1654 Sapete
1338 1608 1505 1654 quanto
1528 1592 1792 1640 fedelmente
1812 1594 1856 1640 vi
1876 1592 1990 1640 servi

179 1662 359 1723 quando
383 1662 428 1709 lo
454 1661 714 1722 adoperasti‚
739 1676 780 1709 et
804 1662 847 1708 io
870 1662 984 1722 presi
1010 1661 1064 1709 ad
1085 1661 1251 1709 amarlo
1275 1661 1453 1722 quando
1477 1661 1568 1709 vidi
1590 1661 1630 1709 la
1651 1679 1727 1709 sua
1752 1661 1912 1709 fedelta
1931 1662 1992 1708 in·

178 1749 306 1777 verso
332 1730 445 1777 della
466 1734 628 1777 Vostra
653 1729 1031 1777 Reverendissima
1052 1729 1273 1777 Paternita
1295 1744 1336 1777 et
1360 1729 1388 1776 il
1413 1748 1493 1777 suo
1516 1729 1733 1790 prudente
1758 1744 1800 1776 et
1824 1747 1990 1776 amore·

178 1798 278 1846 vole
311 1799 485 1846 servire.
519 1803 572 1846 Et
607 1798 650 1845 di
681 1798 758 1859 poi
791 1816 903 1845 sono
938 1812 1216 1859 perseverato
1248 1799 1293 1844 in
1327 1797 1506 1854 amarlo,
1538 1797 1699 1859 perche
1733 1797 1793 1845 ho
1825 1797 1992 1845 veduto

177 1885 349 1928 sempre
370 1867 411 1914 13
427 1867 751 1928 perseverantia
766 1885 842 1914 sua
863 1867 907 1913 in
928 1866 1157 1914 observare
1177 1881 1218 1914 et
1237 1867 1414 1914 riverire
1434 1881 1475 1914 et
1492 1866 1667 1914 laudare
1685 1881 1727 1914 et
1746 1865 1933 1914 exaltare
1949 1865 1991 1914 13

177 1936 377 1996 Signoria
402 1940 576 1992 Vostra,
604 1935 683 1982 che
709 1953 801 1982 non
825 1935 1004 1982 sarebbe
1027 1934 1103 1996 pisi
1131 1936 1274 1982 amico
1300 1935 1405 1992 mio,
1434 1934 1487 1982 ne
1511 1934 1572 1982 lui
1599 1934 1653 1982 ne
1678 1934 1837 1982 alcuno
1862 1934 1989 1991 altro,

179 2004 259 2051 che
278 2022 370 2051 non
388 2003 501 2051 fusse
520 2003 742 2051 servidore
760 2003 872 2051 della
886 2004 1083 2064 Signoria
1098 2007 1270 2051 Vostra.
1292 2007 1430 2051 Certo
1448 2004 1492 2050 io
1508 2004 1673 2064 saperei
1690 2002 1873 2064 qualche
1890 2020 1990 2050 cosa

177 2090 220 2119 se
245 2072 420 2119 havesse
444 2071 562 2119 facto
585 2090 744 2119 errore.
769 2075 859 2119 Son
883 2086 1005 2119 certo
1025 2071 1104 2119 che
1126 2090 1206 2133 per
1226 2071 1267 2119 la
1287 2071 1502 2132 grandeza
1523 2071 1639 2119 dello
1662 2071 1812 2118 animo
1835 2085 1988 2118 vostro

178 2140 223 2187 lo
245 2141 594 2201 ricognoscerete
612 2158 692 2201 per
711 2140 859 2201 quello
878 2144 1004 2187 Frate
1022 2141 1142 2187 Santi
1161 2140 1240 2187 che
1262 2139 1308 2187 fu
1326 2139 1467 2187 l’altra
1484 2139 1605 2187 volta
1624 2139 1802 2200 quando
1822 2157 1894 2187 era
1909 2138 1987 2200 pi&

177 2223 303 2269 grato
325 2208 406 2255 3113
426 2213 587 2255 Vostra
610 2209 819 2268 Signoria.
847 2208 1135 2268 Richieghovi
1159 2207 1446 2255 arditamente
1465 2226 1545 2269 per
1564 2207 1605 2255 13
1624 2226 1700 2255 sua
1722 2208 1989 2264 innocentia,

179 2276 305 2337 quale
325 2276 346 2323 ὲ
367 2294 390 2323 3
410 2294 479 2323 me
500 2277 740 2332 notissima,
760 2276 978 2337 sperando
996 2290 1149 2337 potere
1170 2277 1402 2337 impetrare
1422 2276 1476 2323 da
1491 2277 1566 2323 voi
1586 2293 1679 2322 non
1699 2275 1778 2322 che
1798 2275 1912 2322 nella
1928 2275 1989 2321 in-

180 2345 399 2401 nocentia,
431 2363 503 2391 ma
530 2344 599 2391 nel
632 2343 866 2391 manifesto
896 2362 1042 2391 errore
1070 2345 1239 2405 piacere
1268 2359 1309 2391 et
1336 2344 1484 2404 gratia,
1513 2343 1673 2404 perche
1701 2343 1896 2390 volendo
1925 2341 1987 2390 io²

178 2413 290 2460 bene
311 2431 335 2460 3
354 2417 480 2460 Frate
499 2413 620 2460 Santi
639 2430 719 2473 per
737 2412 775 2460 le
797 2413 975 2473 cagione
996 2412 1251 2473 sopradecte
1271 2426 1312 2459 et
1332 2412 1413 2459 alla
1431 2416 1591 2459 Vostra
1611 2411 1989 2459 Reverendissima

177 2482 376 2541 Signoria
401 2480 625 2541 portando
650 2480 863 2541 singulare
892 2481 1138 2537 riverentia,
1166 2498 1257 2527 non
1281 2498 1413 2541 posso
1440 2478 1593 2527 essere³
1619 2497 1749 2527 sanza
1772 2479 1986 2540 singulare

176 2550 377 2610 passione
409 2564 450 2596 et
477 2563 706 2596 tormento
735 2563 905 2596 mentre
933 2549 1012 2596 che
1041 2548 1206 2596 havessi
1234 2563 1384 2609 questa
1411 2547 1706 2596 discordanza.
1738 2547 1925 2608 Priegho
1951 2547 1992 2594 la

177 2622 338 2665 Vostra
358 2615 738 2665 Reverendissima
755 2618 952 2678 Signoria
970 2616 1138 2678 porgha
1158 2616 1246 2664 fine
1266 2635 1289 2664 a
1307 2631 1458 2678 questa
1477 2634 1589 2673 cosa,
1611 2615 1724 2663 nella
1742 2615 1867 2677 quale
1887 2616 1989 2663 rice·

177 2686 285 2733 vero
304 2701 431 2733 tanto
448 2687 618 2747 piacere
637 2701 677 2733 et
696 2685 915 2733 beneficio
934 2685 1046 2733 dalla
1061 2686 1258 2746 Signoria
1275 2689 1447 2742 Vostra,
1469 2699 1636 2746 quanto
1653 2684 1697 2732 di
1716 2702 1816 2731 cosa
1833 2683 1987 2731 alcuna

178 2754 258 2802 che
281 2754 318 2802 al
339 2769 541 2815 presente
566 2755 626 2800 mi
648 2769 819 2815 potesse
843 2754 1060 2801 advenire.

259 3188 271 3203 ²
291 3186 355 3221 On
373 3187 440 3221 Fra
456 3184 555 3221 Santi
571 3183 615 3221 de
635 3184 803 3231 Fregirio,
820 3197 877 3220 see
895 3182 1000 3220 letter
1016 3185 1070 3226 63,
1089 3194 1175 3220 note
1192 3182 1223 3230 a)
1243 3181 1367 3220 above.
