2124 3464
111 181 341 215 PRIVATE
368 180 595 214 LETTERS
1855 174 1906 215 91

111 319 165 365 da
185 322 262 365 Ser
281 312 471 365 Nicolob
495 318 578 365 due
601 318 644 364 di
668 318 711 364 di
732 319 822 378 poi,
849 317 960 364 della
979 332 1126 365 vostra
1147 319 1297 378 giunta
1321 336 1344 365 a
1365 321 1519 374 Gaeta‚
1540 318 1735 365 secondo
1759 319 1923 366 haveva

112 387 254 433 inteso
282 386 336 432 da
362 386 473 441 altri,
503 403 593 432 non
621 386 760 432 siamo
787 403 916 432 sanza
944 385 1191 445 maraviglia
1219 403 1309 432 non
1339 386 1564 433 intendere
1591 386 1634 433 di
1662 387 1735 433 voi
1764 386 1918 433 alcuna

111 472 223 501 cosa.
255 458 307 500 Et
336 453 559 500 stimando
587 454 774 513 possiate
805 471 940 500 essere
970 454 1187 500 ritornato
1215 471 1238 500 a
1265 453 1430 514 Napoli
1459 471 1538 514 per
1566 453 1605 500 13
1633 454 1915 501 conclusione

111 521 223 568 della
242 539 363 582 pace,
389 521 571 568 essendo
595 535 775 577 venum,
802 535 843 568 et
866 521 919 568 da
942 525 1084 568 Roma
1109 536 1151 568 et
1173 521 1227 568 da
1247 521 1433 577 Milano,
1459 521 1499 568 13
1522 521 1681 568 faculta
1704 539 1727 568 a
1747 522 1919 582 poterla

110 588 388 645 concludere,
411 588 432 636 ὲ
455 603 615 649 paruto
638 588 846 636 adirizare
867 603 1018 649 questa
1036 607 1116 649 per
1135 588 1175 636 la
1194 588 1387 636 staffetta
1407 607 1430 636 a
1450 589 1630 650 Napoli.
1656 590 1813 636 Dateci
1834 608 1920 636 con

110 658 213 717 ogni
241 656 417 704 celerita
436 656 642 717 possibile
673 657 823 704 adviso
847 671 888 704 et
914 657 957 704 di
981 658 1055 704 voi
1082 672 1123 704 et
1148 657 1258 704 delle
1283 675 1381 704 cose
1406 657 1449 704 di
1475 657 1607 704 costa.
1634 659 1727 716 Qui
1754 658 1792 704 le
1818 676 1916 705 cose

108 739 269 772 stanno
296 724 408 771 bene
436 739 478 772 et
505 742 597 771 non
624 725 658 771 si
687 739 858 785 aspecta
883 726 1017 772 niuna
1045 743 1144 772 cosa
1170 743 1256 772 con
1283 726 1501 786 maggiore
1530 725 1746 772 desiderio
1773 725 1853 773 che
1880 725 1921 773 la

107 811 213 853 pace
236 807 278 839 et
299 792 339 839 13
360 807 536 840 tornata
554 807 714 839 vostra.

194 865 257 907 Ex
279 860 503 908 Florentia
524 860 593 908 die
615 880 642 907 x
663 862 815 908 Martii
839 866 957 908 1479.
983 860 1318 909 Bartholomeus
1341 861 1472 909 Scala.

987 1004 1038 1045 93

651 1073 729 1112 To
752 1074 1030 1113 LORENzo
1053 1075 1142 1112 DE’
1164 1075 1375 1113 MEDICI

775 1144 928 1189 [25-26
950 1140 1075 1193 April
1101 1144 1249 1190 148012

190 1234 284 1274 Miss
317 1229 392 1281 48,*²
424 1233 490 1274 fol.
522 1237 582 1274 9v.
615 1234 817 1286 Chancery
847 1234 956 1282 drast,
988 1234 1129 1274 headed
1161 1236 1375 1275 ‘Laurentio
1409 1234 1454 1275 de
1483 1235 1642 1275 Medicis
1674 1236 1832 1276 nomine

192 1289 340 1330 domini
362 1289 646 1330 Bartholomei.’

106 1393 345 1453 Magnifice
369 1408 494 1454 pater
517 1394 590 1440 mi.
617 1395 811 1441 Stamani
836 1393 999 1441 furono
1023 1394 1053 1440 li
1078 1394 1382 1441 imbasciadori
1407 1394 1627 1442 Milanesic
1653 1395 1722 1442 nel
1746 1410 1918 1456 segreto

107 1465 175 1508 co’
197 1461 397 1508 cittadini
413 1479 543 1522 sopra
563 1461 704 1522 quelle
723 1480 821 1509 cose
841 1462 920 1509 che
941 1462 1128 1510 hiersera
1145 1464 1188 1509 vi
1206 1462 1339 1519 riseri,
1359 1477 1400 1510 et
1419 1478 1706 1510 mostrorono
1728 1463 1769 1510 13
1785 1464 1915 1524 scrip-

106 1544 151 1576 ta
172 1529 284 1576 della
305 1529 404 1576 loro
429 1531 755 1586 commissione;
783 1544 824 1577 et
849 1529 1104 1577 finalmente
1126 1531 1336 1578 s'indusse
1363 1532 1407 1577 in
1433 1531 1729 1592 disputatione
1754 1550 1847 1578 non
1873 1531 1917 1579 di

107 1597 324 1644 conferire
343 1597 445 1644 colli
465 1598 770 1645 imbasciadori
790 1598 857 1645 del
876 1603 939 1646 Re
959 1616 983 1646 a
1000 1603 1143 1646 Roma
1162 1613 1203 1646 et
1221 1599 1447 1646 intendere
1464 1600 1477 1645 i
1494 1599 1593 1647 loro
1609 1601 1766 1661 pareri,
1786 1618 1857 1647 ma
1874 1618 1917 1647 se

107 1667 152 1712 in
176 1666 319 1726 quella
338 1667 482 1726 prima
504 1666 726 1714 audientia
746 1667 825 1714 che
847 1668 881 1714 si
904 1667 1079 1728 disegna
1098 1686 1178 1728 per
1197 1667 1235 1715 le
1258 1686 1356 1715 cose
1377 1668 1618 1715 solamente
1641 1668 1844 1728 generali,
1867 1670 1919 1715 ri-

105 1734 322 1781 servando
341 1738 378 1781 e'
397 1735 649 1795 particulari
668 1735 723 1782 ad
739 1735 852 1782 altro
870 1750 1037 1796 tempo,
1058 1754 1129 1783 era
1145 1736 1255 1783 bene
1275 1736 1354 1783 che
1374 1737 1710 1784 intervenissino
1732 1755 1760 1784 o
1781 1755 1854 1793 no,
1875 1752 1917 1784 et

104 1820 265 1862 pareva
281 1820 305 1849 a
322 1802 455 1862 quelli
473 1802 517 1849 di
534 1803 707 1850 Milano
726 1803 769 1850 di
789 1821 861 1850 no.
882 1807 930 1849 E'
951 1804 1150 1850 cittadini
1166 1803 1330 1851 furono
1350 1805 1394 1850 in
1414 1806 1531 1851 varie
1546 1806 1762 1852 sententie
1779 1820 1821 1852 et
1838 1805 1917 1852 dif-

106 1869 244 1917 ferissi
267 1888 290 1917 a
310 1885 481 1917 stasera.

190 1942 254 1984 Fu
272 1938 495 1985 ricordato
512 1939 704 1985 anchora
720 1957 743 1985 a
761 1940 900 1999 questi
917 1939 961 1986 di
978 1939 1150 1986 Milano
1167 1940 1246 1987 che
1264 1958 1335 1987 era
1350 1941 1461 1987 bene
1478 1940 1705 1988 intendere
1721 1941 1748 1987 il
1767 1945 1915 1988 Conte

106 2000 396 2052 Hieronimod
419 2024 549 2066 sopra
570 2006 597 2052 il
620 2007 757 2053 modo
779 2007 895 2054 dello
917 2009 1115 2067 exeguire
1136 2007 1174 2054 le
1195 2009 1496 2055 commissioni
1519 2027 1599 2069 per
1619 2008 1776 2055 farselo
1796 2009 1914 2056 beni-

105 2073 211 2120 volo
233 2092 254 2120 e
276 2073 528 2121 favorevole
549 2074 629 2121 alle
650 2093 748 2122 cose
769 2075 849 2122 che
870 2076 990 2136 quivi
1010 2076 1045 2122 si
1067 2075 1294 2123 havessino
1315 2094 1339 2123 a
1359 2076 1460 2123 fare.
1482 2080 1602 2123 Sono
1624 2078 1821 2137 ragunati
1842 2078 1917 2137 qui

106 2145 142 2188 e’
168 2141 368 2189 cittadini
389 2157 431 2189 et
454 2142 757 2190 manderanno
778 2161 858 2204 per
877 2143 907 2189 li
929 2143 1246 2191 imbasciadori.
1273 2144 1663 2192 Desiderrebbono
1687 2145 1766 2192 che
1789 2145 1917 2192 anch-

105 2228 183 2257 ora
200 2211 275 2257 voi
297 2211 335 2257 ci
355 2210 458 2257 fussi
480 2226 522 2258 et
542 2210 755 2258 hannomi
778 2229 1024 2259 commesso
1046 2230 1138 2259 non
1159 2212 1204 2259 lo
1222 2214 1361 2260 scriva
1379 2231 1509 2260 senza
1526 2213 1566 2260 la
1584 2214 1803 2274 presentia
1820 2231 1914 2260 vos-

105 2293 183 2325 tra.
208 2278 359 2325 Credo
380 2278 459 2326 che
483 2279 568 2326 mal
590 2279 823 2326 volentieri
845 2298 899 2327 ne
921 2279 1106 2327 faranno
1127 2280 1422 2328 conclusione.

183 2946 199 2970 ¹³
216 2954 278 2989 Ser
294 2952 451 2990 Niccolo
470 2952 698 2997 Michelozzi‚
716 2968 773 2991 see
792 2966 879 2991 note
896 2954 927 3002 a)
947 2954 1071 2992 above.

184 3015 196 3029 ²
214 3010 332 3048 Dated
350 3011 399 3059 by
418 3012 461 3049 its
478 3012 640 3060 position
659 3013 698 3049 in
714 3013 801 3050 Miss
819 3016 875 3057 48,
892 3027 948 3050 see
968 3025 1054 3051 note
1072 3013 1119 3061 b).

183 3063 199 3087 b
217 3070 365 3118 Doepite
383 3069 445 3107 the
462 3069 551 3114 title,
569 3070 641 3108 this
660 3070 805 3109 volume
823 3072 850 3109 is
868 3085 887 3109 a
905 3075 1106 3116 minutario,
1126 3086 1170 3110 or
1185 3072 1278 3110 draft
1295 3072 1525 3110 letter-book.

184 3131 197 3145 ⁶
215 3129 472 3166 Protonotario
491 3128 675 3167 Trivulzio
694 3129 765 3167 and
781 3131 948 3168 Antonio
967 3130 1123 3168 Bracelli.

183 3179 199 3204 ‘¹
218 3187 344 3223 Count
364 3186 553 3224 Girolamo
574 3187 707 3230 Riario,
726 3186 770 3224 cf.
788 3187 893 3224 letter
909 3191 963 3231 88,
983 3200 1069 3225 note
1086 3188 1117 3236 a)
1137 3188 1261 3226 above.
