2118 3444
116 183 346 218 PRIVATE
371 183 598 217 LETTERS
1822 179 1909 220 125

116 336 165 369 to
194 325 368 368 Matteo
398 320 458 368 ho
488 338 748 376 commesso,
783 335 824 368 et
855 338 878 367 a
906 321 979 367 voi
1010 322 1154 368 scrivo
1183 321 1342 382 perche
1373 321 1416 368 di
1445 322 1522 382 poi
1551 323 1586 369 si
1617 323 1796 383 possino
1831 322 1920 370 fare

116 388 328 436 dell'altre
348 388 653 436 deliberationi
675 388 729 436 ad
749 388 918 435 honore
941 403 983 436 et
1003 388 1114 436 bene
1135 403 1298 436 vostro.
1323 390 1408 436 Die
1429 390 1504 436 xiii
1527 391 1637 437 Iunii
1665 394 1783 437 1482.

980 530 1057 570 149

292 599 371 639 To
391 598 631 638 MATTEO
654 599 717 638 DI
738 600 975 639 BRANCA
996 599 1315 639 BARTOLINI
1335 601 1402 639 IN
1422 600 1736 640 CIVITELLA²

863 669 910 706 13
928 669 1040 716 June
1064 669 1168 706 1482

196 761 281 806 Mo,
305 757 371 798 sol.
401 762 525 798 14r-v.
550 757 662 798 Draft
685 758 737 810 by
760 758 886 798 Scribe
907 761 957 806 A,
983 758 1134 799 headed:
1163 759 1351 799 ‘Potestati
1379 759 1573 800 Civitellae
1598 762 1744 800 Matteo
1770 760 1828 800 del

197 814 368 854 Brancha
385 814 593 854 Bartolini.’

111 916 366 978 Spectabilis
394 916 528 964 frater
552 916 821 964 honorande.
850 921 1016 964 Messer
1041 912 1290 978 Borghese,b
1318 918 1525 966 cavaliere
1551 933 1593 966 et
1618 919 1833 966 cittadino
1855 938 1915 967 sa-

112 1003 212 1033 nese
237 1000 279 1032 et
303 984 507 1046 de'primi
532 984 576 1032 di
599 1000 755 1046 questo
777 1000 905 1042 stato,
930 985 1009 1033 che
1032 985 1070 1033 al
1093 1001 1293 1047 presente
1317 986 1339 1034 ὲ
1364 986 1641 1034 confermato
1661 1005 1742 1048 per
1764 1003 1915 1049 questa

113 1053 295 1109 novitii,c
326 1068 369 1100 et
399 1054 543 1100 amico
572 1053 733 1113 grande
765 1071 856 1100 non
887 1053 1127 1101 solamente
1160 1055 1252 1101 mio
1283 1072 1354 1102 ma
1384 1054 1495 1102 della
1524 1055 1629 1102 citta
1659 1070 1820 1112 nostra,
1852 1057 1914 1102 mi

110 1122 248 1168 scrive
273 1121 353 1168 che
376 1139 463 1168 una
487 1139 563 1168 sua
587 1121 749 1168 cavalla
770 1121 792 1168 ὲ
816 1136 926 1168 stata
948 1137 1153 1169 arrestata
1173 1122 1282 1169 costi
1306 1137 1348 1170 et
1370 1138 1649 1183 sequestrata;
1671 1138 1712 1170 et
1734 1124 1914 1184 priegha

111 1189 230 1236 ch’io
253 1190 315 1236 sia
339 1206 467 1236 mezo
490 1206 576 1236 con
601 1189 675 1236 voi
698 1189 755 1249 gli
779 1190 840 1236 sia
863 1190 1078 1237 ristituita.
1104 1190 1407 1237 Desiderando
1430 1190 1509 1238 che
1532 1192 1594 1238 sia
1616 1192 1913 1252 compiaciuto

108 1275 189 1318 per
209 1257 311 1317 ogni
334 1258 536 1317 rispecto‚
560 1257 619 1303 mi
642 1256 663 1304 ὲ
682 1272 842 1318 paruto
862 1258 1067 1304 scrivervi
1087 1273 1128 1305 et
1146 1258 1323 1319 pigliare
1344 1258 1504 1306 sicurta
1523 1259 1567 1306 di
1586 1260 1661 1306 voi
1682 1259 1794 1306 nelle
1815 1278 1914 1307 cose

112 1325 307 1372 honeste.
333 1328 385 1372 Se
408 1324 449 1372 la
472 1342 598 1372 causa
621 1325 823 1386 adunque
848 1325 870 1372 ὲ
894 1325 938 1372 di
963 1340 1117 1373 natura
1140 1326 1219 1373 che
1244 1344 1329 1374 con
1355 1326 1525 1374 honore
1550 1342 1702 1374 vostro
1725 1329 1913 1388 possiate

109 1392 332 1440 licentiare
349 1392 474 1440 decta
488 1393 663 1449 cavalla,
678 1394 722 1439 vi
737 1393 922 1454 priegho
937 1411 1017 1454 per
1033 1395 1125 1440 mio
1143 1412 1292 1441 amore
1310 1394 1389 1441 che
1406 1394 1452 1442 lo
1470 1394 1663 1451 facciate‚
1679 1410 1721 1442 et
1736 1395 1794 1456 gli
1811 1397 1910 1443 scri·

108 1461 223 1508 viate
249 1461 295 1506 in
323 1460 461 1507 modo
490 1460 570 1507 che
596 1462 718 1521 sappi
745 1461 785 1508 la
811 1461 1124 1508 deliberatione
1150 1477 1297 1509 vostra
1324 1477 1366 1509 et
1390 1464 1507 1523 possi
1537 1463 1743 1510 mandare
1768 1481 1849 1524 per
1873 1463 1914 1511 la

109 1527 283 1575 cavalla.
301 1527 499 1587 Quando
516 1528 557 1575 la
574 1546 700 1575 causa
716 1528 819 1576 fussi
837 1528 992 1576 d’altra
1007 1544 1174 1586 natura,
1192 1530 1236 1576 vi
1251 1530 1435 1590 priegho
1453 1531 1514 1576 mi
1534 1530 1648 1578 diate
1666 1530 1910 1578 informati-

109 1614 195 1643 one
216 1595 285 1643 del
306 1614 419 1652 caso,
443 1596 564 1643 accio
583 1596 663 1643 che
684 1596 714 1643 li
732 1598 849 1657 possi
870 1598 1055 1644 scrivere
1077 1612 1119 1645 et
1136 1599 1253 1658 possi
1273 1598 1483 1659 pigliarne
1507 1598 1649 1659 quella
1669 1598 1813 1646 forma
1835 1599 1914 1647 che

107 1665 169 1711 sia
188 1663 383 1711 honesta.
405 1668 484 1711 Ma
498 1664 699 1725 potendo
716 1665 876 1712 servire
897 1664 1027 1712 decto
1042 1669 1209 1713 Messer
1226 1666 1456 1726 Borghese,
1478 1684 1605 1714 come
1625 1667 1685 1714 ho
1705 1666 1850 1723 decto,
1869 1682 1911 1715 et

107 1731 169 1779 lui
191 1731 231 1779 la
253 1733 409 1779 merita
429 1746 471 1779 et
492 1733 536 1779 io
559 1750 613 1779 ne
635 1733 841 1780 riceverei
858 1734 1028 1794 piacere
1047 1733 1398 1794 singularissimo.
1426 1735 1512 1782 Die
1533 1735 1609 1781 xiii
1630 1736 1743 1782 Iunii
1770 1740 1888 1782 1482.

973 1875 1050 1916 150

500 1944 579 1984 ΤΟ
601 1945 911 1984 BORGHESE
931 1946 1227 1985 BORGHESI
1247 1948 1313 1985 IN
1334 1947 1514 1986 SIENA²

856 2015 903 2053 13
921 2015 1033 2063 June
1057 2016 1161 2053 1482

189 2107 274 2200 allo,
293 2103 377 2176 fols'.
401 2108 573 2145 14v-15r.
592 2105 704 2145 Draft
723 2105 775 2157 by
792 2106 918 2146 Scribe
935 2108 985 2154 A,
1003 2106 1155 2147 headed·
1179 2107 1462 2159 ‘D.Borghesio,
1482 2108 1598 2160 equiti
1618 2109 1772 2148 Senensi
1788 2122 1825 2148 et

215 2173 351 2200 octon.

105 2263 343 2324 Magnifice
361 2282 504 2325 eques,
524 2279 605 2311 etc.
624 2255 658 2311 E
675 2283 781 2312 vero
798 2265 877 2312 che
897 2265 1027 2313 hebbi
1045 2281 1192 2314 vostra
1208 2266 1361 2314 lettera
1374 2266 1520 2314 diebus
1532 2267 1815 2328 superioribus
1828 2286 1909 2329 per

105 2330 145 2378 la
170 2331 332 2378 cavalla
357 2333 548 2379 ritenuta
572 2350 596 2379 a
622 2333 840 2389 Civitella,
867 2351 937 2380 ma
962 2334 1183 2381 stimando
1210 2334 1289 2381 che
1315 2334 1629 2395 l'apportatore
1657 2353 1711 2382 ne
1739 2335 1909 2383 dovessi

105 2398 207 2446 dare
225 2398 302 2459 piu
325 2399 585 2459 particulare
607 2401 778 2456 notitia,
802 2401 861 2448 ho
883 2400 1093 2458 disserite,
1116 2420 1208 2449 non
1229 2402 1388 2462 perche
1410 2402 1592 2450 l’amore
1617 2404 1709 2450 mio
1732 2404 1906 2450 inverso

105 2465 149 2513 di
167 2467 242 2513 voi
259 2470 315 2513 sit
319 2466 461 2526 fizctus
477 2471 698 2515 remissior.
722 2472 848 2515 Hora
865 2469 1047 2516 essendo
1065 2469 1309 2517 sollecitato
1328 2470 1382 2517 da
1396 2471 1471 2517 voi
1489 2489 1569 2531 per
1585 2486 1732 2518 vostra
1747 2471 1906 2532 poliza,

105 2534 185 2581 che
207 2534 320 2581 nella
339 2550 486 2582 vostra
508 2536 568 2581 mi
592 2535 646 2582 ha
665 2551 839 2596 portata
859 2536 886 2582 il
909 2536 1123 2584 cavallaro
1142 2552 1308 2594 nostro,
1334 2538 1393 2585 ho
1413 2539 1578 2599 scripto
1600 2538 1637 2585 al
1659 2539 1844 2586 Podesta
1865 2539 1909 2586 di

183 2748 196 2763 ¹
214 2743 363 2782 Podoeta
379 2744 418 2782 di
436 2744 602 2783 Civitella
617 2744 714 2783 from
736 2749 775 2784 18
794 2748 969 2784 Dec.1481
990 2759 1030 2785 to
1052 2750 1091 2785 18
1106 2750 1198 2794 June
1218 2751 1315 2792 1482,
1336 2750 1457 2786 Tratte
1475 2751 1529 2792 69,
1546 2747 1610 2786 fol.
1630 2752 1702 2786 53r.

182 2795 198 2820 ¹³
215 2805 278 2840 See
293 2802 399 2841 letter
417 2807 481 2841 150
499 2803 629 2842 below.

183 2864 197 2879 ⁶
222 2861 288 2897 On
312 2864 334 2897 7
354 2863 446 2907 June
470 2860 534 2898 the
558 2861 687 2910 people
711 2861 752 2899 of
775 2863 877 2899 Siena
903 2862 1056 2900 rebelled
1080 2864 1212 2911 against
1235 2863 1298 2901 the
1322 2863 1558 2912 Noepolnam
1583 2864 1653 2902 and
1678 2864 1836 2902 restored
1862 2879 1908 2902 an

103 2911 346 2961 independent
361 2926 610 2961 govemment,
626 2914 813 2963 excluding
826 2914 889 2953 the
905 2915 1030 2953 nobles
1044 2915 1115 2953 and
1129 2915 1258 2964 adding
1273 2916 1380 2954 other
1392 2917 1538 2954 citizens
1553 2929 1592 2955 to
1607 2916 1670 2955 the
1687 2917 1782 2955 Balla
1796 2917 1837 2955 of
1849 2921 1904 2955 36.

102 2965 165 3001 See
182 2965 480 3013 V.Buonsignori,
499 2967 610 3003 storia
626 2965 718 3003 della
730 2966 937 3015 Repubblica
953 2966 992 3004 di
1008 2969 1118 3011 Siena,
1137 2968 1249 3011 Siena,
1271 2971 1368 3011 1856,
1388 2969 1424 3012 ii,
1444 2971 1497 3006 85.

183 3025 196 3040 ¹
212 3024 247 3059 A
263 3021 332 3060 law
347 3022 491 3061 toecher
505 3024 545 3060 in
559 3024 663 3062 Siena
679 3024 750 3062 and
764 3038 784 3062 a
798 3025 960 3063 member
976 3024 1017 3063 of
1029 3025 1092 3063 the
1109 3025 1249 3064 Ordine
1265 3025 1322 3064 de‘
1338 3029 1457 3070 Nove,
1475 3026 1596 3064 which
1611 3041 1709 3065 came
1725 3039 1765 3065 to
1781 3041 1908 3076 power

103 3074 143 3111 in
159 3077 247 3112 1480
258 3074 456 3123 supported
472 3075 521 3123 by
535 3075 597 3113 the
610 3089 776 3124 presence
791 3076 832 3114 of
844 3076 999 3115 Alfonso
1013 3077 1055 3115 of
1068 3077 1231 3115 Calabria
1245 3078 1285 3115 in
1299 3080 1473 3126 Tuscany.
1488 3078 1679 3127 Although
1694 3078 1739 3116 he
1754 3078 1908 3127 initially

101 3125 269 3163 survived
280 3125 377 3163 their
387 3126 448 3164 fall
462 3127 502 3164 in
519 3130 616 3171 1482,
632 3127 678 3165 he
691 3127 762 3165 lost
775 3127 882 3166 office
895 3128 1004 3166 when
1015 3128 1078 3166 the
1090 3129 1275 3167 Novaechi
1290 3143 1383 3167 were
1395 3129 1510 3168 exiled
1523 3129 1712 3178 following
1725 3130 1788 3168 the
1802 3130 1906 3168 recall

102 3176 144 3215 of
159 3176 346 3216 Alfonso‘s
363 3190 490 3227 troops
506 3191 547 3217 to
565 3178 710 3228 Naples.
730 3182 788 3218 He
804 3179 886 3218 died
904 3194 956 3218 on
972 3184 1013 3218 23
1032 3183 1229 3230 Sept.1490,
1247 3195 1304 3219 see
1323 3183 1544 3220 G.Gennam
1563 3183 1602 3219 in
1617 3184 1706 3225 DBI,
1722 3196 1778 3220 s.v.
