2124 3458
135 171 318 205 ESSAYS
1841 164 1931 205 365

219 306 441 359 rearranged
456 321 493 347 as
509 305 669 347 follows:
690 305 883 370 gathering
900 308 930 346 E
949 305 1046 358 (fols.
1064 306 1209 359 39-47);
1225 306 1418 370 gathering
1435 308 1473 346 D
1492 306 1589 359 (fols.
1608 310 1738 356 29-38;
1756 307 1857 360 gath-

218 362 523 460 ἓήῗωῖέῖἓῗᾞ
528 362 636 459 313⁸)
641 362 1152 470 ἳὲῗᾞῖᾏῗῆῧὲῗέἱὲῐέῗέἳ
1169 362 1362 459 Βῖἔὲθῖἑίἕ
1375 363 1856 471 ἶῖἕῖῖῗῷῑιῗέὶιτὲἓζῖἓὲῗ

217 434 478 515 toaGiovanni
499 433 587 515 lgico
600 434 706 515 g(loelli
725 451 940 515 Mira’ndola
963 475 1002 514 in
1023 434 1164 523 [1489s
1182 451 1373 515 and’‹1oi›
1396 475 1468 515 and
1491 452 1599 523 ‹’102›‚
1625 475 1851 516 ‘Inferorum

218 532 405 583 Regnum'
431 529 504 571 and
526 531 627 570 ‘Vivi
646 531 820 578 Mortui,’
844 528 929 578 To²,
950 529 1078 571 which
1099 545 1198 571 were
1219 544 1301 571 sent
1322 544 1364 571 to
1386 531 1495 571 Piero
1517 530 1575 572 de'
1598 531 1739 572 Medici
1761 531 1855 572 after

218 588 424 627 Lorenzo’s
445 585 555 626 death
576 601 630 626 on
649 589 669 626 8
688 585 799 638 April
823 589 913 626 1492
935 585 1074 638 (Ι,211).

134 689 471 737 Bartholomeus
495 689 615 737 Scala
637 690 874 737 Laurentio
895 689 1060 737 Medici
1082 689 1265 737 salutem
1290 689 1407 737 dicit.
1433 691 1475 737 Si
1499 689 1612 738 forte
1637 683 1833 738 balneaeb
1857 691 1937 738 tibi

133 772 307 805 tantum
343 758 424 804 otii
459 757 513 804 ad
545 756 778 818 legendum
813 757 1107 818 praebuerint,
1145 772 1361 818 occupato
1396 772 1463 805 tot
1499 759 1716 819 tantisque
1752 759 1936 819 negotiis

133 826 332 886 curisque
353 825 643 872 maximarum
664 842 824 881 rerum,
843 825 974 872 mitto
992 825 1046 872 ad
1061 839 1103 872 te
1121 825 1257 872 modo
1276 843 1438 873 novam
1457 826 1766 887 Apologorum
1790 841 1936 874 centu-

133 894 242 941 riam
263 892 623 954 quandoquidem
645 892 825 941 alteram
843 892 1068 954 quondam
1090 911 1183 940 non
1203 893 1470 955 improbasse
1492 894 1607 942 visus
1627 912 1682 942 es.
1704 895 1746 942 Si
1766 909 1808 942 te
1829 894 1935 956 quid

132 961 247 1009 forte
261 961 593 1018 oblectaverint,
607 960 785 1009 fecerim
800 979 956 1022 operae
968 962 1174 1023 pretium.
1188 961 1307 1009 Vale.
1323 966 1387 1008 Ex
1401 962 1635 1010 Florentia.
1650 963 1797 1010 Nonis
1812 964 1934 1010 Maii.

216 1029 351 1077 Haud
370 1047 589 1091 quaquam
608 1028 732 1077 facile
750 1029 935 1077 dixerim
954 1029 1250 1078 dormientine
1272 1048 1327 1078 an
1344 1030 1541 1091 vigilanti
1557 1031 1706 1092 potius
1727 1032 1934 1079 evenerit:

131 1098 260 1146 turba
281 1116 351 1146 me
374 1115 595 1145 novorum
621 1097 924 1159 apologorum,
951 1097 1074 1146 alteri
1094 1113 1272 1146 centurn
1293 1099 1372 1146 visi
1394 1114 1510 1156 sunt,
1535 1100 1930 1147 circumsteterunt.

131 1171 278 1223 Aetas,
307 1167 447 1227 capite
476 1167 650 1223 incano,
681 1184 729 1214 ac
757 1166 1073 1214 Praestabilitas
1102 1167 1415 1215 antecedebant
1443 1185 1599 1228 agmen
1628 1182 1757 1229 atque
1786 1169 1935 1216 Aetati

131 1234 310 1295 quidem
325 1234 642 1281 Praestabilitas
657 1252 797 1295 neque
814 1235 951 1282 invita
965 1234 1246 1282 concedebat.
1263 1239 1468 1296 Cumque
1485 1235 1601 1296 apud
1615 1254 1684 1283 me
1700 1237 1933 1293 stetissent,

130 1302 243 1350 bella
265 1302 457 1349 studiose
484 1303 570 1349 iarn
594 1316 856 1349 tractantem
878 1317 1007 1363 atque
1030 1320 1163 1359 arma,
1186 1304 1381 1363 primurn
1407 1318 1456 1350 ut
1479 1321 1522 1350 se
1547 1318 1712 1351 attente
1735 1303 1931 1351 audirem

130 1384 407 1430 rogaverunt.
433 1369 573 1429 Quod
595 1387 695 1417 cum
718 1369 841 1417 facile
862 1371 1179 1431 impetrassent,
1201 1371 1261 1418 sic
1281 1374 1414 1418 Aetas
1434 1371 1567 1418 verba
1588 1370 1703 1418 fecit:
1726 1374 1934 1418 ‘Oratum

130 1438 185 1485 ad
199 1452 242 1485 te
259 1439 461 1485 venimus
481 1452 529 1485 ut
550 1437 629 1485 hos
648 1452 915 1498 quoque—et
937 1439 1122 1499 respexit
1142 1439 1644 1486 centuriam—obscuros
1666 1454 1795 1500 atque
1814 1440 1933 1500 igno-

129 1505 236 1553 biles
266 1523 358 1552 non
388 1505 617 1566 relinquas.
648 1506 691 1552 Si
720 1523 800 1552 nos
830 1505 1052 1553 admiseris
1081 1520 1122 1553 et
1150 1507 1270 1553 istius
1299 1521 1397 1554 tuae
1427 1506 1606 1554 militiae
1635 1504 1932 1554 adstrinxeris¹

128 1587 417 1629 sacramento,
434 1591 560 1620 causa
575 1573 694 1620 nulla
710 1574 791 1620 erit
805 1591 883 1620 cur
898 1591 1054 1634 operae
1070 1588 1113 1621 te
1128 1567 1301 1621 nostrae
1317 1592 1513 1635 unquam
1528 1575 1735 1635 peniteat.
1753 1574 1935 1622 Maledi-

130 1642 202 1698 cis,
229 1640 400 1697 invidis,
427 1640 797 1688 obtrectatoribus
824 1641 1015 1689 obiectes
1039 1641 1151 1689 hanc
1175 1659 1356 1689 manum
1382 1642 1496 1689 licet.
1522 1642 1691 1690 Cedere
1714 1642 1816 1690 loco
1842 1661 1934 1690 non

130 1708 374 1757 didicimus.
394 1713 522 1756 Aevo
540 1727 730 1770 quoque,
749 1709 870 1770 quod
886 1710 977 1757 sine
997 1711 1266 1770 arrogantiae
1283 1725 1389 1758 nota
1405 1710 1573 1758 dictum
1590 1710 1738 1767 velim,
1756 1711 1791 1758 si
1809 1711 1934 1758 iusse-

129 1778 199 1834 ris,
227 1777 574 1824 contendemus.’
605 1781 723 1825 Cum
752 1777 1001 1825 adiecissem
1027 1777 1082 1825 ad
1106 1796 1180 1825 eos
1208 1778 1367 1826 milites
1395 1778 1559 1835 oculos,
1589 1797 1681 1826 non
1709 1778 1828 1839 digni
1857 1780 1932 1840 qui

129 1860 522 1893 contemnerentur
536 1860 637 1893 sunt
657 1846 749 1893 visi.
771 1849 894 1893 Dum
913 1845 1039 1893 edico
1057 1861 1105 1893 ut
1123 1846 1227 1894 dent
1246 1847 1428 1894 nomina
1446 1846 1616 1908 singuli,
1639 1851 1796 1894 Homo
1818 1862 1933 1895 ante-

127 1914 259 1961 vertit
276 1914 582 1961 centurionem
599 1932 642 1961 se
661 1913 713 1961 ab
731 1914 796 1961 his
814 1932 1028 1962 consensu
1047 1914 1224 1962 militari
1242 1914 1421 1972 factum,
1438 1933 1530 1962 non
1547 1916 1862 1976 permissurum
1882 1930 1930 1963 ut

126 1983 322 2043 primum
347 1983 436 2042 ipse
459 1982 608 2029 locum
631 2000 723 2029 non
746 1982 956 2030 obtineat.
980 1987 1136 2030 Homo
1160 1984 1304 2044 itaque
1323 1984 1491 2044 primus
1516 1984 1609 2031 erit.

906 2123 939 2165 1.
963 2122 1154 2176 [Homo]

889 2187 951 2243 Bi,
973 2191 1172 2234 41v-42v

128 2290 246 2333 Cum
268 2286 383 2333 forte
404 2286 592 2334 Athenis
611 2305 691 2347 per
709 2286 856 2334 forum
879 2287 1175 2335 deambularet
1195 2289 1430 2348 Diogenes,
1452 2288 1522 2336 ille
1542 2303 1589 2336 ut
1611 2289 1774 2350 opinor
1795 2290 1929 2349 Cyni-

127 2372 214 2411 cus,
238 2354 293 2402 ad
311 2355 429 2402 varia
450 2354 684 2402 hominum
710 2355 853 2402 studia
873 2356 1070 2403 animum
1095 2355 1294 2404 advertit.
1318 2356 1667 2404 Obsonabantur
1690 2371 1836 2404 autern
1861 2356 1931 2404 alii

125 2423 435 2483 sumptuosius.
462 2423 659 2482 Quidam
679 2423 970 2471 conducendo
989 2439 1137 2471 scorto
1156 2424 1442 2472 conterebant
1461 2424 1578 2472 diem
1597 2440 1639 2472 et
1657 2425 1932 2473 concilianda

124 2494 309 2538 Venere.
341 2490 564 2538 Nonnulli
597 2491 815 2552 augendae
847 2492 908 2539 rei
939 2491 1100 2540 dabant
1130 2492 1361 2540 sollicitam
1393 2511 1573 2554 operam
1605 2511 1654 2540 ac
1683 2493 1929 2554 quomodo-

126 2576 298 2620 cunque
322 2576 479 2606 acervo
501 2560 660 2607 intenti
683 2560 803 2621 quasi
828 2559 1010 2620 agebant
1031 2561 1291 2621 praestigias.
1317 2560 1516 2622 Plerique
1540 2561 1777 2609 ambiendo
1801 2576 1930 2623 atque

126 2626 391 2674 ostentando
408 2645 496 2674 sese
516 2627 769 2688 ingerebant
789 2627 1031 2676 honoribus
1053 2643 1095 2676 et
1110 2643 1326 2690 praestare
1344 2630 1497 2677 ceteris
1513 2644 1641 2690 atque
1660 2630 1824 2677 anteire
1841 2629 1927 2690 dig—

126 2695 304 2742 natione
324 2695 591 2752 nitebantur,
613 2714 702 2757 quo
722 2695 892 2744 facilior
909 2696 1009 2744 inde
1029 2696 1083 2744 ad
1100 2696 1271 2745 divitias
1289 2712 1418 2758 atque
1435 2697 1682 2759 voluptates
1702 2698 1843 2746 aditus
1859 2716 1930 2759 pa-

204 2906 220 2931 b
237 2911 428 2960 Although
447 2926 502 2950 we
520 2911 632 2950 know
650 2915 813 2951 Lorenzo
834 2927 903 2951 was
922 2925 957 2951 at
975 2916 1094 2962 Bagno
1115 2928 1134 2952 a
1150 2914 1285 2952 Morbo
1304 2928 1355 2952 on
1373 2918 1394 2951 7
1412 2917 1498 2963 May
1516 2915 1556 2951 in
1577 2917 1663 2952 1486
1681 2914 1751 2952 and
1767 2914 1927 2963 possibly

124 2962 197 3001 also
216 2964 256 3000 in
275 2967 373 3007 1485,
391 2963 454 3002 the
469 2978 572 3002 more
588 2964 701 3012 likely
715 2979 801 3013 year
816 2966 843 3003 is
864 2968 961 3009 1488,
979 2965 1057 3003 that
1073 2966 1112 3010 is,
1131 2965 1220 3004 after
1235 2965 1297 3004 the
1313 2965 1439 3004 arrival
1456 2965 1497 3004 of
1510 2965 1572 3004 the
1589 2966 1714 3004 Sultan
1729 2966 1770 3004 of
1786 2969 1932 3015 Egypt’s

124 3028 267 3064 present
282 3028 322 3054 to
340 3019 504 3054 Lorenzo
520 3016 562 3054 of
575 3031 595 3054 a
610 3017 732 3066 giraffe
749 3031 800 3055 on
818 3021 856 3054 11
875 3018 1088 3056 November
1106 3022 1202 3063 1487,
1222 3018 1343 3056 which
1357 3019 1385 3056 is
1401 3018 1541 3057 alluded
1555 3031 1595 3056 to
1613 3020 1652 3056 in
1668 3023 1764 3063 no.9,
1782 3021 1930 3068 ‘Specta-

125 3067 271 3105 culum.'
295 3069 397 3106 Since
417 3068 480 3106 the
502 3068 604 3106 book
625 3068 782 3107 includes
803 3069 865 3107 the
886 3069 1061 3118 apologue
1085 3071 1261 3108 ‘Litterae’
1281 3082 1359 3108 sent
1380 3082 1420 3108 to
1443 3073 1607 3108 Lorenzo
1630 3071 1669 3107 in
1693 3074 1790 3115 1484,
1814 3071 1841 3108 it
1863 3085 1934 3108 was

124 3118 475 3209 evidendkyegvrinen
492 3121 532 3157 in
550 3119 613 3158 the
631 3134 739 3158 seven
757 3134 856 3169 years
877 3120 1066 3170 following
1084 3121 1147 3159 the
1165 3121 1243 3159 first
1264 3121 1438 3166 hundred,
1459 3121 1560 3160 three
1578 3121 1620 3160 of
1638 3122 1759 3160 which
1778 3136 1836 3160 are
1856 3122 1928 3160 also

123 3172 276 3209 transcri
361 3172 401 3208 in
418 3173 469 3209 Bi.
