2072 3450
180 166 273 206 540
850 163 908 203 V:
938 164 962 203 2
1145 173 1147 177 ⁴
1537 170 1789 205 TEXTUAL
1813 170 1990 206 NOTES

267 306 309 328 15⁴

268 358 307 381 155

323 322 474 346 causam:
493 322 569 345 rem
583 305 639 344 M³

322 372 473 410 propter
487 375 526 397 ex
538 375 606 409 pro
622 374 732 397 manu
744 362 892 397 auctoris
905 374 987 397 corr.
1005 357 1057 404 L²;
1071 374 1140 409 pro
1154 357 1210 397 M³

268 412 308 434 156
322 414 478 452 turbam:
495 413 601 451 turba
615 411 668 451 Μ’1

268 465 309 487 ¹⁵⁷
322 481 453 504 uxores
468 467 631 504 insectari
646 481 712 503 om.
730 463 785 503 M³

267 518 307 541 ¹⁵⁸
323 535 450 558 omnes
466 550 473 558 .
489 550 496 558 .
513 550 520 557 .
534 519 844 569 perturbatricem:
859 520 1120 568 concupiscunt
1134 534 1259 557 omnes
1274 520 1571 569 perturbatricem
1585 520 1818 558 abhorrentes
1832 535 1903 558 esse
1918 520 1962 559 ab

318 572 493 610 uxoribus
507 570 563 609 Μ3

267 624 308 646 159
323 625 562 674 eiusdemque:
581 625 745 674 illiusque
761 623 816 662 Μ5

267 675 309 698 160
323 677 448 726 Quod:
465 680 564 715 Nam
579 675 635 714 Μ5

268 729 307 752 ¹⁶¹
324 733 350 769 is
365 746 431 769 om.
449 728 506 768 Μ3

267 782 309 804 ¹⁶²
323 799 484 822 errorem
498 799 536 821 ex
550 798 651 821 error
663 785 761 828 MSS,
778 786 907 821 correxi

267 835 308 858 ¹⁶³
323 839 394 876 iam
404 849 481 887 post
495 837 586 875 mihi
599 837 677 875 add.
694 834 748 874 M³

267 888 309 910 ¹⁶⁴
322 890 442 928 solum
458 890 504 928 id:
520 889 556 927 id
569 890 742 927 duntaxat
756 887 812 927 Μ1

267 942 308 964 165
322 943 486 981 dixerim:
501 943 618 981 dicam
633 941 689 980 M³

267 994 308 1016 166
322 1011 424 1045 saepe
440 995 661 1045 efferatique:
678 1008 783 1045 atque
798 995 937 1033 efferari
952 993 1005 1033 M³

267 1048 308 1070 ¹⁶⁷
323 1062 493 1087 asserunt:
510 1050 611 1087 aiunt
625 1046 679 1086 Μ3

267 1100 307 1122 166
322 1102 522 1140 advertisse:
540 1101 722 1139 advertere
736 1099 791 1139 M³

267 1154 308 1176 ¹⁶⁹
322 1156 443 1206 aliquo
458 1155 570 1194 modo
587 1170 653 1194 om.
671 1153 727 1193 M³

267 1206 309 1229 ¹⁷⁰
322 1210 468 1246 mirum:
485 1208 691 1246 mirandum
707 1206 762 1246 M³

267 1261 306 1283 ¹⁷¹
322 1262 468 1312 quidem
478 1273 555 1312 post
570 1262 605 1300 id
617 1262 695 1300 add.
712 1259 768 1299 Μ5

267 1313 308 1335 ¹⁷²
322 1315 518 1364 quodnam:
536 1314 635 1364 quod
650 1312 704 1351 M³

266 1366 306 1388 ¹⁷³
322 1368 385 1405 nil:
401 1368 492 1405 nihil
506 1365 560 1405 M³

266 1418 308 1440 ¹⁷⁴
322 1432 427 1469 atque
443 1421 683 1457 constantiam
692 1431 769 1468 post
782 1419 1078 1468 tranquillitatem
1090 1419 1168 1457 add.
1185 1417 1239 1457 M³

266 1472 306 1494 ¹⁷⁵
321 1486 508 1511 testantur:
524 1485 677 1522 arguunt
692 1470 747 1510 M³

267 1524 308 1546 ¹⁷⁶
322 1527 431 1563 enim:
446 1525 622 1575 siquidem
639 1523 695 1563 Μ3

267 1578 308 1599 ¹⁷⁷
322 1592 427 1629 atque
442 1580 618 1617 cruciatus
627 1590 704 1628 post
717 1579 860 1617 dolores
873 1579 950 1616 add.
968 1577 1022 1616 M³

266 1630 306 1652 ¹⁷⁸
322 1632 425 1680 Quid
440 1662 447 1669 .
463 1662 470 1669 .
486 1662 493 1669 .
508 1632 829 1669 desideratissima?:
847 1634 983 1669 Verum
999 1631 1144 1669 nullane
1156 1644 1239 1669 sunt
1254 1633 1290 1669 in
1306 1632 1440 1681 nuptiis
1454 1631 1703 1681 porbatissima
1717 1632 1867 1680 sapienti
1881 1643 1986 1681 atque

266 1736 307 1758 m
317 1685 627 1775 desiderffiissima?
645 1687 736 1723 Sunt
750 1685 863 1723 multa
877 1685 1079 1723 mehercule
1092 1685 1136 1723 de
1151 1685 1279 1734 quibus
1295 1685 1439 1734 quidem
1454 1686 1525 1723 iam
1539 1684 1655 1723 dicere
1669 1684 1847 1734 aggrediar
1861 1682 1917 1722 Μ’1

323 1753 350 1776 1s
364 1753 430 1775 om.

266 1789 308 1812 160
322 1804 437 1841 atque:
455 1794 499 1829 Et
513 1789 568 1828 Μ1

266 1841 306 1864 ¹⁸¹
321 1845 489 1881 estraneis
503 1859 542 1881 ex
555 1843 712 1881 barbaris
727 1846 764 1881 in
780 1858 972 1892 margaeorr.
989 1840 1044 1881 M³

266 1895 307 1917 ¹⁸²
321 1899 458 1935 vitiare:
472 1897 607 1934 violare
620 1895 677 1934 M³

266 1947 306 1970 ¹⁸³
322 1950 482 1999 illaeque:
499 1949 577 1988 illae
591 1962 711 1987 autem
726 1947 782 1987 Μ5

266 2002 307 2024 ¹⁸⁴
322 2004 501 2042 Mausolo:
518 2004 706 2042 Mausoleo
722 2006 820 2048 MSS,
836 2007 965 2042 correxi

266 2055 306 2077 165
322 2069 356 2094 et
370 2087 378 2094 .
393 2087 401 2094 .
418 2087 425 2094 .
440 2071 594 2106 quoque:
611 2058 719 2094 etiam
733 2069 868 2094 caetera
881 2054 938 2093 Μ5

266 2108 307 2130 166
322 2122 580 2159 nuncupantur
592 2107 659 2154 M³;
675 2122 932 2182 nuncupentur
945 2107 987 2146 L²

266 2160 307 2182 ¹⁸⁷
322 2165 463 2211 Magna:
480 2163 640 2199 Maxima
654 2177 741 2199 vero
756 2164 795 2199 M

266 2213 306 2235 166
321 2217 512 2264 virumque
528 2216 670 2253 amoris:
687 2216 928 2264 maritumque
942 2215 1144 2252 dilectionis
1158 2212 1213 2252 M³

266 2265 307 2287 169
321 2280 367 2305 et:
382 2269 490 2305 etiam
504 2265 559 2304 Μ1

266 2319 308 2341 190
320 2336 415 2358 uxor
423 2332 500 2370 post
513 2333 553 2358 ut
566 2320 643 2358 add.
662 2318 715 2358 M³

266 2371 306 2393 ¹⁹¹
321 2374 477 2411 caritate:
493 2388 614 2411 amore
630 2371 684 2410 M³

266 2425 307 2447 ¹⁹²
321 2428 536 2465 contemnit:
551 2439 670 2476 potest
684 2439 916 2465 contemnere
930 2424 986 2464 Μ5

266 2477 306 2499 ¹⁹³
321 2479 440 2517 Ulixis
449 2491 526 2529 post
539 2479 744 2529 Penelopen
758 2479 835 2517 add.
852 2477 906 2516 M³

266 2531 307 2553 ¹⁹⁴
321 2534 481 2570 Troiam:
497 2533 617 2570 Illium
631 2530 687 2570 M³

266 2583 306 2605 ¹⁹⁵
321 2600 366 2622 ne
381 2600 447 2622 om.
465 2583 506 2622 L²

266 2634 307 2658 ¹⁹⁶
321 2653 359 2676 ac
374 2638 630 2687 Rhodoginem
646 2653 712 2676 om.
730 2636 785 2675 M³

266 2689 307 2711 ¹⁹⁷
320 2691 602 2728 Atheniensium
611 2702 687 2740 post
701 2692 847 2740 triginta
857 2690 934 2728 add.
951 2688 1006 2728 M³

266 2742 306 2765 ¹⁹⁸
321 2757 460 2782 nostras
474 2742 541 2789 M³;
557 2757 700 2782 nostros
714 2742 758 2781 L²

266 2795 307 2817 ¹⁹⁹
321 2812 363 2834 ex
378 2798 552 2834 Romanis
567 2812 633 2834 om.
651 2794 706 2833 M³

263 2848 308 2870 ²⁰⁰
322 2850 373 2887 illi
386 2865 452 2887 om.
470 2848 527 2887 M³

263 2899 305 2921 ²⁰¹
321 2902 538 2939 subveniret:
554 2902 744 2938 subvenire
757 2914 875 2950 posset
891 2899 946 2938 M³

264 2952 307 2975 ²0²
321 2969 461 3004 semper
471 2966 547 3004 post
561 2954 687 2992 dixisse
701 2954 778 2991 add.
796 2952 850 2991 Μ5

264 3005 306 3027 ²⁰³
323 3006 452 3044 referre
467 3037 474 3044 .
490 3037 497 3044 .
514 3037 521 3044 .
535 3006 655 3044 velim:
671 3007 794 3044 omnia
807 3006 916 3043 velim
931 3006 1060 3043 referre
1074 3003 1128 3043 M³

264 3058 307 3080 ²⁰⁴
321 3075 404 3097 vera
418 3090 425 3097 .
441 3090 448 3097 .
464 3061 631 3097 enarrari:
644 3074 731 3097 vero
746 3059 890 3108 quidem
906 3060 1098 3096 memorari
1114 3057 1169 3096 M³

264 3109 306 3132 ²⁰⁵
322 3127 398 3149 non
412 3113 521 3149 enim:
536 3114 635 3149 Nam
650 3126 727 3148 non
741 3109 797 3148 M³

264 3163 307 3185 ²⁰⁶
322 3180 371 3203 ac:
387 3177 492 3214 atque
507 3162 562 3202 M³
