2124 3458
106 175 288 209 ESSAYS
1813 163 1898 204 351

191 316 283 372 Ego
316 311 615 358 necessitatem
645 309 809 365 malim,
839 309 918 356 etsi
947 323 989 355 et
1018 309 1153 368 ipsam
1183 307 1369 369 probare
1402 307 1524 354 nullo
1553 322 1685 368 pacto
1713 325 1905 368 possum.

107 380 251 427 Multa
274 380 392 426 enim
417 379 590 425 evenire
611 377 807 438 quotidie
829 376 1041 432 videmus,
1065 390 1132 423 tot
1155 390 1382 423 versantur
1404 393 1468 422 res
1492 375 1705 422 humanae
1729 375 1909 431 casibus,

106 463 174 495 tot
193 462 294 495 sunt
315 464 424 507 quae
444 445 642 507 quotidie
662 459 888 505 emergunt
909 462 1057 491 earum
1077 443 1359 499 diversitates,
1379 444 1422 489 in
1443 443 1599 504 quibus
1622 444 1782 490 merito
1799 443 1911 490 solu-

106 517 267 563 tiorem
289 514 541 562 facultatem
559 513 821 573 liberiusque
845 511 1054 559 iudicium
1076 511 1301 558 desideres.
1324 512 1435 558 Fieri
1457 529 1645 571 namque
1664 511 1737 557 vix
1759 525 1913 558 natura

105 598 251 645 potest
272 597 319 630 ut
341 581 715 643 comprehendere
736 581 886 627 animo
908 579 1170 627 nomotheta
1190 594 1318 640 queat
1338 580 1558 626 universas
1580 596 1725 626 rerum
1748 579 1911 639 species

106 669 216 712 quae
236 668 375 698 unum
397 650 476 697 sub
499 649 724 696 decretum
741 649 908 709 possint
932 649 1093 695 venire.
1113 649 1155 695 Si
1176 647 1281 709 quid
1300 648 1409 694 inest
1431 648 1475 693 in
1496 647 1586 708 lege
1607 647 1716 703 vitii,
1736 661 1910 708 tempus

106 720 260 780 arguit,
297 718 419 779 quod
455 718 586 765 etiam
620 716 874 778 philosophi
914 716 1055 763 solent
1091 716 1149 763 ob
1186 734 1281 763 eam
1318 717 1453 777 ipsam
1491 733 1662 763 causam
1699 714 1913 776 appellare

104 787 486 848 sapientissimum.
515 785 660 832 Multa
684 786 801 832 enim
827 785 968 845 ipsum
996 784 1157 844 detegit
1179 784 1338 844 datque
1363 785 1407 830 in
1431 783 1589 840 lucem,
1615 801 1724 844 quae
1748 798 1796 830 tu
1822 801 1913 830 non

106 870 196 903 arte
222 852 358 910 ulla,⁷⁸
389 853 517 901 nullis
546 853 712 909 studiis,
740 870 831 900 non
859 852 1023 900 viribus
1053 852 1274 912 quibusvis
1303 852 1618 912 conatibusque
1644 869 1724 912 per
1749 866 1792 898 te
1817 852 1908 898 sine

106 923 305 970 adiutore
329 937 530 982 tempore
554 938 832 981 consequare.
859 925 922 967 Ita
944 921 1231 967 necessarium
1256 919 1321 975 fit,
1345 937 1445 966 cum
1471 919 1577 980 quid
1597 919 1681 966 tale
1704 920 1912 975 evenerit,

106 1005 178 1038 aut
201 989 400 1037 recedere
419 989 471 1036 ab
492 989 637 1049 legum
660 988 948 1044 observantia,
971 1006 1061 1048 quo
1081 1005 1159 1035 vos
1181 987 1288 1034 nihil
1312 1005 1399 1034 esse
1420 986 1715 1034 detestabilius
1733 988 1910 1047 putatis,

105 1073 178 1106 aut
198 1073 314 1105 certe
333 1057 417 1105 tale
435 1075 558 1117 agere
576 1056 740 1117 aliquid
759 1056 883 1117 quale
904 1074 995 1103 non
1013 1055 1217 1116 probasse
1239 1056 1395 1103 animis
1413 1055 1629 1116 populum
1654 1059 1909 1102 Romanurn

106 1128 150 1173 in
178 1131 329 1182 Bruto,
356 1140 534 1172 auctore
558 1124 783 1180 libertatis,
805 1142 934 1185 supra
959 1124 1160 1171 diximus.
1187 1128 1308 1170 Nam
1334 1138 1381 1170 ut
1408 1124 1452 1169 in
1478 1123 1699 1179 aedificiis,
1725 1123 1917 1170 dictante

107 1209 274 1250 natura,
292 1194 558 1240 inconcinna
576 1210 667 1239 non
683 1192 888 1253 probant,
904 1193 964 1239 sic
981 1193 1026 1238 in
1044 1191 1212 1238 iudiciis
1229 1191 1467 1239 abhorrent
1486 1192 1675 1238 maxime
1692 1209 1715 1238 a
1731 1190 1911 1238 crudeli-

105 1277 193 1309 tate
210 1262 346 1309 animi
367 1262 520 1317 nostri,
540 1278 588 1308 ac
606 1260 821 1321 quidquid
838 1261 998 1307 rationi
1017 1274 1296 1320 naturaeque,
1315 1277 1423 1320 quae
1443 1277 1625 1319 regnum
1646 1259 1846 1306 obtinere
1866 1260 1911 1305 in

106 1330 327 1377 mentibus
365 1330 524 1376 nostris
557 1328 733 1384 debent,
769 1346 860 1375 non
892 1328 1043 1375 vident
1076 1329 1326 1383 convenire,
1360 1328 1518 1374 vitium
1554 1327 1711 1374 habere
1746 1328 1791 1373 in
1824 1345 1913 1374 sese

103 1413 261 1459 putant
284 1412 326 1444 et
345 1397 520 1458 probris
544 1411 864 1443 consectantur.

190 1469 377 1525 Quanto
399 1466 542 1525 igitur,
567 1482 620 1511 ne
641 1464 812 1524 longius
836 1463 1006 1520 faciam,
1026 1465 1114 1510 vivi
1134 1465 1281 1524 potuit
1305 1463 1459 1511 melius
1480 1463 1534 1511 ad
1553 1463 1661 1510 boni
1683 1464 1766 1509 viri
1787 1463 1910 1510 boni-

105 1552 189 1594 que
207 1533 360 1580 iudicis
377 1532 622 1588 arbitrium,
641 1532 749 1579 duce
767 1547 921 1579 natura
939 1533 1062 1592 (quae
1078 1531 1213 1579 libera
1229 1546 1290 1578 est
1305 1549 1490 1592 semper,
1509 1549 1588 1578 nec
1605 1531 1820 1592 aliquibus
1839 1531 1912 1578 ob-

106 1602 238 1648 noxia
268 1602 483 1648 extraneis
512 1600 915 1656 constitutionibus,
950 1601 1040 1660 ipsa
1070 1600 1151 1647 sibi
1180 1618 1264 1660 pro
1294 1614 1509 1660 tempore,
1540 1617 1624 1660 pro
1655 1599 1796 1655 rebus,
1827 1617 1911 1659 pro

105 1670 255 1725 causis,
276 1687 360 1729 pro
381 1668 548 1715 casibus
570 1668 676 1728 quid
696 1667 871 1715 decerni
890 1682 1092 1728 oporteat
1113 1667 1284 1714 abunde
1304 1667 1636 1727 subministrat),
1660 1685 1792 1727 quam
1813 1685 1909 1714 eam

104 1737 186 1784 sibi
205 1737 461 1797 imposuisse
485 1736 686 1783 homines
708 1736 1022 1792 necessitatem,
1040 1750 1087 1782 ut
1105 1735 1241 1782 velint
1260 1735 1403 1782 nolint
1423 1736 1477 1782 sit
1495 1734 1908 1796 obtemperandum,

106 1806 151 1851 in
172 1805 238 1852 his
258 1805 390 1851 etiam
408 1822 533 1865 saepe
554 1804 681 1851 rebus
702 1804 746 1850 in
767 1804 923 1864 quibus
945 1803 1087 1850 multo
1108 1804 1153 1849 in
1173 1821 1265 1850 rem
1285 1803 1367 1850 fuit
1387 1803 1511 1850 aliter
1526 1818 1574 1850 ut
1593 1803 1913 1850 decerneretur!

104 1877 169 1919 Ex
188 1891 278 1933 quo
295 1872 483 1933 probare
502 1887 644 1919 totam
661 1871 779 1919 illam
800 1890 891 1919 non
908 1871 1030 1919 soleo
1047 1872 1324 1928 sententiam,
1342 1872 1462 1918 cuius
1481 1871 1671 1918 arbitror
1687 1870 1815 1918 fuisse
1832 1889 1912 1918 vos

105 1955 318 1996 auctores,
341 1955 383 1987 et
406 1939 491 1987 dici
512 1940 701 2000 graviter
720 1958 743 1987 a
765 1939 1025 2000 quibusdam
1049 1940 1266 2000 sapienter
1286 1954 1478 2000 putatur:
1503 1954 1575 1986 aut
1599 1957 1691 1986 non
1715 1938 1914 1986 ferendas

105 2027 193 2056 esse
217 2008 342 2069 leges,
368 2023 440 2056 aut
465 2023 580 2055 certe
602 2008 707 2056 latas
730 2007 1041 2056 inviolabiliter
1062 2023 1294 2069 sancteque
1317 2026 1404 2055 esse
1427 2007 1669 2055 servandas.
1695 2007 1807 2055 Illud
1828 2006 1913 2054 for-

104 2092 213 2124 tasse
233 2078 483 2137 sapientius,
506 2077 540 2124 si
563 2076 765 2124 ferendae
783 2091 884 2123 sunt
906 2076 1031 2137 leges,
1053 2091 1229 2124 eatenus
1249 2077 1308 2123 eis
1328 2094 1415 2124 esse
1434 2076 1679 2137 parendum
1700 2091 1914 2137 quatenus

106 2160 284 2192 naturae
307 2145 485 2205 legibus,
512 2163 596 2205 qua
620 2145 709 2205 ipsa
733 2145 778 2191 in
802 2145 928 2192 nobis
954 2144 1248 2192 immutabiles
1271 2146 1642 2206 sempiternasque
1668 2145 1911 2201 constituit,

106 2231 197 2260 non
220 2214 568 2260 contravenIant.
591 2217 685 2274 Ipsa
705 2214 823 2260 enim
844 2213 935 2260 sola
956 2228 1018 2260 est
1039 2231 1147 2274 quae
1169 2227 1284 2260 recte
1304 2214 1491 2260 instituit
1512 2214 1603 2260 sine
1624 2214 1916 2274 praeceptori·

104 2281 198 2338 bus,
236 2299 345 2342 quae
381 2282 518 2342 aperit
553 2281 849 2328 dubitationes
884 2282 975 2328 sine
1011 2281 1306 2338 altercatione,
1339 2299 1448 2342 quae
1483 2299 1637 2328 verum
1673 2282 1912 2341 cognoscit,

106 2367 246 2410 neque
270 2348 359 2396 falli
381 2363 541 2409 potest,
565 2367 674 2409 quae
698 2364 813 2396 recte
835 2349 1041 2396 diiudicat
1064 2364 1106 2396 et
1128 2367 1260 2396 nemo
1283 2350 1490 2410 coarguit.
1518 2354 1612 2410 Ipsa
1632 2349 1812 2396 tandem
1836 2364 1912 2405 est,

105 2435 128 2464 a
149 2435 235 2477 qua
254 2418 289 2464 si
313 2418 408 2477 quis
432 2416 631 2464 recedere
651 2415 794 2464 ausit79
818 2416 1114 2464 confidentius
1137 2417 1298 2464 oblitus
1323 2418 1410 2478 ipse
1434 2418 1513 2473 sui,
1538 2418 1678 2464 immo
1702 2435 1809 2464 vero
1829 2417 1910 2464 sibi

106 2485 186 2545 ipsi
203 2502 252 2531 ac
267 2499 445 2532 naturae
461 2502 560 2532 suae
577 2484 838 2541 adversatus,
856 2485 1174 2532 inextricabiles
1190 2485 1352 2532 incidat
1365 2486 1843 2546 perniciosissimosque
1865 2486 1909 2531 in

105 2570 273 2599 errores
294 2570 464 2600 necesse
486 2567 561 2600 est.
583 2557 647 2600 Ut
669 2553 787 2600 enim
810 2567 964 2600 nautae
983 2553 1273 2613 gubernatore
1295 2554 1453 2600 amisso
1477 2553 1562 2600 huc
1583 2568 1712 2614 atque
1733 2553 1834 2600 illuc
1855 2567 1914 2600 te-

106 2638 224 2667 mere
247 2621 616 2680 circumaguntur,
640 2635 912 2681 pereuntque
934 2639 1059 2681 saepe
1082 2621 1179 2668 illisi
1201 2621 1389 2681 scopulis
1412 2621 1479 2668 vel
1503 2621 1666 2668 absorti
1689 2621 1910 2677 fluctibus,

105 2702 178 2734 aut
197 2702 312 2734 certe
329 2689 413 2734 acti
427 2702 665 2735 ventorum
685 2687 860 2735 flatibus
877 2706 931 2735 eo
948 2687 1218 2744 deferuntur,
1234 2688 1350 2735 unde
1367 2703 1519 2749 postea
1535 2688 1702 2748 regredi
1720 2688 1912 2735 humana

105 2755 249 2816 aliqua
271 2773 405 2816 opera
427 2773 518 2802 non
541 2755 655 2812 licet,
679 2755 1055 2817 quemadmodum
1080 2756 1266 2817 dispergi
1290 2771 1611 2804 consueverunt
1636 2774 1752 2813 oves,
1775 2757 1912 2817 gregis

103 2837 327 2883 pastorem
344 2824 378 2870 si
395 2825 667 2884 percusseris,
686 2825 795 2871 sicut
815 2824 987 2880 milites,
1004 2825 1038 2872 si
1056 2825 1151 2885 quis
1169 2825 1480 2885 imperatorem
1499 2842 1618 2872 casus
1635 2825 1912 2881 subtraxerit,

106 2890 366 2938 confusione
387 2891 626 2952 opplentur
644 2893 847 2952 variaque
864 2893 909 2938 in
926 2892 1118 2953 pericula
1135 2907 1176 2939 et
1195 2908 1358 2939 mortes
1377 2907 1603 2949 corruunt3
1625 2894 1683 2940 ita
1699 2893 1733 2939 si
1753 2907 1913 2939 rector-

106 2976 191 3015 em,
209 2959 244 3006 si
264 2959 507 3015 custodem,
527 2960 561 3006 si
581 2959 737 3006 ducem
756 2978 902 3007 rerum
923 2961 1125 3007 omnium
1147 2961 1459 3021 actionumque
1480 2960 1771 3007 humanarum
1795 2975 1915 3007 natu-

107 3024 236 3073 ram⁸⁰
268 3026 519 3087 neglexeris,
552 3028 879 3088 contempseris,
914 3028 1132 3084 abieceris,
1163 3028 1270 3074 nihil
1303 3043 1364 3075 est
1397 3029 1584 3075 omnino
1616 3046 1770 3075 eorum
1804 3046 1913 3089 quae

106 3095 262 3141 timere
282 3109 323 3141 et
342 3093 489 3155 fugere
510 3095 670 3142 merito
690 3095 890 3143 homiues
912 3110 1232 3143 consueverunt
1254 3114 1345 3143 non
1366 3095 1711 3152 formidandum,
1733 3113 1825 3143 non
1846 3114 1913 3143 ex-

105 3161 388 3222 pectandum,
413 3180 505 3209 non
528 3161 788 3210 ferendum?
