2072 3450
126 160 380 195 TEXTUAL
404 159 580 194 NOTES
1151 152 1209 193 V:
1240 153 1262 193 8
1837 154 1928 194 555

210 294 464 385 :supiimffi
481 310 522 385 {aa
533 297 667 334 civitati
681 295 945 333 admonitiones
959 310 1042 332 corr.
1060 298 1125 333 Mo

251 359 318 397 sup.
336 362 383 385 m
525 362 549 384 ο

209 398 463 473 Ζπφλίηαάά.
482 403 548 438 Mo

252 467 291 490 ex
303 453 431 490 urbem
446 467 529 490 corr.
546 454 612 490 Mo

209 503 239 526 ⁹⁹
251 505 463 555 sup.lin.add.
482 508 548 543 Mo

212 555 255 579 ¹⁰⁰
268 559 487 607 ingesserunt
499 557 562 595 del.
579 560 646 595 Mo

212 609 251 632 ¹⁰¹
267 626 365 650 nunc
376 623 534 661 suprascr.
552 614 619 649 Mo

212 662 252 685 ¹⁰²
266 677 301 702 et
314 664 515 714 prophetiis
526 663 590 702 del.
607 666 673 701 Mo

211 715 252 738 ¹⁰³
267 718 502 755 indicaverint
515 718 569 755 ed.
585 717 679 755 forte
693 718 926 755 iudicaverint
938 732 977 755 ex
989 718 1130 755 videtur
1142 718 1359 767 sup.lin.c0rr.
1378 721 1444 756 Mo

212 767 253 790 ¹⁰⁴
266 770 465 807 laboriosus
479 784 519 807 ex
531 770 752 807 laboriosum
767 784 850 807 corr.
867 772 933 807 Mo

211 821 252 843 ¹⁰⁵
265 823 439 872 malina
455 824 609 861 maxime
623 838 706 860 corr.
723 825 789 860 Mo

212 873 252 895 ¹⁰⁶
266 875 442 924 appellare
456 889 644 924 poscumus
658 875 721 912 del.
738 877 804 912 Mo

211 926 253 949 ¹⁰⁷
266 928 416 978 predicit
430 943 469 966 οε
481 928 670 978 predicunt
683 943 766 966 corr.
783 931 850 966 Mo

211 978 252 1001 ¹⁰⁸
266 994 316 1018 est
329 993 486 1030 suprascr.
504 983 570 1018 Mo

211 1032 253 1107 :2²3
265 1034 457 1124 5‘01‘22532
469 1037 769 1124 cmm.

211 1138 252 1211 :g
265 1098 608 1229 ξιὲξιῐὲιιιιὶἶῗίἳιάἰὲἕγ
594 1151 750 1188 suprascr
768 1142 834 1177 Mo

265 1191 552 1283 Ξζῖεηῖιῖῗᾶ.
561 1194 635 1283 '3¹12

210 1295 251 1317 ¹¹⁴
264 1297 376 1335 ferme
390 1309 546 1347 suprascr.
565 1300 631 1335 Mo

210 1348 250 1371 ¹¹⁵
264 1351 381 1400 aliqua
393 1350 462 1388 fuit
474 1351 537 1388 del.
554 1353 620 1388 Mo

210 1401 251 1423 ¹¹⁶
265 1404 302 1440 in
316 1416 415 1441 tanta
429 1406 495 1440 Mo

209 1455 251 1477 117

264 1458 424 1494 cortinae
436 1472 475 1494 ex
487 1457 640 1506 Sybillae
653 1472 736 1495 corr.
753 1460 819 1495 Mo

209 1506 250 1529 ¹¹⁸
264 1509 350 1546 hinc
360 1509 423 1546 del.
440 1512 506 1546 Mo

209 1560 250 1582 ¹¹⁹
264 1562 509 1611 Pomelipratii
525 1562 565 1610 (?)
579 1562 642 1599 del.
659 1565 725 1599 Mo

209 1611 251 1634 ¹²⁰
263 1614 442 1651 volatibus
456 1614 499 1651 ed

209 1664 248 1687 ¹²¹
262 1667 405 1704 divinae
416 1667 479 1704 del.
497 1670 563 1704 Mo

209 1716 250 1739 ¹²²
263 1733 344 1756 suae
359 1734 426 1756 om.
443 1721 509 1756 Mo

209 1769 249 1792 ¹2³
262 1772 526 1810 divinationem
539 1775 605 1810 Mo

208 1822 250 1844 ¹²⁴
263 1825 445 1862 mentibus
460 1826 608 1862 immisit
625 1824 698 1873 (del.
715 1825 858 1873 nostris)
874 1828 940 1863 Mo

208 1875 249 1897 ¹²⁵
263 1890 382 1915 autem
397 1893 464 1915 om.
481 1881 547 1915 Mo

208 1927 249 1950 ¹²⁶
262 1929 467 1968 videntibus
482 1930 522 1978 (?)
537 1930 599 1968 del.
617 1933 683 1968 Mo

208 1981 249 2003 ¹²⁷
262 1983 419 2021 Hebraei
432 1996 588 2033 suprascr.
607 1987 673 2022 Mo

207 2033 248 2056 ¹²⁸
262 2048 367 2084 atque
381 2048 537 2085 suprascr.
555 2039 622 2074 Mo

207 2086 249 2109 ¹²⁹
262 2089 506 2127 crudelissimo
523 2120 531 2127 .
546 2120 554 2127 .
569 2120 577 2127 .
592 2105 671 2139 rege
682 2102 839 2139 suprascr.
857 2093 923 2128 Mo

207 2138 249 2161 ¹³⁰
261 2156 372 2190 usque
385 2153 542 2191 suprascr.
561 2145 627 2179 Mo

207 2192 247 2215 ¹³¹
263 2195 532 2244 repententibus
547 2195 587 2243 (?)
601 2195 664 2233 del.
681 2198 747 2234 Mo

207 2245 248 2267 ¹³²
262 2248 328 2296 ipsi
342 2263 381 2285 ex
394 2247 448 2285 his
464 2248 503 2295 (?)
519 2263 602 2285 corr.
620 2251 685 2286 Mo

207 2298 247 2320 ¹³³
262 2302 327 2349 ipsi
340 2301 403 2338 del.
420 2304 487 2338 Mo

207 2350 248 2372 ¹³⁴
261 2352 379 2389 filium
393 2356 483 2390 Nun
497 2365 653 2402 suprascr.
672 2356 738 2391 Mo

207 2403 247 2425 ¹³⁵
261 2418 356 2443 certe
369 2421 408 2443 α
420 2406 525 2443 simul
540 2406 758 2455 sup.lin.corr.
776 2410 842 2445 Mo

207 2455 248 2477 ¹³⁶
262 2458 313 2495 illi
325 2473 364 2495 ex
377 2460 573 2507 septaginta
585 2473 668 2496 corr.
685 2461 751 2497 Mo

207 2508 248 2531 ¹³⁷
261 2524 366 2560 atque
379 2512 457 2549 add.
474 2514 540 2549 Mo

206 2560 247 2583 ¹³³
261 2562 344 2601 fecit
356 2575 513 2612 suprascr.
532 2567 598 2602 Mo

206 2613 248 2636 ¹³⁹
261 2616 347 2654 haec
361 2617 505 2665 quidem
521 2648 529 2654 .
545 2648 553 2654 .
568 2648 575 2654 .
591 2632 726 2655 nonne:
740 2618 825 2656 haec
838 2620 1033 2656 vetustiora
1046 2632 1080 2656 et
1094 2620 1212 2657 minus
1227 2632 1350 2657 nostra
1361 2632 1455 2657 sunt.
1470 2622 1609 2657 Nonne
1622 2622 1688 2657 Mo

206 2666 248 2688 ¹⁴⁰
261 2669 603 2707 Hierosolimitanus
618 2685 685 2707 om.
702 2673 768 2708 Mo

206 2720 245 2742 ¹⁴¹
260 2722 485 2760 durissimam
501 2738 568 2760 om.
585 2726 651 2760 Mo

206 2771 247 2793 ¹⁴²
261 2775 477 2823 imperatore
489 2775 566 2812 add.
583 2778 650 2813 Mo

206 2825 246 2847 ¹⁴³
259 2827 432 2865 deterruit
446 2843 485 2865 ex
496 2841 606 2866 terret
617 2843 700 2866 corr.
717 2832 783 2866 Mo

206 2877 247 2898 ¹⁴⁴
260 2892 522 2928 praemonstrat
536 2880 708 2918 haeresim
723 2893 763 2919 ut
777 2894 973 2930 preteream
987 2885 1053 2920 Mo

206 2930 246 2952 ¹⁴⁵
261 2932 473 2970 heremitam
486 2945 569 2971 ante
581 2935 796 2983 Petrumque
809 2935 871 2972 del.
889 2938 965 2979 Mo,
981 2937 1196 2984 Petrumque
1210 2950 1249 2973 ex
1261 2938 1406 2973 Petrum
1419 2950 1502 2973 corr.
1519 2936 1562 2974 ed

205 2982 247 3004 ¹⁴⁶
260 2984 348 3022 alter
359 2984 437 3022 add.
455 2987 520 3022 Mo

206 3035 247 3057 ¹⁴⁷
259 3037 426 3075 divinum
440 3068 447 3075 .
464 3068 471 3075 .
486 3069 494 3075 .
507 3038 722 3076 claruerunt:
735 3054 774 3076 ex
786 3039 950 3077 divinum
964 3055 1095 3078 munus
1111 3042 1269 3078 inierunt
1280 3055 1363 3078 corr.
1380 3043 1446 3078 Mo

205 3087 246 3109 ¹⁴⁸
260 3102 380 3126 autem
395 3105 461 3127 om.
478 3093 544 3127 Mo

206 3139 247 3161 ¹⁴⁹
260 3154 300 3179 ut
315 3144 529 3180 recentiores
543 3158 650 3192 quam
664 3144 866 3193 complures
881 3147 947 3182 Mo
