2124 3458
209 168 298 209 328
1818 170 1956 204 PART
1981 171 2012 203 V

207 313 368 373 potius.
398 316 522 358 Haec
542 328 643 357 curn
666 311 858 370 speciose
883 327 931 356 ac
951 324 1115 356 temere
1138 309 1328 364 iactaret,
1347 326 1559 368 generoso
1582 309 1678 355 cani
1701 307 1834 354 bilem
1858 308 2012 355 movit.

209 385 324 441 Ergo
355 379 596 439 fugientem
626 396 706 439 per
734 379 875 424 invios
908 392 949 424 et
975 391 1234 438 praeruptos
1263 376 1394 423 saltus
1424 377 1767 423 conviciatorem
1798 377 2016 423 insecutus

210 466 311 495 cum
334 448 542 494 tenuisset
562 445 756 502 tandem,
779 446 893 492 inter
911 444 1152 492 satiandam
1172 445 1293 491 iram:
1318 447 1350 490 ‘I
1371 443 1536 499 modo,'
1562 444 1718 504 inquit,
1740 442 1895 499 ‘fortis3
1917 443 2018 500 iam,

210 515 317 576 quid
339 533 362 562 a
383 532 485 561 vera
505 515 666 560 virtute
687 514 826 560 inanis
849 512 977 559 distet
997 512 1249 572 loquacitas,
1272 511 1427 558 faciam
1448 525 1496 558 ut
1520 511 1751 571 intellegas.
1773 514 2011 558 Emorere.’

937 653 1002 695 70.
1028 647 1298 695 Beneficium

211 753 575 801 Bartholomaeus
601 751 722 799 Scala
747 752 984 798 Laurentio
1008 750 1174 797 Medici
1198 750 1402 797 Salutem.
1431 750 1529 797 Scio
1555 764 1597 796 te
1623 750 1668 796 in
1696 767 1770 796 eos
1796 750 1871 810 qui
1898 749 2018 810 digni

210 836 311 869 sunt
343 820 558 877 conferre,
590 838 722 881 quam
751 816 848 866 in¹⁷2
883 818 1098 879 indignos,
1131 818 1273 865 multo
1302 818 1507 865 libentius
1537 816 1803 865 beneficium
1835 813 2013 874 illius,¹⁷³

211 889 333 951 quod
356 889 442 936 dici
463 888 606 949 lepide
629 888 681 935 ab
703 888 892 948 antiquis
914 887 1038 943 solet,
1064 886 1179 934 haud
1201 887 1449 933 immemor:
1474 885 1730 946 Beneficium
1751 885 1895 932 dando
1913 903 2020 932 acce-

204 962 283 1019 pit,
305 961 383 1018 qui
400 957 532 1017 digno
549 956 712 1003 dedit.¹¹³
730 960 954 1003 Utrumne
977 954 1155 1002 tandem
1177 955 1263 1001 mei
1283 954 1327 1000 hi
1349 971 1474 1001 canes
1493 953 1799 1014 Molossusque
1823 967 1865 1000 et
1885 957 2021 1014 Lepo-

212 1027 362 1082 rarius,
387 1043 497 1086 quos
520 1024 575 1072 ad
594 1039 636 1072 te
658 1025 804 1080 mitto,
829 1023 947 1084 digni
970 1023 1049 1070 visi
1073 1037 1214 1079 erunt,
1237 1023 1311 1084 qui
1333 1040 1356 1069 a
1377 1036 1418 1069 te
1440 1024 1674 1069 ornentur?

212 1164 472 1211 Laurentius
503 1161 845 1209 Bartholomaeo
875 1160 1018 1208 Scalae
1045 1160 1249 1207 Salutem.
1282 1160 1371 1206 Etsi
1401 1158 1624 1206 liberalem
1654 1159 1866 1215 animum,
1898 1172 1946 1205 ut
1975 1172 2023 1205 tu

210 1231 350 1292 probe
376 1231 492 1277 nosti
517 1231 592 1290 qui
612 1228 903 1290 philosophos
929 1228 1109 1284 lectitas,
1131 1227 1239 1274 nihil
1263 1245 1411 1274 curare
1434 1227 1567 1287 magis
1590 1226 1713 1274 decet
1733 1244 1865 1287 quam
1886 1227 2019 1273 virtu-

212 1315 303 1347 tem
323 1314 371 1346 ut
390 1298 504 1346 colat
524 1299 700 1358 eiusque
721 1297 853 1344 solius
873 1297 1008 1357 gratia
1024 1295 1314 1343 beneficiosus
1332 1296 1401 1352 sit,
1422 1310 1584 1351 tamen,
1603 1295 1750 1342 nescio
1770 1312 1859 1355 quo
1875 1308 2022 1355 pacto,

211 1363 477 1429 splendere¹⁷
478 1364 494 1390 ⁴
540 1366 612 1413 illa
656 1366 790 1426 magis
834 1365 1041 1412 videntur
1083 1382 1191 1425 quae
1235 1363 1437 1411 locantur
1479 1363 1645 1419 melius,
1691 1377 1739 1410 ut
1783 1358 2003 1410 audeam¹⁷
2004 1358 2020 1386 ⁵

213 1454 315 1484 cum
341 1435 582 1497 proverbio
608 1435 812 1481 Enniano
839 1433 994 1481 dicere:
1020 1432 1237 1493 Benefizcta
1262 1431 1373 1479 male
1397 1431 1532 1479 locata
1556 1430 1775 1492 malefizcta
1798 1430 2022 1478 arbitror.¹¹

213 1509 358 1552 Canes
377 1522 481 1564 ergo
499 1504 578 1559 tui,
600 1521 710 1564 quos
730 1502 785 1550 ad
801 1520 870 1549 me
891 1502 1058 1558 misisti,
1081 1501 1138 1548 ob
1160 1519 1313 1548 eorum
1333 1501 1546 1561 egregiam
1564 1501 1775 1547 virtutem
1792 1517 1876 1560 pro
1896 1500 2022 1546 meri-

212 1574 267 1620 tis
291 1590 448 1619 ornare
472 1590 565 1618 non
587 1572 781 1632 potuisse
806 1570 1123 1631 permolestum
1148 1569 1244 1625 fuit;
1267 1568 1342 1616 sed
1364 1569 1454 1629 ipsa
1478 1583 1593 1615 certe
1614 1568 1696 1615 sibi
1717 1586 1797 1628 per
1817 1585 1860 1615 se
1883 1568 2022 1630 virtus

214 1641 466 1688 ornamenti
489 1641 589 1687 satis
611 1657 659 1686 ac
680 1639 849 1686 decoris
871 1638 1011 1686 affert.
1033 1637 1152 1685 Vale.

932 1779 997 1821 71.
1022 1770 1291 1821 Fortitudo¹7
1293 1770 1309 1796 ⁶

214 1879 430 1926 Inciderat
452 1879 497 1924 in
521 1877 719 1925 iubatum
742 1874 1147 1938 protentioribus¹⁷7
1171 1875 1282 1922 villis
1306 1875 1448 1922 ferum
1471 1874 1646 1922 leonem
1669 1873 1903 1930 Molossus,
1929 1891 2028 1920 acer

215 1948 346 2003 canis,
381 1947 456 2007 qui
488 1947 636 2007 primo
670 1946 818 1992 statim
852 1959 1089 2005 conspectu
1123 1958 1249 1991 tanto
1281 1943 1404 1990 hoste
1437 1943 1706 2003 perterritus,
1739 1959 1840 1988 cum
1875 1941 2026 1988 anxiae

214 2015 409 2075 undique
426 2032 553 2061 curae
569 2014 858 2074 improvisum
877 2013 1276 2068 circumstetissent,
1292 2025 1519 2072 occeperat
1531 2010 1583 2057 de
1597 2009 1805 2070 fugiendo
1819 2010 2022 2070 cogitare.

214 2088 327 2130 Mox
347 2101 447 2130 cum
471 2081 838 2129 animadverteret
853 2080 951 2142 plus
973 2081 1017 2127 in
1040 2080 1139 2140 fuga
1157 2098 1244 2127 esse
1264 2097 1395 2140 quam
1416 2080 1461 2125 in
1482 2077 1808 2139 congrediendo
1825 2076 2023 2139 periculi,

214 2153 377 2198 virtute
402 2151 589 2197 excitata
610 2147 883 2197 animosus¹⁷⁸
915 2148 1208 2209 congreditur.
1236 2147 1456 2195 Proelium
1483 2147 1557 2194 diu
1582 2161 1707 2194 atrox
1732 2145 1813 2193 fuit
1838 2160 1880 2193 et
1903 2146 2024 2193 stetit

215 2219 270 2267 ad
286 2234 563 2280 postremum
583 2236 719 2279 usque
742 2218 906 2264 incerta
922 2217 1118 2264 victoria.
1137 2216 1336 2263 Tandem
1357 2216 1415 2263 ita
1432 2215 1700 2276 diremptum
1721 2228 1782 2261 est
1799 2213 2019 2275 proelium

215 2303 262 2335 ut
286 2302 471 2348 uterque
493 2287 721 2347 victusque
745 2300 787 2333 et
809 2287 952 2332 victor
976 2285 1045 2332 hic
1067 2286 1112 2331 in
1135 2284 1301 2340 silvam,
1328 2283 1397 2331 ille
1419 2283 1473 2331 ad
1492 2298 1713 2344 pastorem
1737 2283 1807 2330 cui
1828 2282 2023 2338 serviret,

217 2370 554 2403 reverterentur.
572 2354 769 2401 Audacia
783 2372 903 2410 vero,
921 2371 1029 2414 quae
1044 2352 1135 2400 sola
1150 2370 1319 2413 pugnae
1338 2352 1457 2399 testis
1473 2350 1668 2399 adfuerat
1682 2351 1879 2411 viresque
1896 2364 2026 2410 atque

216 2425 388 2471 animos
417 2423 767 2470 subministrarat
797 2421 1094 2477 bellatoribus,
1124 2438 1224 2467 cum
1252 2419 1462 2467 laudasset
1490 2436 1756 2480 quamquam
1785 2417 1902 2465 haud
1925 2417 2026 2465 satis

215 2510 299 2552 pro
318 2492 485 2541 meritis
500 2490 686 2537 Molossi
705 2491 928 2536 virtutem:
947 2488 1276 2544 ‘Meticulosus,’
1298 2488 1454 2548 inquit,
1472 2487 1588 2534 ‘huic
1606 2485 1849 2534 interfuisse
1865 2499 2027 2546 specta-

217 2559 318 2606 culo
342 2559 571 2620 oportuit.’

301 3129 325 3143 ¹¹¹
343 3124 516 3162 Publilius
534 3127 652 3172 Syrus.

301 3187 317 3201 ¹¹
336 3183 478 3225 Cicero,
495 3183 550 3218 De
567 3180 624 3229 off.
644 3184 742 3224 11‚62.
