<?xml version="1.0" encoding="UTF-8"?>
<!DOCTYPE html PUBLIC "-//W3C//DTD XHTML 1.0 Transitional//EN"
    "http://www.w3.org/TR/xhtml1/DTD/xhtml1-transitional.dtd">
<html xmlns="http://www.w3.org/1999/xhtml" xml:lang="en" lang="en">
 <head>
  <title>
</title>
<meta http-equiv="Content-Type" content="text/html;charset=utf-8" />
  <meta name='ocr-system' content='tesseract 3.04.00' />
  <meta name='ocr-capabilities' content='ocr_page ocr_carea ocr_par ocr_line ocrx_word'/>
</head>
<body>
  <div class='ocr_page' id='page_1' title='image "bartolomeoscalah00scaluoft_0416.png"; bbox 0 0 2124 3458; ppageno 0'>
   <div class='ocr_carea' id='block_1_1' title="bbox 222 181 2029 229">
    <p class='ocr_par' dir='ltr' id='par_1_1' title="bbox 222 181 2029 229">
     <span class='ocr_line' id='line_1_1' title="bbox 222 181 2029 229; baseline 0.001 -7"><span class='ocrx_word' id='word_1_1' title='bbox 222 181 314 222; x_wconf 84' lang='lat'><strong>376</strong></span> <span class='ocrx_word' id='word_1_2' title='bbox 566 223 570 229; x_wconf 75' lang='grc'><strong>,</strong></span> <span class='ocrx_word' id='word_1_3' title='bbox 1834 190 1972 224; x_wconf 84' lang='lat' dir='ltr'>PART</span> <span class='ocrx_word' id='word_1_4' title='bbox 1997 191 2029 223; x_wconf 92' lang='lat' dir='ltr'><strong>v</strong></span> 
     </span>
    </p>
   </div>
   <div class='ocr_carea' id='block_1_2' title="bbox 220 231 975 235">
    <p class='ocr_par' dir='ltr' id='par_1_2' title="bbox 220 231 975 235">
     <span class='ocr_line' id='line_1_2' title="bbox 220 231 975 235; baseline 0 0"><span class='ocrx_word' id='word_1_5' title='bbox 220 231 975 235; x_wconf 95' lang='lat' dir='ltr'><strong> </strong></span> 
     </span>
    </p>
   </div>
   <div class='ocr_carea' id='block_1_3' title="bbox 428 231 975 235">
    <p class='ocr_par' dir='ltr' id='par_1_3' title="bbox 428 231 975 235">
     <span class='ocr_line' id='line_1_3' title="bbox 428 231 975 235; baseline 0 0"><span class='ocrx_word' id='word_1_6' title='bbox 428 231 975 235; x_wconf 95' lang='lat' dir='ltr'><strong> </strong></span> 
     </span>
    </p>
   </div>
   <div class='ocr_carea' id='block_1_4' title="bbox 985 325 1276 449">
    <p class='ocr_par' dir='ltr' id='par_1_4' title="bbox 985 325 1276 449">
     <span class='ocr_line' id='line_1_4' title="bbox 985 325 1276 384; baseline -0.003 -13"><span class='ocrx_word' id='word_1_7' title='bbox 985 329 1050 371; x_wconf 87' lang='lat'><strong>35.</strong></span> <span class='ocrx_word' id='word_1_8' title='bbox 1075 325 1276 384; x_wconf 90' lang='lat' dir='ltr'><strong>Dignitas</strong></span> 
     </span>
     <span class='ocr_line' id='line_1_5' title="bbox 1050 393 1212 449; baseline 0.006 -11"><span class='ocrx_word' id='word_1_9' title='bbox 1050 393 1112 449; x_wconf 87' lang='lat' dir='ltr'><strong>Bi,</strong></span> <span class='ocrx_word' id='word_1_10' title='bbox 1134 397 1212 439; x_wconf 87' lang='lat' dir='ltr'><strong>21r</strong></span> 
     </span>
    </p>
   </div>
   <div class='ocr_carea' id='block_1_5' title="bbox 221 495 2035 816">
    <p class='ocr_par' dir='ltr' id='par_1_5' title="bbox 221 495 2035 816">
     <span class='ocr_line' id='line_1_6' title="bbox 221 495 2029 559; baseline 0.003 -20"><span class='ocrx_word' id='word_1_11' title='bbox 221 495 460 543; x_wconf 86' lang='lat' dir='ltr'><strong>‹F›urfures</strong></span> <span class='ocrx_word' id='word_1_12' title='bbox 496 496 571 556; x_wconf 94' lang='lat' dir='ltr'><strong>qui</strong></span> <span class='ocrx_word' id='word_1_13' title='bbox 603 495 737 556; x_wconf 93' lang='lat' dir='ltr'><strong>paulo</strong></span> <span class='ocrx_word' id='word_1_14' title='bbox 773 510 872 559; x_wconf 19' lang='lat' dir='ltr'><strong>ant-ue</strong></span> <span class='ocrx_word' id='word_1_15' title='bbox 904 496 1037 542; x_wconf 88' lang='lat' dir='ltr'><strong>tritici</strong></span> <span class='ocrx_word' id='word_1_16' title='bbox 1069 510 1307 543; x_wconf 89' lang='lat' dir='ltr'><strong>servassent</strong></span> <span class='ocrx_word' id='word_1_17' title='bbox 1341 495 1512 543; x_wconf 90' lang='lat' dir='ltr'><strong>divitias</strong></span> <span class='ocrx_word' id='word_1_18' title='bbox 1544 497 1798 557; x_wconf 91' lang='lat' dir='ltr'><strong>victumque</strong></span> <span class='ocrx_word' id='word_1_19' title='bbox 1833 497 2029 545; x_wconf 90' lang='lat' dir='ltr'><strong>humano</strong></span> 
     </span>
     <span class='ocr_line' id='line_1_7' title="bbox 221 563 2032 627; baseline 0.002 -17"><span class='ocrx_word' id='word_1_20' title='bbox 221 565 369 624; x_wconf 87' lang='lat' dir='ltr'><strong>generi</strong></span> <span class='ocrx_word' id='word_1_21' title='bbox 385 564 611 611; x_wconf 87' lang='lat' dir='ltr'>mitiorem</span> <span class='ocrx_word' id='word_1_22' title='bbox 626 563 940 624; x_wconf 82' lang='lat' dir='ltr'>praebuissent,</span> <span class='ocrx_word' id='word_1_23' title='bbox 960 564 1019 611; x_wconf 92' lang='lat' dir='ltr'><strong>ita</strong></span> <span class='ocrx_word' id='word_1_24' title='bbox 1033 563 1171 611; x_wconf 92' lang='lat' dir='ltr'><strong>modo</strong></span> <span class='ocrx_word' id='word_1_25' title='bbox 1186 563 1389 611; x_wconf 85' lang='lat' dir='ltr'><strong>vilescere</strong></span> <span class='ocrx_word' id='word_1_26' title='bbox 1404 564 1754 625; x_wconf 86' lang='lat' dir='ltr'>indignabantur.</span> <span class='ocrx_word' id='word_1_27' title='bbox 1774 569 1925 625; x_wconf 89' lang='lat' dir='ltr'><strong>Quam</strong></span> <span class='ocrx_word' id='word_1_28' title='bbox 1942 566 2032 627; x_wconf 93' lang='lat' dir='ltr'><strong>qui-</strong></span> 
     </span>
     <span class='ocr_line' id='line_1_8' title="bbox 222 631 2033 698; baseline 0.001 -19"><span class='ocrx_word' id='word_1_29' title='bbox 222 632 324 679; x_wconf 89' lang='lat' dir='ltr'><strong>dem</strong></span> <span class='ocrx_word' id='word_1_30' title='bbox 342 650 435 679; x_wconf 91' lang='lat' dir='ltr'><strong>rem</strong></span> <span class='ocrx_word' id='word_1_31' title='bbox 453 650 554 679; x_wconf 88' lang='lat' dir='ltr'><strong>cum</strong></span> <span class='ocrx_word' id='word_1_32' title='bbox 572 631 688 692; x_wconf 89' lang='lat' dir='ltr'><strong>apud</strong></span> <span class='ocrx_word' id='word_1_33' title='bbox 704 635 914 679; x_wconf 88' lang='lat' dir='ltr'><strong>Cererem</strong></span> <span class='ocrx_word' id='word_1_34' title='bbox 931 631 1288 698; x_wconf 60' lang='lat' dir='ltr'><strong>expostulassent,</strong></span> <span class='ocrx_word' id='word_1_35' title='bbox 1309 632 1533 693; x_wconf 86' lang='lat' dir='ltr'><strong>respondit</strong></span> <span class='ocrx_word' id='word_1_36' title='bbox 1551 636 1696 680; x_wconf 90' lang='lat' dir='ltr'><strong>Ceres:</strong></span> <span class='ocrx_word' id='word_1_37' title='bbox 1718 633 1867 681; x_wconf 86' lang='lat' dir='ltr'>‘Haud</span> <span class='ocrx_word' id='word_1_38' title='bbox 1883 633 1927 681; x_wconf 92' lang='lat' dir='ltr'><strong>id</strong></span> <span class='ocrx_word' id='word_1_39' title='bbox 1943 634 2033 695; x_wconf 90' lang='lat' dir='ltr'><strong>qui-</strong></span> 
     </span>
     <span class='ocr_line' id='line_1_9' title="bbox 222 701 2035 763; baseline 0.001 -15"><span class='ocrx_word' id='word_1_40' title='bbox 222 701 324 748; x_wconf 90' lang='lat' dir='ltr'><strong>dem</strong></span> <span class='ocrx_word' id='word_1_41' title='bbox 342 718 511 747; x_wconf 93' lang='lat' dir='ltr'><strong>novum</strong></span> <span class='ocrx_word' id='word_1_42' title='bbox 531 715 606 747; x_wconf 91' lang='lat' dir='ltr'><strong>est.</strong></span> <span class='ocrx_word' id='word_1_43' title='bbox 626 701 711 747; x_wconf 87' lang='lat' dir='ltr'><strong>Vix</strong></span> <span class='ocrx_word' id='word_1_44' title='bbox 730 701 847 747; x_wconf 90' lang='lat' dir='ltr'><strong>enim</strong></span> <span class='ocrx_word' id='word_1_45' title='bbox 868 701 1062 748; x_wconf 87' lang='lat' dir='ltr'><strong>invenias</strong></span> <span class='ocrx_word' id='word_1_46' title='bbox 1080 701 1168 761; x_wconf 85' lang='lat' dir='ltr'><strong>qui,</strong></span> <span class='ocrx_word' id='word_1_47' title='bbox 1187 718 1231 748; x_wconf 92' lang='lat' dir='ltr'><strong>re</strong></span> <span class='ocrx_word' id='word_1_48' title='bbox 1250 702 1415 757; x_wconf 87' lang='lat' dir='ltr'><strong>amissa,</strong></span> <span class='ocrx_word' id='word_1_49' title='bbox 1435 701 1591 748; x_wconf 91' lang='lat' dir='ltr'><strong>deinde</strong></span> <span class='ocrx_word' id='word_1_50' title='bbox 1604 702 1834 762; x_wconf 83' lang='lat' dir='ltr'><strong>pristinam</strong></span> <span class='ocrx_word' id='word_1_51' title='bbox 1855 702 2035 763; x_wconf 88' lang='lat' dir='ltr'><strong>dignita-</strong></span> 
     </span>
     <span class='ocr_line' id='line_1_10' title="bbox 221 769 628 816; baseline -0.005 0"><span class='ocrx_word' id='word_1_52' title='bbox 221 784 313 816; x_wconf 91' lang='lat' dir='ltr'><strong>tem</strong></span> <span class='ocrx_word' id='word_1_53' title='bbox 336 769 628 816; x_wconf 90' lang='lat' dir='ltr'><strong>retinuerint.’</strong></span> 
     </span>
    </p>
   </div>
   <div class='ocr_carea' id='block_1_6' title="bbox 934 906 1327 1029">
    <p class='ocr_par' dir='ltr' id='par_1_6' title="bbox 934 906 1327 1029">
     <span class='ocr_line' id='line_1_11' title="bbox 934 906 1327 958; baseline 0 -6"><span class='ocrx_word' id='word_1_54' title='bbox 934 910 999 952; x_wconf 82' lang='lat'><strong>36.</strong></span> <span class='ocrx_word' id='word_1_55' title='bbox 1024 906 1327 958; x_wconf 85' lang='lat' dir='ltr'><strong>Meretricium</strong></span> 
     </span>
     <span class='ocr_line' id='line_1_12' title="bbox 996 974 1266 1029; baseline 0 -10"><span class='ocrx_word' id='word_1_56' title='bbox 996 974 1058 1029; x_wconf 85' lang='lat' dir='ltr'><strong>Bi,</strong></span> <span class='ocrx_word' id='word_1_57' title='bbox 1080 978 1266 1019; x_wconf 81' lang='lat' dir='ltr'><strong>21r-22r</strong></span> 
     </span>
    </p>
   </div>
   <div class='ocr_carea' id='block_1_7' title="bbox 221 1073 2037 1954">
    <p class='ocr_par' dir='ltr' id='par_1_7' title="bbox 221 1073 2037 1954">
     <span class='ocr_line' id='line_1_13' title="bbox 224 1073 2031 1135; baseline 0.003 -17"><span class='ocrx_word' id='word_1_58' title='bbox 224 1079 507 1134; x_wconf 89' lang='lat' dir='ltr'><strong>‘‹Q&gt;uantum</strong></span> <span class='ocrx_word' id='word_1_59' title='bbox 530 1074 713 1122; x_wconf 91' lang='lat' dir='ltr'><strong>dilutior</strong></span> <span class='ocrx_word' id='word_1_60' title='bbox 732 1092 755 1121; x_wconf 91' lang='lat' dir='ltr'><strong>a</strong></span> <span class='ocrx_word' id='word_1_61' title='bbox 773 1074 919 1121; x_wconf 92' lang='lat' dir='ltr'><strong>soloce</strong></span> <span class='ocrx_word' id='word_1_62' title='bbox 941 1074 1089 1121; x_wconf 84' lang='lat' dir='ltr'><strong>differt</strong></span> <span class='ocrx_word' id='word_1_63' title='bbox 1107 1074 1205 1121; x_wconf 89' lang='lat' dir='ltr'><strong>lana</strong></span> <span class='ocrx_word' id='word_1_64' title='bbox 1223 1089 1524 1135; x_wconf 90' lang='lat' dir='ltr'><strong>quantumque</strong></span> <span class='ocrx_word' id='word_1_65' title='bbox 1546 1074 1673 1122; x_wconf 87' lang='lat' dir='ltr'><strong>fictae</strong></span> <span class='ocrx_word' id='word_1_66' title='bbox 1693 1075 1770 1122; x_wconf 89' lang='lat' dir='ltr'><strong>hae</strong></span> <span class='ocrx_word' id='word_1_67' title='bbox 1791 1073 2031 1123; x_wconf 83' lang='lat' dir='ltr'><strong>consutae⁴⁶</strong></span> 
     </span>
     <span class='ocr_line' id='line_1_14' title="bbox 221 1142 2032 1203; baseline 0 -13"><span class='ocrx_word' id='word_1_68' title='bbox 221 1143 378 1199; x_wconf 90' lang='lat' dir='ltr'><strong>violae,</strong></span> <span class='ocrx_word' id='word_1_69' title='bbox 407 1161 516 1203; x_wconf 92' lang='lat' dir='ltr'><strong>quae</strong></span> <span class='ocrx_word' id='word_1_70' title='bbox 545 1142 597 1189; x_wconf 90' lang='lat' dir='ltr'><strong>ab</strong></span> <span class='ocrx_word' id='word_1_71' title='bbox 626 1143 716 1190; x_wconf 90' lang='lat' dir='ltr'><strong>istis</strong></span> <span class='ocrx_word' id='word_1_72' title='bbox 745 1142 1116 1189; x_wconf 86' lang='lat' dir='ltr'><strong>circumferuntur</strong></span> <span class='ocrx_word' id='word_1_73' title='bbox 1144 1142 1316 1203; x_wconf 83' lang='lat' dir='ltr'><strong>hyeme,</strong></span> <span class='ocrx_word' id='word_1_74' title='bbox 1345 1142 1505 1190; x_wconf 92' lang='lat' dir='ltr'><strong>distant</strong></span> <span class='ocrx_word' id='word_1_75' title='bbox 1534 1161 1557 1190; x_wconf 88' lang='lat' dir='ltr'><strong>a</strong></span> <span class='ocrx_word' id='word_1_76' title='bbox 1582 1144 1694 1190; x_wconf 90' lang='lat' dir='ltr'><strong>veris</strong></span> <span class='ocrx_word' id='word_1_77' title='bbox 1720 1144 1864 1190; x_wconf 90' lang='lat' dir='ltr'><strong>vernis</strong></span> <span class='ocrx_word' id='word_1_78' title='bbox 1891 1143 2032 1200; x_wconf 90' lang='lat' dir='ltr'><strong>violis,</strong></span> 
     </span>
     <span class='ocr_line' id='line_1_15' title="bbox 222 1210 2031 1272; baseline 0.001 -14"><span class='ocrx_word' id='word_1_79' title='bbox 222 1226 391 1272; x_wconf 87' lang='lat' dir='ltr'><strong>quanto</strong></span> <span class='ocrx_word' id='word_1_80' title='bbox 410 1211 591 1258; x_wconf 90' lang='lat' dir='ltr'><strong>tandem</strong></span> <span class='ocrx_word' id='word_1_81' title='bbox 611 1210 755 1258; x_wconf 88' lang='lat' dir='ltr'><strong>rivalis</strong></span> <span class='ocrx_word' id='word_1_82' title='bbox 774 1210 954 1258; x_wconf 88' lang='lat' dir='ltr'><strong>rivalem</strong></span> <span class='ocrx_word' id='word_1_83' title='bbox 972 1225 1175 1271; x_wconf 87' lang='lat' dir='ltr'><strong>praestat,</strong></span> <span class='ocrx_word' id='word_1_84' title='bbox 1193 1225 1319 1258; x_wconf 91' lang='lat' dir='ltr'><strong>tanto</strong></span> <span class='ocrx_word' id='word_1_85' title='bbox 1337 1211 1505 1258; x_wconf 91' lang='lat' dir='ltr'><strong>medius</strong></span> <span class='ocrx_word' id='word_1_86' title='bbox 1526 1210 1655 1258; x_wconf 87' lang='lat' dir='ltr'><strong>fidius</strong></span> <span class='ocrx_word' id='word_1_87' title='bbox 1676 1229 1772 1258; x_wconf 92' lang='lat' dir='ltr'><strong>mea</strong></span> <span class='ocrx_word' id='word_1_88' title='bbox 1789 1211 2031 1259; x_wconf 91' lang='lat' dir='ltr'><strong>Philotium</strong></span> 
     </span>
     <span class='ocr_line' id='line_1_16' title="bbox 222 1279 2037 1340; baseline 0 -13"><span class='ocrx_word' id='word_1_89' title='bbox 222 1298 432 1340; x_wconf 88' lang='lat' dir='ltr'><strong>meaeque</strong></span> <span class='ocrx_word' id='word_1_90' title='bbox 449 1279 636 1336; x_wconf 90' lang='lat' dir='ltr'><strong>delitiae,</strong></span> <span class='ocrx_word' id='word_1_91' title='bbox 653 1297 802 1326; x_wconf 90' lang='lat' dir='ltr'><strong>meum</strong></span> <span class='ocrx_word' id='word_1_92' title='bbox 821 1297 911 1336; x_wconf 91' lang='lat' dir='ltr'><strong>cor,</strong></span> <span class='ocrx_word' id='word_1_93' title='bbox 932 1279 1137 1326; x_wconf 92' lang='lat' dir='ltr'><strong>omnibus</strong></span> <span class='ocrx_word' id='word_1_94' title='bbox 1157 1279 1224 1326; x_wconf 91' lang='lat' dir='ltr'><strong>vel</strong></span> <span class='ocrx_word' id='word_1_95' title='bbox 1242 1279 1402 1327; x_wconf 89' lang='lat' dir='ltr'><strong>deabus</strong></span> <span class='ocrx_word' id='word_1_96' title='bbox 1418 1279 1547 1340; x_wconf 92' lang='lat' dir='ltr'><strong>longe</strong></span> <span class='ocrx_word' id='word_1_97' title='bbox 1563 1279 1849 1340; x_wconf 88' lang='lat' dir='ltr'><strong>praeferenda</strong></span> <span class='ocrx_word' id='word_1_98' title='bbox 1863 1283 1954 1327; x_wconf 92' lang='lat' dir='ltr'><strong>est.&#39;</strong></span> <span class='ocrx_word' id='word_1_99' title='bbox 1973 1284 2037 1327; x_wconf 89' lang='lat' dir='ltr'><strong>Ita</strong></span> 
     </span>
     <span class='ocr_line' id='line_1_17' title="bbox 221 1347 2033 1409; baseline 0 -14"><span class='ocrx_word' id='word_1_100' title='bbox 221 1348 363 1395; x_wconf 89' lang='lat' dir='ltr'><strong>levior</strong></span> <span class='ocrx_word' id='word_1_101' title='bbox 385 1348 565 1409; x_wconf 91' lang='lat' dir='ltr'><strong>quidam</strong></span> <span class='ocrx_word' id='word_1_102' title='bbox 589 1347 884 1395; x_wconf 89' lang='lat' dir='ltr'><strong>amartoculus</strong></span> <span class='ocrx_word' id='word_1_103' title='bbox 909 1347 1088 1395; x_wconf 90' lang='lat' dir='ltr'><strong>rivalem</strong></span> <span class='ocrx_word' id='word_1_104' title='bbox 1112 1348 1158 1394; x_wconf 90' lang='lat' dir='ltr'><strong>in</strong></span> <span class='ocrx_word' id='word_1_105' title='bbox 1182 1347 1282 1395; x_wconf 86' lang='lat' dir='ltr'><strong>foro</strong></span> <span class='ocrx_word' id='word_1_106' title='bbox 1306 1362 1470 1404; x_wconf 91' lang='lat' dir='ltr'><strong>nactus,</strong></span> <span class='ocrx_word' id='word_1_107' title='bbox 1495 1347 1848 1395; x_wconf 84' lang='lat' dir='ltr'><strong>ludificabundus</strong></span> <span class='ocrx_word' id='word_1_108' title='bbox 1875 1349 2033 1409; x_wconf 90' lang='lat' dir='ltr'><strong>iurgari</strong></span> 
     </span>
     <span class='ocr_line' id='line_1_18' title="bbox 222 1416 2031 1477; baseline 0.001 -14"><span class='ocrx_word' id='word_1_109' title='bbox 222 1418 533 1477; x_wconf 90' lang='lat' dir='ltr'><strong>inceptaverat.</strong></span> <span class='ocrx_word' id='word_1_110' title='bbox 551 1419 618 1463; x_wconf 82' lang='lat' dir='ltr'><strong>‘Et</strong></span> <span class='ocrx_word' id='word_1_111' title='bbox 637 1430 803 1463; x_wconf 91' lang='lat' dir='ltr'><strong>ceterae</strong></span> <span class='ocrx_word' id='word_1_112' title='bbox 817 1416 996 1476; x_wconf 91' lang='lat' dir='ltr'><strong>quidem</strong></span> <span class='ocrx_word' id='word_1_113' title='bbox 1012 1416 1243 1472; x_wconf 89' lang='lat' dir='ltr'><strong>mulieres&#39;,</strong></span> <span class='ocrx_word' id='word_1_114' title='bbox 1262 1416 1461 1472; x_wconf 89' lang='lat' dir='ltr'><strong>iactabat,</strong></span> <span class='ocrx_word' id='word_1_115' title='bbox 1477 1420 1592 1477; x_wconf 90' lang='lat' dir='ltr'><strong>‘prae</strong></span> <span class='ocrx_word' id='word_1_116' title='bbox 1608 1434 1705 1463; x_wconf 88' lang='lat' dir='ltr'><strong>mea</strong></span> <span class='ocrx_word' id='word_1_117' title='bbox 1718 1416 1914 1464; x_wconf 92' lang='lat' dir='ltr'><strong>Philotio</strong></span> <span class='ocrx_word' id='word_1_118' title='bbox 1929 1434 2031 1464; x_wconf 93' lang='lat' dir='ltr'><strong>cum</strong></span> 
     </span>
     <span class='ocr_line' id='line_1_19' title="bbox 221 1484 2030 1545; baseline 0.001 -14"><span class='ocrx_word' id='word_1_119' title='bbox 221 1485 432 1532; x_wconf 89' lang='lat' dir='ltr'><strong>locuntur</strong></span> <span class='ocrx_word' id='word_1_120' title='bbox 461 1484 718 1540; x_wconf 88' lang='lat' dir='ltr'><strong>blacterant,</strong></span> <span class='ocrx_word' id='word_1_121' title='bbox 747 1503 848 1531; x_wconf 91' lang='lat' dir='ltr'><strong>cum</strong></span> <span class='ocrx_word' id='word_1_122' title='bbox 880 1499 1042 1531; x_wconf 92' lang='lat' dir='ltr'><strong>canunt</strong></span> <span class='ocrx_word' id='word_1_123' title='bbox 1072 1484 1383 1531; x_wconf 90' lang='lat' dir='ltr'><strong>succotrillant.</strong></span> <span class='ocrx_word' id='word_1_124' title='bbox 1416 1489 1519 1531; x_wconf 91' lang='lat' dir='ltr'><strong>Mea</strong></span> <span class='ocrx_word' id='word_1_125' title='bbox 1546 1484 1664 1541; x_wconf 91' lang='lat' dir='ltr'><strong>haec,</strong></span> <span class='ocrx_word' id='word_1_126' title='bbox 1695 1503 1804 1541; x_wconf 89' lang='lat' dir='ltr'><strong>mea,</strong></span> <span class='ocrx_word' id='word_1_127' title='bbox 1836 1485 2030 1545; x_wconf 87' lang='lat' dir='ltr'><strong>inquam,</strong></span> 
     </span>
     <span class='ocr_line' id='line_1_20' title="bbox 222 1552 2036 1614; baseline 0 -14"><span class='ocrx_word' id='word_1_128' title='bbox 222 1552 344 1614; x_wconf 92' lang='lat' dir='ltr'><strong>quod</strong></span> <span class='ocrx_word' id='word_1_129' title='bbox 365 1552 576 1613; x_wconf 90' lang='lat' dir='ltr'><strong>loquitur,</strong></span> <span class='ocrx_word' id='word_1_130' title='bbox 598 1552 657 1599; x_wconf 89' lang='lat' dir='ltr'><strong>sal</strong></span> <span class='ocrx_word' id='word_1_131' title='bbox 680 1567 741 1599; x_wconf 91' lang='lat' dir='ltr'><strong>est</strong></span> <span class='ocrx_word' id='word_1_132' title='bbox 760 1552 947 1613; x_wconf 89' lang='lat' dir='ltr'><strong>sapidus;</strong></span> <span class='ocrx_word' id='word_1_133' title='bbox 971 1552 1092 1613; x_wconf 94' lang='lat' dir='ltr'><strong>quod</strong></span> <span class='ocrx_word' id='word_1_134' title='bbox 1112 1553 1241 1609; x_wconf 90' lang='lat' dir='ltr'><strong>canit,</strong></span> <span class='ocrx_word' id='word_1_135' title='bbox 1264 1552 1348 1599; x_wconf 91' lang='lat' dir='ltr'><strong>mel</strong></span> <span class='ocrx_word' id='word_1_136' title='bbox 1369 1567 1430 1600; x_wconf 91' lang='lat' dir='ltr'><strong>est</strong></span> <span class='ocrx_word' id='word_1_137' title='bbox 1452 1556 1652 1600; x_wconf 90' lang='lat' dir='ltr'><strong>merum.’</strong></span> <span class='ocrx_word' id='word_1_138' title='bbox 1676 1552 1838 1600; x_wconf 86' lang='lat' dir='ltr'><strong>Rivalis</strong></span> <span class='ocrx_word' id='word_1_139' title='bbox 1858 1552 1913 1600; x_wconf 90' lang='lat' dir='ltr'><strong>ad</strong></span> <span class='ocrx_word' id='word_1_140' title='bbox 1930 1552 2036 1600; x_wconf 87' lang='lat' dir='ltr'><strong>haec</strong></span> 
     </span>
     <span class='ocr_line' id='line_1_21' title="bbox 221 1621 2033 1682; baseline 0 -14"><span class='ocrx_word' id='word_1_141' title='bbox 221 1637 348 1669; x_wconf 89' lang='lat' dir='ltr'><strong>torve</strong></span> <span class='ocrx_word' id='word_1_142' title='bbox 380 1621 634 1682; x_wconf 87' lang='lat' dir='ltr'><strong>adspiciens,</strong></span> <span class='ocrx_word' id='word_1_143' title='bbox 670 1623 826 1668; x_wconf 90' lang='lat' dir='ltr'><strong>‘Tuam</strong></span> <span class='ocrx_word' id='word_1_144' title='bbox 857 1639 978 1677; x_wconf 90' lang='lat' dir='ltr'><strong>vero,</strong></span> <span class='ocrx_word' id='word_1_145' title='bbox 1011 1622 1172 1677; x_wconf 87' lang='lat' dir='ltr'><strong>insane,</strong></span> <span class='ocrx_word' id='word_1_146' title='bbox 1204 1635 1339 1677; x_wconf 90' lang='lat' dir='ltr'><strong>tuam,</strong></span> <span class='ocrx_word' id='word_1_147' title='bbox 1372 1636 1493 1668; x_wconf 89' lang='lat' dir='ltr'><strong>tuam</strong></span> <span class='ocrx_word' id='word_1_148' title='bbox 1524 1622 1644 1682; x_wconf 88' lang='lat' dir='ltr'><strong>quasi</strong></span> <span class='ocrx_word' id='word_1_149' title='bbox 1676 1635 1724 1668; x_wconf 92' lang='lat' dir='ltr'><strong>tu</strong></span> <span class='ocrx_word' id='word_1_150' title='bbox 1754 1622 1939 1678; x_wconf 90' lang='lat' dir='ltr'><strong>emeris&#39;,</strong></span> <span class='ocrx_word' id='word_1_151' title='bbox 1973 1622 2033 1667; x_wconf 93' lang='lat' dir='ltr'><strong>in-</strong></span> 
     </span>
     <span class='ocr_line' id='line_1_22' title="bbox 222 1689 2030 1749; baseline 0 -13"><span class='ocrx_word' id='word_1_152' title='bbox 222 1690 414 1737; x_wconf 87' lang='lat' dir='ltr'><strong>clamans</strong></span> <span class='ocrx_word' id='word_1_153' title='bbox 438 1689 651 1736; x_wconf 85' lang='lat' dir='ltr'><strong>involavit</strong></span> <span class='ocrx_word' id='word_1_154' title='bbox 675 1690 719 1735; x_wconf 93' lang='lat' dir='ltr'><strong>in</strong></span> <span class='ocrx_word' id='word_1_155' title='bbox 745 1689 934 1749; x_wconf 89' lang='lat' dir='ltr'><strong>capillos.</strong></span> <span class='ocrx_word' id='word_1_156' title='bbox 961 1689 1093 1736; x_wconf 91' lang='lat' dir='ltr'><strong>Unde</strong></span> <span class='ocrx_word' id='word_1_157' title='bbox 1114 1689 1376 1749; x_wconf 90' lang='lat' dir='ltr'><strong>perridicula</strong></span> <span class='ocrx_word' id='word_1_158' title='bbox 1398 1704 1550 1736; x_wconf 90' lang='lat' dir='ltr'><strong>exorta</strong></span> <span class='ocrx_word' id='word_1_159' title='bbox 1567 1707 1713 1749; x_wconf 87' lang='lat' dir='ltr'><strong>pugna</strong></span> <span class='ocrx_word' id='word_1_160' title='bbox 1737 1703 1813 1745; x_wconf 90' lang='lat' dir='ltr'><strong>est,</strong></span> <span class='ocrx_word' id='word_1_161' title='bbox 1836 1689 2030 1736; x_wconf 91' lang='lat' dir='ltr'><strong>distortis</strong></span> 
     </span>
     <span class='ocr_line' id='line_1_23' title="bbox 222 1756 2032 1818; baseline -0.001 -14"><span class='ocrx_word' id='word_1_162' title='bbox 222 1758 400 1805; x_wconf 90' lang='lat' dir='ltr'><strong>naribus</strong></span> <span class='ocrx_word' id='word_1_163' title='bbox 421 1757 615 1818; x_wconf 92' lang='lat' dir='ltr'><strong>ciliisque</strong></span> <span class='ocrx_word' id='word_1_164' title='bbox 636 1757 818 1804; x_wconf 91' lang='lat' dir='ltr'><strong>discissis</strong></span> <span class='ocrx_word' id='word_1_165' title='bbox 838 1758 1038 1817; x_wconf 88' lang='lat' dir='ltr'><strong>turpiter,</strong></span> <span class='ocrx_word' id='word_1_166' title='bbox 1056 1757 1272 1817; x_wconf 90' lang='lat' dir='ltr'><strong>unguibus</strong></span> <span class='ocrx_word' id='word_1_167' title='bbox 1294 1758 1412 1803; x_wconf 91' lang='lat' dir='ltr'><strong>enim</strong></span> <span class='ocrx_word' id='word_1_168' title='bbox 1432 1756 1721 1817; x_wconf 89' lang='lat' dir='ltr'><strong>dentibusque</strong></span> <span class='ocrx_word' id='word_1_169' title='bbox 1739 1771 1857 1817; x_wconf 89' lang='lat' dir='ltr'><strong>gesta</strong></span> <span class='ocrx_word' id='word_1_170' title='bbox 1874 1774 1939 1803; x_wconf 88' lang='lat' dir='ltr'><strong>res</strong></span> <span class='ocrx_word' id='word_1_171' title='bbox 1956 1771 2032 1803; x_wconf 89' lang='lat' dir='ltr'><strong>est.</strong></span> 
     </span>
     <span class='ocr_line' id='line_1_24' title="bbox 222 1825 2032 1886; baseline -0.001 -14"><span class='ocrx_word' id='word_1_172' title='bbox 222 1826 481 1882; x_wconf 91' lang='lat' dir='ltr'><strong>Philotium,</strong></span> <span class='ocrx_word' id='word_1_173' title='bbox 501 1826 577 1872; x_wconf 94' lang='lat' dir='ltr'><strong>ubi</strong></span> <span class='ocrx_word' id='word_1_174' title='bbox 594 1825 638 1872; x_wconf 94' lang='lat' dir='ltr'><strong>id</strong></span> <span class='ocrx_word' id='word_1_175' title='bbox 654 1826 862 1872; x_wconf 86' lang='lat' dir='ltr'><strong>meretrix</strong></span> <span class='ocrx_word' id='word_1_176' title='bbox 877 1826 1084 1881; x_wconf 88' lang='lat' dir='ltr'><strong>rescisset,</strong></span> <span class='ocrx_word' id='word_1_177' title='bbox 1102 1843 1233 1886; x_wconf 92' lang='lat' dir='ltr'><strong>quam</strong></span> <span class='ocrx_word' id='word_1_178' title='bbox 1249 1825 1504 1885; x_wconf 90' lang='lat' dir='ltr'><strong>deperibant</strong></span> <span class='ocrx_word' id='word_1_179' title='bbox 1521 1825 1778 1885; x_wconf 80' lang='lat' dir='ltr'><strong>amboz‘Ego</strong></span> <span class='ocrx_word' id='word_1_180' title='bbox 1797 1842 1904 1872; x_wconf 89' lang='lat' dir='ltr'><strong>vero</strong></span> <span class='ocrx_word' id='word_1_181' title='bbox 1919 1825 2032 1885; x_wconf 90' lang='lat' dir='ltr'><strong>inge-</strong></span> 
     </span>
     <span class='ocr_line' id='line_1_25' title="bbox 222 1891 1981 1954; baseline -0.001 -13"><span class='ocrx_word' id='word_1_182' title='bbox 222 1913 310 1941; x_wconf 88' lang='lat' dir='ltr'><strong>nua</strong></span> <span class='ocrx_word' id='word_1_183' title='bbox 331 1897 458 1950; x_wconf 88' lang='lat' dir='ltr'><strong>sum‚’</strong></span> <span class='ocrx_word' id='word_1_184' title='bbox 486 1894 643 1954; x_wconf 90' lang='lat' dir='ltr'><strong>inquit,</strong></span> <span class='ocrx_word' id='word_1_185' title='bbox 669 1897 880 1954; x_wconf 72' lang='lat' dir='ltr'><strong>‘meaque</strong></span> <span class='ocrx_word' id='word_1_186' title='bbox 904 1893 970 1939; x_wconf 94' lang='lat' dir='ltr'><strong>Illi</strong></span> <span class='ocrx_word' id='word_1_187' title='bbox 992 1891 1244 1940; x_wconf 80' lang='lat' dir='ltr'><strong>insaniant⁴⁷</strong></span> <span class='ocrx_word' id='word_1_188' title='bbox 1267 1893 1366 1940; x_wconf 91' lang='lat' dir='ltr'><strong>licet</strong></span> <span class='ocrx_word' id='word_1_189' title='bbox 1388 1892 1710 1954; x_wconf 91' lang='lat' dir='ltr'><strong>quantumlibet</strong></span> <span class='ocrx_word' id='word_1_190' title='bbox 1733 1892 1801 1940; x_wconf 93' lang='lat' dir='ltr'><strong>vel</strong></span> <span class='ocrx_word' id='word_1_191' title='bbox 1822 1893 1981 1953; x_wconf 84' lang='lat' dir='ltr'><strong>gratis.’</strong></span> 
     </span>
    </p>
   </div>
   <div class='ocr_carea' id='block_1_8' title="bbox 1010 2034 1251 2155">
    <p class='ocr_par' dir='ltr' id='par_1_8' title="bbox 1010 2034 1251 2155">
     <span class='ocr_line' id='line_1_26' title="bbox 1010 2034 1251 2077; baseline 0 0"><span class='ocrx_word' id='word_1_192' title='bbox 1010 2035 1076 2077; x_wconf 88' lang='lat'><strong>37.</strong></span> <span class='ocrx_word' id='word_1_193' title='bbox 1100 2034 1251 2077; x_wconf 93' lang='lat' dir='ltr'><strong>Mores</strong></span> 
     </span>
     <span class='ocr_line' id='line_1_27' title="bbox 1021 2100 1241 2155; baseline 0 -10"><span class='ocrx_word' id='word_1_194' title='bbox 1021 2100 1084 2155; x_wconf 91' lang='lat' dir='ltr'><strong>Bi,</strong></span> <span class='ocrx_word' id='word_1_195' title='bbox 1106 2104 1241 2145; x_wconf 85' lang='lat' dir='ltr'><strong>22r-v</strong></span> 
     </span>
    </p>
   </div>
   <div class='ocr_carea' id='block_1_9' title="bbox 220 2200 2073 3013">
    <p class='ocr_par' dir='ltr' id='par_1_9' title="bbox 220 2200 2073 3013">
     <span class='ocr_line' id='line_1_28' title="bbox 221 2200 2073 2264; baseline 0.001 -17"><span class='ocrx_word' id='word_1_196' title='bbox 221 2204 452 2264; x_wconf 91' lang='lat' dir='ltr'><strong>‹C›ynicus</strong></span> <span class='ocrx_word' id='word_1_197' title='bbox 490 2221 590 2250; x_wconf 94' lang='lat' dir='ltr'><strong>cum</strong></span> <span class='ocrx_word' id='word_1_198' title='bbox 626 2202 742 2263; x_wconf 90' lang='lat' dir='ltr'><strong>apud</strong></span> <span class='ocrx_word' id='word_1_199' title='bbox 772 2203 1037 2263; x_wconf 89' lang='lat' dir='ltr'><strong>Epicureum</strong></span> <span class='ocrx_word' id='word_1_200' title='bbox 1073 2202 1419 2249; x_wconf 92' lang='lat' dir='ltr'><strong>incontinentius</strong></span> <span class='ocrx_word' id='word_1_201' title='bbox 1454 2202 1690 2249; x_wconf 89' lang='lat' dir='ltr'><strong>cenavisset</strong></span> <span class='ocrx_word' id='word_1_202' title='bbox 1723 2201 1947 2262; x_wconf 90' lang='lat' dir='ltr'><strong>multaque</strong></span> <span class='ocrx_word' id='word_1_203' title='bbox 1980 2200 2033 2248; x_wconf 92' lang='lat' dir='ltr'><strong>de</strong></span> <span class='ocrx_word' id='word_1_204' title='bbox 2070 2219 2073 2221; x_wconf 87' lang='lat'>·</span> 
     </span>
     <span class='ocr_line' id='line_1_29' title="bbox 222 2269 2033 2330; baseline -0.001 -12"><span class='ocrx_word' id='word_1_205' title='bbox 222 2271 421 2318; x_wconf 93' lang='lat' dir='ltr'><strong>moribus</strong></span> <span class='ocrx_word' id='word_1_206' title='bbox 456 2272 572 2318; x_wconf 93' lang='lat' dir='ltr'><strong>inter</strong></span> <span class='ocrx_word' id='word_1_207' title='bbox 599 2289 642 2318; x_wconf 89' lang='lat' dir='ltr'><strong>se</strong></span> <span class='ocrx_word' id='word_1_208' title='bbox 673 2271 969 2318; x_wconf 87' lang='lat' dir='ltr'><strong>disseruissent</strong></span> <span class='ocrx_word' id='word_1_209' title='bbox 1003 2270 1378 2330; x_wconf 92' lang='lat' dir='ltr'><strong>discessissentque</strong></span> <span class='ocrx_word' id='word_1_210' title='bbox 1410 2270 1608 2317; x_wconf 92' lang='lat' dir='ltr'><strong>cubitum</strong></span> <span class='ocrx_word' id='word_1_211' title='bbox 1638 2269 1776 2330; x_wconf 90' lang='lat' dir='ltr'><strong>probe</strong></span> <span class='ocrx_word' id='word_1_212' title='bbox 1809 2269 1960 2330; x_wconf 88' lang='lat' dir='ltr'><strong>appoti</strong></span> <span class='ocrx_word' id='word_1_213' title='bbox 1991 2283 2033 2316; x_wconf 92' lang='lat' dir='ltr'><strong>et</strong></span> 
     </span>
     <span class='ocr_line' id='line_1_30' title="bbox 222 2336 2030 2400; baseline -0.002 -13"><span class='ocrx_word' id='word_1_214' title='bbox 222 2354 372 2387; x_wconf 90' lang='lat' dir='ltr'><strong>curata</strong></span> <span class='ocrx_word' id='word_1_215' title='bbox 390 2339 632 2400; x_wconf 90' lang='lat' dir='ltr'><strong>voluptate,</strong></span> <span class='ocrx_word' id='word_1_216' title='bbox 656 2340 851 2400; x_wconf 90' lang='lat' dir='ltr'><strong>Cynicus</strong></span> <span class='ocrx_word' id='word_1_217' title='bbox 876 2339 980 2386; x_wconf 89' lang='lat' dir='ltr'><strong>haec</strong></span> <span class='ocrx_word' id='word_1_218' title='bbox 999 2357 1023 2386; x_wconf 90' lang='lat' dir='ltr'><strong>a</strong></span> <span class='ocrx_word' id='word_1_219' title='bbox 1041 2357 1084 2386; x_wconf 91' lang='lat' dir='ltr'><strong>se</strong></span> <span class='ocrx_word' id='word_1_220' title='bbox 1106 2339 1195 2386; x_wconf 90' lang='lat' dir='ltr'><strong>visa</strong></span> <span class='ocrx_word' id='word_1_221' title='bbox 1213 2356 1292 2399; x_wconf 92' lang='lat' dir='ltr'><strong>per</strong></span> <span class='ocrx_word' id='word_1_222' title='bbox 1310 2356 1517 2385; x_wconf 91' lang='lat' dir='ltr'><strong>somnum</strong></span> <span class='ocrx_word' id='word_1_223' title='bbox 1544 2339 1654 2385; x_wconf 90' lang='lat' dir='ltr'><strong>mira</strong></span> <span class='ocrx_word' id='word_1_224' title='bbox 1673 2338 1851 2394; x_wconf 91' lang='lat' dir='ltr'><strong>excitus,</strong></span> <span class='ocrx_word' id='word_1_225' title='bbox 1873 2336 2030 2384; x_wconf 92' lang='lat' dir='ltr'><strong>deinde</strong></span> 
     </span>
     <span class='ocr_line' id='line_1_31' title="bbox 221 2405 2030 2469; baseline -0.001 -14"><span class='ocrx_word' id='word_1_226' title='bbox 221 2409 440 2469; x_wconf 89' lang='lat' dir='ltr'><strong>Epicureo</strong></span> <span class='ocrx_word' id='word_1_227' title='bbox 469 2407 670 2455; x_wconf 90' lang='lat' dir='ltr'><strong>narrabat</strong></span> <span class='ocrx_word' id='word_1_228' title='bbox 694 2407 833 2454; x_wconf 91' lang='lat' dir='ltr'><strong>solem</strong></span> <span class='ocrx_word' id='word_1_229' title='bbox 859 2408 950 2454; x_wconf 90' lang='lat' dir='ltr'><strong>sine</strong></span> <span class='ocrx_word' id='word_1_230' title='bbox 977 2407 1072 2454; x_wconf 89' lang='lat' dir='ltr'><strong>luce</strong></span> <span class='ocrx_word' id='word_1_231' title='bbox 1099 2407 1307 2467; x_wconf 90' lang='lat' dir='ltr'><strong>aspexisse</strong></span> <span class='ocrx_word' id='word_1_232' title='bbox 1332 2425 1411 2467; x_wconf 91' lang='lat' dir='ltr'><strong>per</strong></span> <span class='ocrx_word' id='word_1_233' title='bbox 1436 2406 1566 2462; x_wconf 91' lang='lat' dir='ltr'><strong>diem,</strong></span> <span class='ocrx_word' id='word_1_234' title='bbox 1591 2406 1740 2453; x_wconf 92' lang='lat' dir='ltr'><strong>lunam</strong></span> <span class='ocrx_word' id='word_1_235' title='bbox 1768 2420 1915 2453; x_wconf 92' lang='lat' dir='ltr'><strong>autem</strong></span> <span class='ocrx_word' id='word_1_236' title='bbox 1939 2405 2030 2453; x_wconf 89' lang='lat' dir='ltr'><strong>sole</strong></span> 
     </span>
     <span class='ocr_line' id='line_1_32' title="bbox 223 2473 2033 2535; baseline -0.001 -13"><span class='ocrx_word' id='word_1_237' title='bbox 223 2476 367 2523; x_wconf 92' lang='lat' dir='ltr'><strong>multo</strong></span> <span class='ocrx_word' id='word_1_238' title='bbox 388 2476 686 2532; x_wconf 90' lang='lat' dir='ltr'><strong>illustriorem,</strong></span> <span class='ocrx_word' id='word_1_239' title='bbox 708 2477 853 2535; x_wconf 91' lang='lat' dir='ltr'><strong>ignem</strong></span> <span class='ocrx_word' id='word_1_240' title='bbox 874 2476 980 2522; x_wconf 92' lang='lat' dir='ltr'><strong>item</strong></span> <span class='ocrx_word' id='word_1_241' title='bbox 999 2475 1184 2522; x_wconf 90' lang='lat' dir='ltr'><strong>humore</strong></span> <span class='ocrx_word' id='word_1_242' title='bbox 1207 2475 1504 2522; x_wconf 88' lang='lat' dir='ltr'><strong>abundantem</strong></span> <span class='ocrx_word' id='word_1_243' title='bbox 1524 2489 1565 2521; x_wconf 92' lang='lat' dir='ltr'><strong>et</strong></span> <span class='ocrx_word' id='word_1_244' title='bbox 1581 2489 1747 2521; x_wconf 89' lang='lat' dir='ltr'><strong>vestam</strong></span> <span class='ocrx_word' id='word_1_245' title='bbox 1766 2473 2033 2529; x_wconf 83' lang='lat' dir='ltr'><strong>madentem3</strong></span> 
     </span>
     <span class='ocr_line' id='line_1_33' title="bbox 222 2542 2033 2604; baseline -0.002 -13"><span class='ocrx_word' id='word_1_246' title='bbox 222 2546 268 2590; x_wconf 92' lang='lat' dir='ltr'><strong>in</strong></span> <span class='ocrx_word' id='word_1_247' title='bbox 292 2545 409 2591; x_wconf 90' lang='lat' dir='ltr'><strong>sicco</strong></span> <span class='ocrx_word' id='word_1_248' title='bbox 435 2558 661 2591; x_wconf 89' lang='lat' dir='ltr'><strong>natantem</strong></span> <span class='ocrx_word' id='word_1_249' title='bbox 682 2548 949 2604; x_wconf 92' lang='lat' dir='ltr'><strong>Neptunum</strong></span> <span class='ocrx_word' id='word_1_250' title='bbox 976 2558 1017 2590; x_wconf 92' lang='lat' dir='ltr'><strong>et</strong></span> <span class='ocrx_word' id='word_1_251' title='bbox 1042 2543 1171 2590; x_wconf 90' lang='lat' dir='ltr'><strong>maris</strong></span> <span class='ocrx_word' id='word_1_252' title='bbox 1195 2561 1376 2590; x_wconf 88' lang='lat' dir='ltr'><strong>omnem</strong></span> <span class='ocrx_word' id='word_1_253' title='bbox 1402 2542 1586 2589; x_wconf 87' lang='lat' dir='ltr'><strong>deorum</strong></span> <span class='ocrx_word' id='word_1_254' title='bbox 1609 2542 1881 2602; x_wconf 83' lang='lat' dir='ltr'><strong>progeniem3</strong></span> <span class='ocrx_word' id='word_1_255' title='bbox 1909 2542 2033 2588; x_wconf 87' lang='lat' dir='ltr'><strong>irasci</strong></span> 
     </span>
     <span class='ocr_line' id='line_1_34' title="bbox 223 2609 2033 2673; baseline -0.002 -13"><span class='ocrx_word' id='word_1_256' title='bbox 223 2631 376 2660; x_wconf 91' lang='lat' dir='ltr'><strong>cervos</strong></span> <span class='ocrx_word' id='word_1_257' title='bbox 398 2612 511 2673; x_wconf 92' lang='lat' dir='ltr'><strong>lupis</strong></span> <span class='ocrx_word' id='word_1_258' title='bbox 537 2627 666 2672; x_wconf 90' lang='lat' dir='ltr'><strong>atque</strong></span> <span class='ocrx_word' id='word_1_259' title='bbox 691 2613 905 2668; x_wconf 89' lang='lat' dir='ltr'><strong>insectari,</strong></span> <span class='ocrx_word' id='word_1_260' title='bbox 929 2611 1055 2672; x_wconf 94' lang='lat' dir='ltr'><strong>lupos</strong></span> <span class='ocrx_word' id='word_1_261' title='bbox 1081 2612 1235 2658; x_wconf 91' lang='lat' dir='ltr'><strong>timere</strong></span> <span class='ocrx_word' id='word_1_262' title='bbox 1261 2626 1302 2658; x_wconf 91' lang='lat' dir='ltr'><strong>et</strong></span> <span class='ocrx_word' id='word_1_263' title='bbox 1325 2610 1485 2671; x_wconf 79' lang='lat' dir='ltr'><strong>fugere3</strong></span> <span class='ocrx_word' id='word_1_264' title='bbox 1510 2611 1671 2657; x_wconf 90' lang='lat' dir='ltr'><strong>vectari</strong></span> <span class='ocrx_word' id='word_1_265' title='bbox 1693 2609 1871 2657; x_wconf 87' lang='lat' dir='ltr'><strong>tandem</strong></span> <span class='ocrx_word' id='word_1_266' title='bbox 1897 2627 2033 2670; x_wconf 90' lang='lat' dir='ltr'><strong>equos</strong></span> 
     </span>
     <span class='ocr_line' id='line_1_35' title="bbox 224 2678 2027 2740; baseline -0.002 -13"><span class='ocrx_word' id='word_1_267' title='bbox 224 2681 480 2728; x_wconf 92' lang='lat' dir='ltr'><strong>hominibus</strong></span> <span class='ocrx_word' id='word_1_268' title='bbox 500 2695 541 2727; x_wconf 91' lang='lat' dir='ltr'><strong>et</strong></span> <span class='ocrx_word' id='word_1_269' title='bbox 555 2698 701 2740; x_wconf 90' lang='lat' dir='ltr'><strong>greges</strong></span> <span class='ocrx_word' id='word_1_270' title='bbox 717 2679 961 2727; x_wconf 87' lang='lat' dir='ltr'><strong>custodiam</strong></span> <span class='ocrx_word' id='word_1_271' title='bbox 978 2680 1138 2740; x_wconf 93' lang='lat' dir='ltr'><strong>cepisse</strong></span> <span class='ocrx_word' id='word_1_272' title='bbox 1152 2694 1380 2739; x_wconf 90' lang='lat' dir='ltr'><strong>pastorum</strong></span> <span class='ocrx_word' id='word_1_273' title='bbox 1398 2696 1656 2739; x_wconf 87' lang='lat' dir='ltr'><strong>canumque.</strong></span> <span class='ocrx_word' id='word_1_274' title='bbox 1676 2678 1763 2725; x_wconf 91' lang='lat' dir='ltr'><strong>Cui</strong></span> <span class='ocrx_word' id='word_1_275' title='bbox 1778 2678 2027 2738; x_wconf 88' lang='lat' dir='ltr'><strong>Epicureus:</strong></span> 
     </span>
     <span class='ocr_line' id='line_1_36' title="bbox 224 2745 2034 2809; baseline -0.002 -13"><span class='ocrx_word' id='word_1_276' title='bbox 224 2749 322 2796; x_wconf 88' lang='lat' dir='ltr'><strong>‘Sed</strong></span> <span class='ocrx_word' id='word_1_277' title='bbox 342 2748 440 2796; x_wconf 93' lang='lat' dir='ltr'><strong>hoc’</strong></span> <span class='ocrx_word' id='word_1_278' title='bbox 463 2749 606 2809; x_wconf 93' lang='lat' dir='ltr'><strong>inquit</strong></span> <span class='ocrx_word' id='word_1_279' title='bbox 628 2749 805 2809; x_wconf 90' lang='lat' dir='ltr'><strong>‘opinor</strong></span> <span class='ocrx_word' id='word_1_280' title='bbox 824 2748 986 2795; x_wconf 89' lang='lat' dir='ltr'><strong>mirum</strong></span> <span class='ocrx_word' id='word_1_281' title='bbox 1008 2747 1145 2794; x_wconf 85' lang='lat' dir='ltr'><strong>defuit</strong></span> <span class='ocrx_word' id='word_1_282' title='bbox 1164 2748 1254 2794; x_wconf 93' lang='lat' dir='ltr'><strong>istis</strong></span> <span class='ocrx_word' id='word_1_283' title='bbox 1272 2747 1356 2794; x_wconf 92' lang='lat' dir='ltr'><strong>tuis</strong></span> <span class='ocrx_word' id='word_1_284' title='bbox 1375 2747 1507 2794; x_wconf 91' lang='lat' dir='ltr'><strong>miris:</strong></span> <span class='ocrx_word' id='word_1_285' title='bbox 1530 2746 1731 2793; x_wconf 92' lang='lat' dir='ltr'><strong>dolorem</strong></span> <span class='ocrx_word' id='word_1_286' title='bbox 1749 2745 2034 2806; x_wconf 89' lang='lat' dir='ltr'><strong>laboremque</strong></span> 
     </span>
     <span class='ocr_line' id='line_1_37' title="bbox 220 2813 2033 2878; baseline -0.002 -14"><span class='ocrx_word' id='word_1_287' title='bbox 220 2817 432 2878; x_wconf 85' lang='lat' dir='ltr'><strong>praeferri</strong></span> <span class='ocrx_word' id='word_1_288' title='bbox 450 2817 683 2877; x_wconf 91' lang='lat' dir='ltr'><strong>voluptati,</strong></span> <span class='ocrx_word' id='word_1_289' title='bbox 702 2834 902 2877; x_wconf 90' lang='lat' dir='ltr'><strong>asperum</strong></span> <span class='ocrx_word' id='word_1_290' title='bbox 922 2816 1052 2872; x_wconf 90' lang='lat' dir='ltr'><strong>dulci,</strong></span> <span class='ocrx_word' id='word_1_291' title='bbox 1072 2834 1193 2863; x_wconf 88' lang='lat' dir='ltr'><strong>curas</strong></span> <span class='ocrx_word' id='word_1_292' title='bbox 1209 2815 1387 2862; x_wconf 90' lang='lat' dir='ltr'><strong>tandem</strong></span> <span class='ocrx_word' id='word_1_293' title='bbox 1404 2814 1804 2875; x_wconf 91' lang='lat' dir='ltr'><strong>sollicitudinesque</strong></span> <span class='ocrx_word' id='word_1_294' title='bbox 1826 2814 1871 2860; x_wconf 94' lang='lat' dir='ltr'><strong>in</strong></span> <span class='ocrx_word' id='word_1_295' title='bbox 1887 2813 2033 2874; x_wconf 91' lang='lat' dir='ltr'><strong>pretio</strong></span> 
     </span>
     <span class='ocr_line' id='line_1_38' title="bbox 223 2883 2028 2946; baseline -0.003 -13"><span class='ocrx_word' id='word_1_296' title='bbox 223 2904 311 2933; x_wconf 90' lang='lat' dir='ltr'><strong>esse</strong></span> <span class='ocrx_word' id='word_1_297' title='bbox 332 2900 373 2932; x_wconf 91' lang='lat' dir='ltr'><strong>et</strong></span> <span class='ocrx_word' id='word_1_298' title='bbox 389 2885 645 2946; x_wconf 87' lang='lat' dir='ltr'><strong>posthaberi</strong></span> <span class='ocrx_word' id='word_1_299' title='bbox 666 2885 808 2932; x_wconf 91' lang='lat' dir='ltr'><strong>otium</strong></span> <span class='ocrx_word' id='word_1_300' title='bbox 827 2884 1276 2944; x_wconf 90' lang='lat' dir='ltr'><strong>tranquillitatemque</strong></span> <span class='ocrx_word' id='word_1_301' title='bbox 1294 2883 1483 2930; x_wconf 88' lang='lat' dir='ltr'><strong>vivendi.</strong></span> <span class='ocrx_word' id='word_1_302' title='bbox 1502 2887 1613 2929; x_wconf 93' lang='lat' dir='ltr'><strong>Non</strong></span> <span class='ocrx_word' id='word_1_303' title='bbox 1630 2897 1730 2929; x_wconf 93' lang='lat' dir='ltr'><strong>sunt</strong></span> <span class='ocrx_word' id='word_1_304' title='bbox 1752 2896 1898 2929; x_wconf 91' lang='lat' dir='ltr'><strong>autem</strong></span> <span class='ocrx_word' id='word_1_305' title='bbox 1915 2899 2028 2928; x_wconf 93' lang='lat' dir='ltr'><strong>som-</strong></span> 
     </span>
     <span class='ocr_line' id='line_1_39' title="bbox 223 2949 2023 3013; baseline -0.002 -13"><span class='ocrx_word' id='word_1_306' title='bbox 223 2955 295 3000; x_wconf 93' lang='lat' dir='ltr'><strong>nia</strong></span> <span class='ocrx_word' id='word_1_307' title='bbox 316 2953 421 3000; x_wconf 90' lang='lat' dir='ltr'><strong>haec</strong></span> <span class='ocrx_word' id='word_1_308' title='bbox 439 2971 548 3013; x_wconf 89' lang='lat' dir='ltr'><strong>quae</strong></span> <span class='ocrx_word' id='word_1_309' title='bbox 566 2952 785 2999; x_wconf 90' lang='lat' dir='ltr'><strong>videntur.</strong></span> <span class='ocrx_word' id='word_1_310' title='bbox 806 2952 922 2998; x_wconf 92' lang='lat' dir='ltr'><strong>Mihi</strong></span> <span class='ocrx_word' id='word_1_311' title='bbox 940 2952 1080 3008; x_wconf 89' lang='lat' dir='ltr'><strong>crede,</strong></span> <span class='ocrx_word' id='word_1_312' title='bbox 1098 2952 1262 2998; x_wconf 90' lang='lat' dir='ltr'><strong>vivitur</strong></span> <span class='ocrx_word' id='word_1_313' title='bbox 1279 2952 1397 2998; x_wconf 89' lang='lat' dir='ltr'><strong>enim</strong></span> <span class='ocrx_word' id='word_1_314' title='bbox 1415 2952 1475 2998; x_wconf 91' lang='lat' dir='ltr'><strong>sic</strong></span> <span class='ocrx_word' id='word_1_315' title='bbox 1495 2951 1579 2997; x_wconf 88' lang='lat' dir='ltr'><strong>iam</strong></span> <span class='ocrx_word' id='word_1_316' title='bbox 1600 2951 1779 2997; x_wconf 91' lang='lat' dir='ltr'><strong>inversis</strong></span> <span class='ocrx_word' id='word_1_317' title='bbox 1798 2949 2023 2996; x_wconf 88' lang='lat' dir='ltr'><strong>moribus.’</strong></span> 
     </span>
    </p>
   </div>
  </div>
 </body>
</html>
