2118 3444
141 186 324 220 ESSAYS
1846 180 1937 222 285

141 341 202 370 no
235 320 464 379 sensisse,²⁸
501 323 536 370 si
573 322 774 370 homines
811 322 872 369 illi
908 322 1085 379 fuerint,
1119 341 1344 384 nunquam
1383 324 1592 371 dederim.
1629 324 1768 384 Quod
1804 343 1944 386 neque

140 394 337 438 Crantor
363 390 432 438 ille
458 390 752 438 nobilissimus
781 390 1070 438 Academicus
1093 390 1286 438 dandum
1311 406 1451 452 putat,
1475 393 1550 453 qui
1577 391 1684 439 illud
1709 392 1768 439 nil
1795 393 1944 440 dolere

139 458 332 506 affirmat
351 476 443 506 non
460 459 552 506 sine
573 476 729 519 magna
746 458 945 506 mercede
964 460 1136 506 evenire
1154 460 1437 507 immanitatis
1457 461 1502 506 in
1521 461 1671 507 animo
1690 475 1732 508 et
1748 462 1939 522 stuporis

139 524 220 573 in²⁹
254 527 694 587 corporey-quanvis
728 527 942 573 extraneis
973 526 1101 574 nullis
1135 545 1245 587 opus
1276 528 1330 574 sit
1363 528 1625 575 auctoribus.
1661 532 1789 576 Unus
1823 530 1942 576 enim

138 594 355 650 Christus,
381 594 467 641 Dei
492 593 608 641 filius
632 608 675 641 et
697 611 824 641 verus
849 594 1000 650 homo,
1028 595 1102 655 qui
1125 612 1441 671 saepenumero
1466 595 1696 643 nobiscum
1723 597 1876 644 vivens
1899 612 1941 644 et

138 661 280 709 doluit
299 676 342 708 et
359 662 586 722 ingemuit,
606 679 707 708 cum
727 663 983 709 contristata
998 676 1060 709 est
1078 663 1223 709 anima
1239 664 1329 710 eius
1346 681 1482 723 usque
1501 663 1555 710 ad
1571 678 1763 711 mortem
1781 679 1823 711 et
1840 682 1941 711 cum

138 729 260 777 flevit
275 747 407 790 super
424 733 636 776 Lazarum
656 744 698 776 et
714 747 815 776 cum
835 747 859 777 a
874 744 1011 791 patre,
1029 745 1077 777 ut
1096 730 1166 777 ille
1184 730 1237 777 ab
1256 748 1310 778 eo
1327 732 1528 778 transiret
1546 731 1670 788 calix,
1687 732 1846 779 sudore
1867 733 1941 780 eti-

137 815 207 845 am
235 797 574 857 sanguinolento
604 798 760 853 oravit,
789 797 895 858 quid
924 813 1078 845 contra
1105 798 1305 846 dolorem
1337 800 1481 846 miseri
1509 814 1687 860 possent
1718 801 1938 857 mortales,

136 865 341 926 exemplo
362 883 456 921 suo,
482 866 557 926 qui
578 883 720 912 errare
741 883 832 912 non
853 866 1014 926 potuit,
1039 866 1165 913 nobis
1189 868 1369 927 aperuit.

219 937 380 994 Neque
397 950 478 993 ego
493 934 711 989 existimo,
729 934 939 994 quoniam
958 948 1135 981 naturae
1149 935 1364 995 gemimus
1382 936 1583 996 imperio,
1601 936 1636 983 si
1653 936 1760 996 quid
1775 936 1941 984 accidat

135 1000 317 1057 adversi,
335 1016 383 1048 ut
402 1000 551 1048 multis
568 1016 695 1048 antea
710 1016 751 1048 et
769 1001 878 1048 mihi
897 1019 1028 1058 nunc,
1046 1002 1236 1050 alienum
1255 1020 1343 1050 esse
1361 1021 1385 1050 a
1399 1003 1662 1051 condicione
1681 1004 1937 1052 mortalium

135 1084 208 1117 aut
229 1070 553 1130 vituperatione
574 1069 718 1130 aliqua
738 1069 919 1130 dignum
943 1070 1075 1117 talem
1098 1070 1311 1118 dolorem.
1335 1072 1429 1131 Qui
1451 1072 1570 1119 enim
1593 1071 1689 1119 fieri
1709 1087 1855 1134 potest
1875 1088 1938 1130 ut,

134 1155 236 1185 cum
260 1137 325 1184 his
346 1138 509 1198 privari
531 1155 611 1185 nos
632 1137 832 1185 videmus
854 1156 963 1199 quae
984 1153 1138 1186 natura
1158 1157 1334 1200 quoque
1357 1140 1448 1201 ipsa
1469 1139 1800 1188 demonstrante
1821 1141 1939 1188 bona

132 1220 249 1262 sunt,
274 1223 366 1252 non
390 1206 642 1262 sentiamus,
668 1205 713 1253 id
736 1221 798 1253 est
820 1206 959 1254 silices
981 1208 1116 1254 simus
1140 1222 1183 1254 et
1207 1225 1298 1255 non
1323 1207 1545 1256 homines?
1571 1213 1694 1256 Bona
1717 1224 1864 1256 autem
1887 1228 1940 1257 ex

133 1274 363 1320 communi
394 1273 628 1321 hominum
658 1275 874 1321 sententia
899 1292 948 1321 ea
971 1275 1121 1322 omnia
1148 1275 1435 1323 existimanda
1460 1294 1561 1323 reor
1585 1294 1694 1337 quae
1722 1277 1777 1324 ad
1799 1278 1936 1325 vitam

132 1341 244 1388 bene
271 1341 483 1402 beateque
507 1341 822 1389 traducendam
848 1341 1090 1390 conferant.
1116 1345 1310 1390 Tantum
1339 1345 1457 1391 enim
1484 1344 1675 1392 tribuere
1704 1345 1937 1402 honestati,

132 1426 243 1470 quae
263 1424 306 1456 et
326 1410 417 1470 ipsa
437 1427 611 1456 summa
632 1410 846 1470 quaedam
867 1428 934 1457 res
954 1425 1016 1458 est
1038 1426 1080 1458 et
1097 1411 1437 1472 praeclarissima
1459 1430 1605 1460 rerum
1630 1413 1936 1470 humanarum,

132 1492 306 1525 tantum
325 1492 475 1525 tamen
493 1478 533 1525 ei
551 1478 742 1526 tribuere
760 1493 809 1526 ut
829 1497 878 1526 ea
893 1479 985 1526 sine
1006 1479 1162 1540 quibus
1183 1498 1237 1527 ne
1255 1481 1346 1528 vita
1363 1480 1542 1542 quidem
1562 1482 1652 1542 ipsa
1671 1496 1714 1529 et
1733 1481 1936 1530 honestas

132 1563 220 1593 esse
235 1560 382 1606 potest
400 1546 518 1593 bona
538 1546 661 1594 nullo
681 1547 819 1594 modo
838 1547 1118 1608 appellemus,
1139 1548 1247 1595 nihil
1267 1567 1354 1596 esse
1374 1549 1491 1596 aliud
1506 1549 1682 1597 videtur
1699 1568 1831 1611 quam
1849 1551 1935 1598 col-

131 1613 279 1674 legisse
311 1613 600 1661 fortissimum
637 1629 766 1675 atque
797 1616 1123 1663 ornatissimum
1160 1618 1414 1673 exercitum,
1444 1617 1520 1664 sed
1551 1617 1606 1665 ad
1635 1618 1679 1665 id
1709 1618 1936 1666 deduxisse

131 1682 426 1742 angustiarum
451 1697 499 1729 ut
522 1682 630 1728 nihil
654 1682 709 1730 ad
728 1701 829 1730 eum
852 1698 1123 1731 commeatus
1143 1685 1280 1745 possit
1305 1684 1476 1732 deferri.

191 1750 317 1797 rvita
341 1751 460 1797 enim
487 1751 591 1811 ipsa,
619 1769 728 1812 quae
754 1752 870 1799 inter
893 1753 980 1799 Dei
1005 1770 1188 1800 munera
1212 1771 1299 1800 una
1325 1753 1539 1814 quaedam
1565 1772 1631 1801 res
1656 1754 1709 1802 de
1736 1756 1937 1802 maximis

130 1819 289 1874 existit,
308 1819 388 1865 etsi
404 1819 717 1880 praeponenda
736 1819 915 1880 quidem
932 1838 1105 1881 semper
1126 1820 1328 1869 honestas
1347 1836 1424 1878 est,
1444 1823 1535 1883 ipsa
1553 1837 1716 1879 tamen,
1736 1841 1822 1884 qua
1837 1823 1934 1871 sub-

128 1886 215 1933 lata
244 1885 557 1934 honestatem³⁰
588 1905 764 1948 quoque
797 1888 893 1935 tolli
924 1906 1094 1936 necesse
1125 1904 1202 1946 est,
1233 1891 1414 1937 minime
1445 1890 1650 1951 profecto
1679 1891 1935 1952 negligenda

128 1969 204 2001 est.
228 1954 368 2014 Quod
387 1956 422 2002 si
445 1970 508 2002 est
529 1955 720 2003 curanda
738 1957 841 2012 vita,
863 1974 912 2004 ea
930 1975 1106 2018 quoque
1127 1958 1219 2005 sine
1241 1958 1398 2019 quibus
1419 1958 1487 2006 vel
1510 1960 1698 2007 omnino
1720 1978 1813 2007 non
1834 1978 1936 2007 con-

126 2036 239 2069 stare
258 2022 331 2069 illa
346 2037 492 2083 potest
513 2023 581 2070 vel
601 2038 717 2071 certe
736 2025 781 2070 in
802 2025 973 2072 miseria
994 2040 1192 2073 constare
1211 2044 1289 2073 cur
1307 2027 1367 2074 ita
1385 2045 1408 2074 a
1425 2027 1654 2087 generibus
1677 2029 1935 2075 extermina-

128 2107 225 2137 mus
252 2090 498 2138 bonorum?
528 2094 651 2138 Deus
679 2093 812 2148 enim,
841 2110 987 2139 rerum
1016 2094 1218 2140 omnium
1248 2095 1589 2155 sapientissimus
1620 2110 1804 2152 creator,
1831 2115 1932 2143 cum

126 2158 329 2218 spiritum
354 2159 469 2205 vitae
491 2158 732 2207 insufflavit
757 2161 802 2206 in
827 2160 1069 2217 hominem,
1095 2176 1143 2208 ut
1167 2162 1328 2209 habent
1350 2180 1493 2210 sacrae
1514 2164 1797 2211 Hebreorum
1822 2164 1935 2211 litte-

127 2232 232 2282 rae,z
254 2227 507 2287 praeposuit
536 2245 637 2274 eum
666 2228 872 2275 omnibus
901 2247 1011 2289 quae
1036 2245 1214 2286 crearat,
1240 2230 1397 2291 quibus
1423 2231 1538 2278 vitae
1564 2246 1606 2278 et
1630 2231 1809 2279 utilitati
1833 2250 1934 2280 suae

127 2295 363 2341 necessaria
382 2294 618 2342 sufficeret.
643 2299 771 2355 Quae
793 2311 939 2344 autem
962 2313 1140 2354 crearat,
1160 2298 1270 2346 vidit
1294 2298 1410 2346 idem
1432 2299 1581 2360 opifex
1605 2315 1647 2347 et
1666 2315 1792 2361 pater
1811 2304 1933 2348 Deus

126 2362 247 2422 quod
276 2377 399 2409 erant
426 2363 551 2410 valde
578 2363 707 2410 bona.
738 2362 897 2425 Neque
926 2366 1044 2411 enim
1073 2367 1147 2426 qui
1174 2384 1344 2414 summe
1375 2367 1518 2414 bonus
1548 2383 1625 2424 est,
1655 2369 1795 2415 immo
1823 2387 1931 2416 vero

125 2429 268 2489 ipsum
291 2429 476 2486 bonum,
500 2430 664 2491 aliquid
683 2449 774 2478 non
794 2432 963 2479 bonum
985 2451 1129 2480 creare
1146 2435 1371 2494 potuisset.
1396 2436 1543 2495 Igitur,
1561 2436 1596 2482 si
1614 2435 1771 2496 placet,
1789 2437 1843 2483 sit
1862 2437 1930 2483 vel

123 2515 348 2544 summum
388 2497 591 2546 honestas
625 2499 807 2547 bonum.
846 2500 930 2547 Sed
964 2519 1104 2561 neque
1138 2501 1244 2549 boni
1282 2503 1462 2550 nomine
1499 2504 1692 2564 expertia
1724 2503 1932 2552 faciamus

124 2579 280 2621 cetera,
300 2583 410 2626 quae
430 2567 567 2613 vitam
589 2566 950 2629 honestatemque
971 2569 1122 2629 ipsam,
1146 2588 1255 2630 quae
1274 2571 1365 2617 sine
1386 2572 1476 2618 vita
1494 2571 1601 2632 quid
1617 2573 1672 2619 sit
1693 2590 1785 2619 non
1807 2572 1931 2619 facile

123 2632 210 2679 dici
225 2647 386 2693 potest,
406 2635 635 2682 sustinent.
657 2635 797 2694 Quod
814 2637 849 2683 si
869 2654 918 2683 ea
934 2636 1052 2684 bona
1069 2652 1170 2684 sunt
1191 2637 1348 2698 quibus
1367 2639 1543 2699 spiritus
1564 2639 1634 2686 ille
1652 2640 1766 2687 vitae
1784 2640 1927 2696 alitur,

123 2718 256 2761 quem
277 2719 358 2748 nos
377 2716 587 2763 tanquam
607 2704 694 2750 Dei
711 2704 1103 2764 praeclarissimum
1127 2723 1286 2753 munus
1306 2707 1419 2754 tueri
1438 2725 1782 2769 conservareque
1803 2708 1929 2755 debe-

124 2786 234 2825 mus,
254 2787 363 2830 quae
379 2770 559 2817 tandem
578 2770 771 2819 hominis
787 2773 1053 2833 vituperatio
1070 2788 1147 2829 est,
1163 2774 1341 2834 quando
1359 2774 1465 2822 haec
1480 2776 1685 2832 amiserit,
1703 2775 1866 2832 dolere,
1885 2776 1930 2824 id

123 2851 185 2883 est
202 2837 238 2883 si
256 2855 366 2897 quae
385 2838 591 2894 amiserit,
610 2842 893 2899 cognoscere?
911 2840 995 2887 Sed
1012 2840 1125 2888 dicet
1143 2841 1323 2889 fortasse
1341 2843 1555 2903 quispiam
1576 2861 1717 2904 neque
1738 2844 1782 2890 in
1801 2844 1929 2891 bonis

123 2905 478 2952 annumerandos
501 2905 616 2953 filios
639 2924 779 2967 neque
800 2907 855 2954 ad
872 2908 1082 2968 agendam
1103 2924 1288 2956 aetatem
1308 2910 1472 2970 aliquid
1492 2911 1691 2958 conferre
1712 2913 1924 2972 quoniam

201 3132 218 3154 y
235 3128 294 3167 Cf.
314 3130 456 3174 Cicero,
479 3132 664 3179 TuscDisp.
686 3133 849 3176 m,vi‚12.

202 3189 217 3204 ¹
232 3187 319 3223 Wis.
340 3190 451 3230 15:11,
470 3186 515 3224 cf.
535 3189 682 3226 Genesis
704 3192 858 3226 1:27-31.
