2124 3458
222 171 314 212 350
1833 176 1970 209 PART
1996 176 2026 208 v

307 315 627 362 Mercatorium
650 313 829 361 tandem
852 313 999 361 forum
1024 314 1209 361 civitatis
1230 321 1435 360 nostraeee
1457 313 1562 374 quid
1584 314 1897 367 internaturae
1915 327 2031 374 pect-

222 385 411 444 orisque,
431 398 479 430 ut
498 384 633 439 aiunt,
656 382 815 429 iudicia
831 382 1062 442 legumque
1083 383 1250 429 intersit
1270 381 1392 429 facile
1410 381 1611 438 declarat,
1629 381 1703 428 ubi
1724 382 1869 429 minus
1889 381 2029 442 impli-

222 467 340 500 catae
356 469 506 499 causae
523 452 674 511 agitari
692 465 1013 498 consueverunt
1033 465 1074 497 et
1090 450 1270 497 iudicari
1288 449 1466 497 facilius.
1484 453 1566 497 Sex
1581 450 1712 506 viros,
1733 468 1824 496 non
1842 450 1945 497 iuris
1964 468 2031 497 ex-

220 535 370 581 pertos
390 519 486 567 illos
505 519 698 580 quidem,
717 518 793 566 sed
809 533 963 566 natura
979 519 1110 565 scitos
1128 532 1169 565 et
1186 518 1328 565 bonos
1347 518 1554 578 deligunt.
1576 519 1638 564 Hi
1656 518 1838 565 audiunt
1858 532 2033 566 contro-

221 590 380 636 versias
410 606 519 649 quae
552 606 603 634 ex
636 585 1017 647 negotiatoribus72
1048 586 1261 647 plurimae
1295 587 1499 633 oriuntur
1531 586 1736 647 quodque
1768 604 1956 647 aequum
1989 601 2031 634 et

221 657 391 704 bonum
421 657 474 703 sit
502 657 645 703 visum
675 655 929 702 decernunt.
957 659 1116 716 Neque
1143 654 1194 702 ab
1223 673 1376 702 eorum
1405 654 1466 702 fas
1492 669 1552 702 est
1580 655 1748 702 iudiciis
1773 673 2029 715 provocare.

222 726 342 772 Huic
362 724 462 771 foro
483 724 751 784 adscriptum
771 741 900 784 supra
917 738 1093 783 portam
1115 738 1189 770 est:
1212 723 1400 769 “domus
1422 724 1649 783 aequitatis
1666 738 1707 769 et
1725 723 1963 779 veritatis‚’'
1983 737 2032 770 ut

223 792 466 852 intelligant
487 793 562 852 qui
583 791 637 839 ad
655 791 699 838 id
719 792 974 838 accesserint
994 790 1100 837 nihil
1122 790 1219 851 plus
1241 790 1355 851 apud
1375 790 1461 838 loci
1481 791 1570 837 eius
1592 790 1752 837 iudices
1773 808 1904 851 quam
1923 791 2031 838 veri-

222 862 322 908 tatis
339 859 650 907 monstrandae
669 859 864 906 studium
885 877 971 906 esse
990 859 1239 906 valiturum.
1261 863 1414 919 Ingens
1435 858 1659 919 quondam
1679 858 1795 906 fama
1813 858 1895 906 fuit
1913 858 2030 919 apud

222 944 389 976 exteras
416 929 548 975 etiam
575 943 724 988 gentes
750 928 1000 974 mercatorii
1027 927 1271 974 Florentini
1300 926 1398 983 fori,
1428 942 1556 987 atque
1582 945 1633 973 ex
1660 927 1865 974 universo
1893 944 2032 987 prope

222 997 328 1044 orbe
347 997 382 1043 si
402 1014 511 1057 quae
530 995 787 1042 viderentur
804 1013 952 1042 causae
972 994 1295 1055 implicatiores,
1320 994 1403 1041 huc
1423 994 1731 1051 afferebantur,
1752 994 2035 1055 quemadmo—

222 1065 329 1113 dum
348 1064 592 1112 Dodonam
613 1064 720 1111 olim
741 1078 782 1111 et
799 1063 999 1124 Delphos
1020 1078 1061 1110 et
1078 1063 1226 1110 Delon
1246 1064 1291 1109 in
1311 1063 1437 1110 rebus
1455 1063 1540 1110 suis
1559 1062 1701 1110 dubiis
1719 1063 1924 1110 scitatum
1942 1080 2034 1110 ora·

222 1133 318 1181 cula
339 1133 587 1180 veniebant.
614 1132 754 1191 Quod
775 1150 848 1179 sex
870 1132 953 1178 viri
974 1132 1236 1188 statuissent,
1262 1131 1506 1179 referebant
1528 1131 1582 1178 ad
1602 1149 1702 1178 suos
1726 1146 1768 1178 et
1789 1130 1844 1178 ad
1865 1130 2029 1178 oraculi

222 1202 408 1249 modum
426 1201 761 1248 venerabantur.
779 1205 878 1247 Nos
895 1218 990 1247 eam
1008 1200 1228 1247 iudicandi
1243 1200 1426 1260 gloriam
1444 1200 1666 1247 amisimus
1685 1217 1736 1246 ex
1752 1217 1805 1246 eo
1822 1200 1907 1246 iam
1923 1214 2031 1246 tem-

219 1288 343 1331 pore,
366 1270 570 1325 arbitror,
592 1287 681 1330 quo
702 1268 899 1329 litigandi
920 1268 998 1316 hae
1020 1268 1165 1315 civiles
1184 1268 1398 1315 formulae
1421 1268 1505 1315 huc
1525 1286 1701 1328 quoque
1721 1268 1881 1315 sensim
1903 1268 2034 1328 irrep-

220 1357 325 1386 sere.
348 1337 459 1384 Illud
477 1356 547 1384 me
568 1355 851 1384 commovere
872 1337 1062 1384 multum
1082 1336 1192 1383 solet
1211 1336 1331 1397 quod
1352 1354 1443 1383 non
1463 1337 1646 1392 ratione,
1667 1354 1758 1383 non
1777 1354 1903 1383 causa
1918 1335 2031 1396 leges

220 1407 296 1454 ubi
325 1406 435 1453 latae
461 1420 562 1453 sunt
589 1405 737 1461 semel,
768 1423 859 1452 non
887 1405 1023 1461 bono,
1055 1422 1146 1451 non
1175 1422 1315 1465 aequo
1341 1404 1501 1465 aliquo,
1531 1422 1584 1451 ne
1611 1404 1821 1464 syllabam
1852 1403 2031 1464 quidem

222 1475 568 1521 immutaverint.
590 1478 653 1520 Ex
673 1492 762 1534 quo
781 1473 1089 1534 lepidiusculus
1111 1474 1155 1518 in
1176 1472 1266 1520 illas
1285 1487 1345 1519 est
1366 1487 1514 1519 noster
1534 1472 1742 1533 apologus
1765 1471 2030 1519 huiusmodi:

307 1577 472 1634 [edited
492 1577 645 1633 above,
669 1581 765 1632 V‚5,
791 1576 1003 1637 apologue
1030 1580 1176 1632 no.26]

307 1679 355 1725 Id
378 1679 496 1725 enim
522 1693 583 1725 est
607 1679 739 1725 etiam
764 1679 808 1723 in
835 1677 912 1733 his,
938 1678 1015 1724 etsi
1039 1695 1128 1724 non
1155 1692 1216 1724 est
1242 1677 1285 1724 id
1308 1677 1486 1737 quidem
1509 1678 1667 1723 vitium
1690 1694 1714 1723 a
1735 1676 1912 1736 legibus.
1940 1677 2034 1735 Qui

219 1747 317 1807 plus
346 1761 545 1807 possunt,
578 1743 761 1793 earum73
791 1746 863 1791 vix
891 1745 1037 1792 ferunt
1064 1759 1112 1792 ut
1140 1759 1373 1792 teneantur
1398 1745 1598 1805 imperio,
1627 1744 1864 1791 severiores
1891 1743 2030 1791 modo

222 1833 309 1863 esse
341 1812 701 1871 consueverint,⁷⁴
734 1815 767 1861 si
798 1814 884 1861 sint
917 1814 1050 1874 magis
1081 1813 1271 1861 abiectae
1302 1814 1520 1874 magisque
1551 1811 1739 1860 afflictae
1767 1813 2034 1873 miseraeque

222 1884 440 1940 fortunae,
474 1883 817 1930 severitudinem
851 1900 1026 1943 quoque
1062 1882 1340 1942 redarguunt,
1376 1900 1516 1942 neque
1551 1882 1708 1928 iniuria
1743 1881 1805 1941 (ut
1841 1898 1937 1928 mea
1970 1895 2032 1928 est

221 1950 444 2013 opinio),75
480 1951 601 2012 quod
633 1969 681 1998 ea
709 1951 763 1998 ad
792 1951 1095 1998 crudelitatem
1124 1968 1255 2011 quam
1284 1951 1485 2011 proxime
1516 1949 1716 1997 videatur
1743 1949 1960 2006 accedere,
1989 1963 2031 1996 et

221 2021 405 2068 feritatis
447 2020 673 2067 cuiusdam
719 2037 1057 2080 nonnumquam
1106 2034 1234 2080 atque
1278 2019 1562 2066 immanitatis
1609 2033 1808 2066 naturam
1853 2018 2028 2065 imitari.

221 2087 371 2149 Quis⁷⁶
395 2086 616 2136 laudarit⁷7
641 2093 826 2135 Brutum
849 2088 1070 2135 vindicem
1092 2092 1316 2134 Romanae
1338 2087 1549 2134 libertatis
1569 2087 1622 2134 de
1643 2086 1743 2134 filiis
1764 2101 2029 2134 sumentem-

240 2172 331 2205 tam
363 2157 523 2213 dirum,
556 2157 680 2204 ferox
709 2156 994 2217 supplicium?
1030 2157 1123 2215 Qui
1155 2156 1260 2203 dum
1292 2157 1442 2203 animo
1476 2156 1537 2216 (ut
1566 2155 1648 2202 sibi
1679 2155 1862 2202 forsitan
1892 2154 2031 2202 videri

219 2226 409 2287 poterat)
431 2244 593 2286 magno
613 2224 869 2285 excelsoque
885 2224 1004 2271 sedet
1022 2239 1063 2271 et
1079 2224 1190 2271 solvi
1208 2223 1340 2271 fasces
1359 2225 1542 2284 imperat
1562 2223 1819 2284 nudatisque
1837 2223 2029 2283 corpori-

221 2294 301 2341 bus
326 2294 520 2354 colligari
545 2293 599 2341 ad
618 2293 767 2354 palum
793 2292 986 2340 infelices
1008 2292 1248 2340 liberorum
1275 2310 1442 2349 manus,
1468 2292 1773 2352 verberarique
1797 2306 1838 2339 et
1859 2291 2030 2352 percuti

220 2362 457 2418 securibus,
485 2362 675 2422 populus
705 2376 795 2408 tam
822 2362 943 2408 triste
970 2361 1327 2421 horrendumque
1355 2360 1651 2421 spectaculum
1679 2361 1867 2420 aspicere
1893 2359 2030 2406 oculis

221 2432 294 2477 vix
320 2445 509 2490 poterat,
539 2430 857 2490 miserebatque
886 2429 1087 2476 homines
1118 2447 1209 2476 non
1237 2447 1379 2489 poene
1410 2430 1542 2489 magis
1571 2446 1702 2489 quam
1728 2428 1912 2484 sceleris,
1941 2445 2032 2488 quo

219 2516 412 2558 poenam
441 2499 588 2544 meriti
615 2497 810 2553 fuissent,
838 2512 885 2544 ut
914 2498 971 2544 ait
997 2491 1186 2553 Livius,ff
1210 2511 1251 2543 et
1277 2497 1451 2543 turbam
1480 2511 1594 2543 certe
1622 2495 1896 2551 crediderim,
1923 2513 2032 2555 quae

220 2566 458 2627 spectabat,
498 2566 543 2611 in
583 2565 772 2612 consulis
813 2565 928 2612 filios
970 2565 1111 2612 multo
1149 2579 1271 2625 patre
1309 2582 1483 2625 quoque
1524 2565 1618 2625 ipso
1659 2563 2029 2624 indulgentiorem

221 2634 429 2681 futuram.
455 2637 743 2694 Quamquam
767 2633 986 2680 ferociane
1009 2633 1053 2680 id
1074 2634 1222 2680 innata
1243 2632 1407 2689 fecerit,
1429 2651 1483 2680 an
1505 2647 1829 2680 conventorum
1854 2632 1970 2679 inter
1987 2649 2031 2679 se

222 2704 267 2748 in
290 2702 573 2762 tyrannidem
595 2720 679 2763 pro
702 2702 901 2749 libertate
923 2701 1085 2749 tuenda
1107 2702 1357 2748 necessitate
1377 2702 1538 2762 potius,
1564 2702 1780 2747 incertum
1803 2714 1878 2747 est.

303 3031 327 3044 ⁶⁶
345 3028 409 3063 On
423 3025 485 3062 the
500 3026 714 3069 Mercanzia,
730 3039 786 3062 see
804 3024 1011 3068 G.Bonolis,
1027 3027 1075 3062 La
1087 3024 1329 3072 giurisdizione
1343 3023 1432 3061 della
1448 3027 1639 3061 mercanzia
1656 3026 1692 3060 in
1708 3026 1846 3060 Firenze
1859 3022 1916 3060 nel
1925 3021 2031 3060 secolo

219 3081 314 3121 XIV,
331 3077 513 3121 Florence,
531 3081 628 3121 1901,
647 3078 849 3120 A.Astorri‚
865 3079 978 3114 ‘Note
990 3076 1079 3114 sulla
1092 3077 1294 3114 Mercanzia
1306 3075 1501 3113 fiorentina
1511 3087 1609 3113 sotto
1625 3078 1788 3112 Lorenzo
1801 3074 1858 3112 de'
1872 3073 2029 3118 Medici‚'

220 3131 386 3168 Archivio
403 3134 525 3168 storico
546 3130 689 3168 italiano
712 3134 775 3167 150
794 3130 920 3178 (1992),
942 3133 1087 3167 965-93.

302 3182 322 3207 ff
341 3189 416 3225 Liv.
432 3187 491 3224 Ab
507 3187 590 3224 urbe
607 3187 702 3224 cond.
724 3191 790 3230 2‚5.
