2124 3464
103 174 334 209 PRIVATE
360 172 588 207 LETTERS
1848 162 1906 202 87

105 312 191 360 3110
211 326 328 360 stato
349 310 429 358 che
451 309 473 358 ὲ
495 310 739 370 congiunto
762 326 848 356 con
870 308 958 364 voi,
982 322 1023 355 et
1045 306 1126 355 alla
1146 306 1252 354 citta
1271 306 1366 354 ch’e
1389 307 1627 367 congiunta
1649 305 1766 354 collo
1787 320 1917 362 stato,

106 380 238 428 habbi
266 397 290 427 a
316 379 465 427 venire
492 378 533 426 la
557 395 633 425 sua
658 376 830 424 sicurta.
859 380 899 423 A
926 377 1001 423 voi
1030 376 1091 422 mi
1120 374 1425 423 raccomando.
1453 379 1517 421 Ex
1545 374 1768 422 Florentia
1794 374 1863 421 die
1891 380 1915 421 5

106 449 292 496 Ianuarii
318 451 437 494 1479.
461 447 657 494 Servitor
677 444 1014 492 Bartholomeus
1036 443 1167 491 Scala.

189 514 406 562 Mandovi
429 532 516 561 una
541 514 668 574 copia
693 512 827 560 d’una
847 512 1002 559 lettera
1023 511 1067 558 di
1090 515 1257 558 Messer
1279 504 1640 558 Guidoantoniob
1665 509 1709 557 di
1733 511 1915 557 Francia

103 582 264 645 perche
288 582 491 630 habbiate
513 581 663 641 d’ogni
686 598 786 628 cosa
807 580 977 627 notitia.

190 651 284 711 Qui
306 650 328 698 ὲ
349 649 574 710 divulgato
596 650 640 695 in
663 648 791 695 molti
811 666 865 695 ne
885 648 1031 695 venite
1051 647 1105 694 da
1123 651 1267 694 Roma
1287 662 1329 694 et
1349 646 1486 694 molte
1504 661 1648 694 strane
1669 646 1846 693 ciancie.
1869 650 1917 692 Io

104 719 239 768 credo
255 719 336 767 che
354 718 436 766 alla
449 717 586 765 salute
603 732 751 764 vostra
768 731 810 764 et
826 731 975 763 nostra
994 715 1141 763 harete
1157 716 1258 777 quei
1271 715 1480 776 prudenti
1500 714 1687 775 riguardi
1707 714 1787 762 che
1802 732 1916 762 sono

105 788 346 843 necessarii,
370 802 412 834 et
435 804 527 833 non
552 785 685 833 credo
706 786 767 832 sia
789 784 843 832 da
863 784 1010 832 fidarsi
1033 784 1076 832 di
1100 788 1243 831 Roma
1267 802 1393 831 come
1416 783 1460 831 di
1481 783 1661 844 Napoli.
1689 787 1730 829 A
1753 783 1828 830 voi
1853 783 1914 829 mi

104 855 401 904 raccomando
421 872 604 902 rursum.

983 994 1036 1035 89

487 1065 566 1105 TO
588 1064 867 1104 LORENZO
890 1065 980 1103 DE‘
1001 1064 1213 1103 MEDICI
1234 1065 1300 1103 IN
1319 1064 1534 1102 NAPLES

818 1135 866 1171 12
883 1134 1075 1183 January
1098 1134 1202 1171 1480

187 1229 300 1266 ΜΑΡ
315 1230 461 1274 34,414.
477 1225 663 1278 Original.
676 1225 914 1277 Autograph.
930 1225 988 1265 ed.
1002 1227 1043 1272 F,
1058 1227 1237 1264 202-204.
1252 1223 1406 1276 English
1419 1223 1744 1273 transl.inJ.Ross,
1764 1223 1834 1263 The

187 1286 292 1323 Lives
320 1282 368 1334 of
388 1281 446 1322 the
473 1281 582 1334 Early
609 1281 754 1329 Medici,
783 1284 938 1321 233-34.
975 1283 1091 1320 Verso:
1123 1282 1366 1328 ‘Gen[eroso]
1395 1280 1491 1320 Viro
1521 1280 1754 1328 [Lauren]tio
1786 1278 1832 1319 de

187 1338 346 1379 Medicis
368 1337 605 1378 Benefactori
624 1352 724 1385 meo,
744 1339 827 1377 etc.'
849 1336 962 1377 Recd.
988 1340 1030 1377 19
1046 1339 1238 1386 Jan.1480.
1257 1335 1370 1384 Scala,
1391 1339 1511 1376 92-94
1529 1338 1618 1384 [59].

103 1442 342 1503 Magnifice
358 1441 617 1489 benefactor
632 1442 705 1488 mi.
726 1445 774 1488 Io
789 1441 925 1502 piglio
944 1440 1197 1487 incredibile
1212 1441 1382 1501 piacere
1399 1439 1509 1487 delle
1524 1454 1671 1487 vostre
1686 1439 1855 1495 lettere,
1872 1453 1914 1486 et

104 1511 149 1559 di
168 1510 310 1572 quelle
330 1510 410 1557 che
431 1509 682 1571 rispondete
704 1527 727 1556 a
746 1527 815 1556 me
835 1524 877 1556 et
897 1509 976 1556 che
994 1509 1177 1556 scrivete
1195 1512 1232 1556 a'
1251 1509 1394 1565 Dieci,
1413 1526 1493 1569 per
1511 1507 1647 1555 molte
1667 1508 1852 1568 cagioni,
1873 1522 1915 1555 et

104 1583 152 1627 in
166 1582 322 1640 primis
340 1596 420 1639 per
439 1578 480 1625 la
499 1596 709 1639 speranza
731 1577 810 1625 che
831 1578 1192 1624 continuamente
1214 1591 1254 1624 et
1266 1576 1435 1638 publice
1455 1590 1496 1623 et
1507 1579 1719 1637 privatim
1743 1594 1797 1623 ne
1819 1575 1918 1623 date

105 1648 325 1708 maggiore
352 1646 502 1706 d’ogni
526 1646 650 1693 bene.
677 1647 770 1692 Dio
796 1664 887 1692 non
913 1644 1192 1692 abandonera
1213 1645 1254 1692 la
1276 1659 1424 1692 vostra
1446 1644 1643 1700 volonta‚
1667 1658 1707 1691 et
1729 1644 1914 1691 recorda-

105 1715 223 1763 bitur
235 1718 348 1762 servi
361 1718 440 1762 sui.
459 1718 632 1761 Havete
649 1713 814 1761 havuto
833 1713 860 1760 il
879 1713 1090 1760 mandato
1108 1714 1153 1759 in
1171 1712 1327 1760 forma:
1348 1712 1531 1760 essendo
1548 1711 1770 1760 satisfacto
1787 1730 1811 1759 a
1826 1713 1916 1768 voi,

103 1783 217 1830 sono
243 1800 405 1829 ancora
429 1783 473 1828 io
498 1781 733 1828 satisfacto.
759 1781 886 1828 Costi
910 1781 1120 1828 solevano
1145 1798 1281 1828 essere
1307 1780 1451 1827 molto
1475 1795 1593 1841 grate
1615 1780 1655 1827 le
1681 1798 1780 1827 cose
1805 1779 1918 1827 della

105 1849 376 1898 cancelleria¹
406 1850 514 1897 altra
539 1849 672 1897 volta.
703 1853 873 1909 Questa
899 1848 946 1896 fu
974 1849 1015 1896 la
1042 1850 1220 1909 cagione
1249 1849 1329 1896 che
1358 1850 1419 1895 mi
1447 1850 1566 1896 missi
1596 1866 1620 1896 a
1648 1848 1736 1896 fare
1764 1866 1788 1895 a
1816 1848 1915 1909 quel

105 1918 256 1966 modo.
284 1922 325 1965 A
351 1936 421 1966 me
447 1936 539 1965 non
565 1917 586 1965 ὲ
612 1917 886 1979 dispiaciuto,
911 1917 964 1965 ne
987 1917 1080 1979 pub
1106 1917 1355 1978 dispiacere,
1381 1916 1435 1964 ne
1459 1916 1613 1973 debbe,
1638 1935 1738 1964 cosa
1762 1916 1916 1964 alcuna

104 1987 185 2035 che
207 1987 387 2034 facciate
407 1987 495 2043 voi,
519 2004 611 2033 non
634 1986 714 2033 che
736 1986 846 2033 delle
865 1986 1117 2047 pubbliche‚
1141 2004 1213 2033 ma
1233 1985 1278 2033 di
1299 2004 1383 2042 me,
1407 1985 1435 2032 il
1458 1985 1583 2046 quale
1607 1985 1666 2032 ho
1689 1986 1792 2046 ogni
1816 2003 1916 2032 cosa

104 2055 159 2103 da
178 2056 253 2102 voi
276 2070 318 2102 et
339 2054 410 2102 chi
432 2054 581 2115 voglio
605 2054 684 2102 che
705 2055 766 2102 sia
787 2072 947 2101 ancora
967 2054 1008 2101 la
1027 2055 1129 2101 vita.

190 2127 359 2183 Queste
381 2141 480 2171 cose
502 2123 557 2170 da
574 2123 747 2170 Milano
770 2122 920 2170 hanno
943 2123 1017 2184 qui
1038 2122 1340 2183 ingagliardito
1363 2122 1596 2184 qualcuno,
1618 2121 1779 2183 perche
1799 2140 1913 2169 sono

105 2192 249 2239 molto
274 2207 379 2239 note
403 2206 445 2261 et
466 2191 688 2252 parlasene
714 2191 869 2238 molto.
895 2191 1085 2238 Vedrete
1105 2209 1185 2252 per
1206 2192 1331 2252 copie
1355 2192 1399 2238 vi
1422 2191 1582 2238 manda
1605 2190 1790 2238 l'Uficio
1814 2190 1914 2251 quel

103 2261 230 2307 viene
254 2260 298 2307 di
321 2259 373 2307 la.
399 2261 499 2307 Ecci
523 2278 683 2307 ancora
705 2259 776 2307 chi
799 2278 891 2307 non
913 2274 1059 2321 presta
1080 2274 1202 2307 tanta
1221 2259 1318 2307 fede
1340 2259 1419 2307 alle
1440 2259 1591 2320 parole
1616 2258 1729 2306 dove
1753 2262 1790 2306 e'
1815 2258 1919 2306 facti

103 2346 217 2376 sono
239 2329 325 2375 suti
349 2329 394 2374 in
418 2329 654 2375 contrario.
678 2328 987 2384 Nondimen0‚
1011 2328 1252 2375 universale
1275 2328 1439 2375 iudicio
1463 2327 1485 2375 ὲ
1507 2327 1587 2375 che
1609 2327 1753 2388 quella
1773 2328 1918 2374 amici-

104 2394 181 2444 tia²
200 2397 235 2443 si
256 2396 374 2456 vogli
396 2414 420 2443 a
439 2397 542 2456 ogni
564 2396 702 2443 modo
724 2414 980 2443 conservare
1001 2411 1043 2443 et
1061 2414 1265 2452 crescere3
1285 2411 1326 2443 et
1346 2396 1510 2443 credesi
1526 2395 1693 2457 purche
1714 2395 1789 2452 l[a]
1810 2397 1914 2456 ragi-

105 2482 190 2512 one
214 2482 236 2511 e
260 2464 286 2510 ’l
310 2464 462 2511 debito
484 2463 740 2511 finalmente
763 2464 819 2511 ha
839 2482 863 2511 a
880 2464 1115 2525 prevalere.
1139 2461 1282 2511 Ho'vi
1302 2465 1467 2525 scripto
1490 2479 1646 2525 questo
1665 2463 1826 2524 perche
1846 2464 1917 2510 sti-

104 2547 172 2579 ate
193 2532 270 2593 pisi
293 2531 374 2579 che
396 2533 431 2579 si
453 2531 545 2592 puo
570 2533 615 2578 in
638 2550 687 2579 su
709 2531 755 2579 lo
780 2532 1052 2579 honorevole
1078 2532 1189 2579 nelle
1211 2532 1459 2579 conditioni
1483 2531 1596 2579 della
1614 2550 1735 2592 pace,
1755 2531 1917 2592 perche

105 2601 180 2661 qui
205 2618 298 2647 non
322 2601 383 2647 sia
407 2600 478 2647 chi
500 2601 618 2660 possi
645 2599 736 2647 dire
762 2600 841 2647 che
865 2600 1056 2647 l’andata
1077 2615 1224 2647 vostra
1247 2600 1380 2647 l’abbi
1404 2599 1516 2647 facte
1538 2599 1760 2656 deteriori,
1786 2617 1913 2647 come

103 2667 172 2728 gia
193 2667 215 2715 ὲ
236 2683 352 2715 stato
374 2667 445 2715 chi
465 2667 524 2715 s'e
546 2669 793 2728 ingegnato‚
817 2668 896 2715 che
917 2669 952 2715 si
975 2668 1082 2715 dica:
1107 2671 1273 2729 ‘Sapete
1293 2683 1461 2729 quanto
1480 2669 1620 2715 siamo
1643 2686 1715 2715 ma
1736 2667 1914 2714 fanciul-

105 2735 165 2792 li’,
188 2750 270 2783 etc.

190 2805 284 2863 Qui
309 2803 331 2851 ὲ
352 2822 445 2851 uno
469 2803 680 2851 mandato
701 2803 770 2851 del
793 2805 1008 2864 [Signore]
1031 2804 1075 2851 di
1097 2808 1296 2851 Faenza.²
1318 2808 1390 2851 Ha
1409 2803 1580 2864 parlato
1603 2821 1744 2860 meco3
1769 2821 1913 2850 mons·

105 2887 172 2919 tra
195 2873 240 2918 in
266 2873 341 2919 voi
365 2890 472 2932 gran
496 2871 593 2919 fede
617 2887 659 2919 et
684 2872 960 2919 nondimeno
987 2872 1015 2918 il
1041 2890 1151 2933 vego
1175 2873 1220 2918 in
1244 2890 1380 2933 paura
1403 2886 1598 2919 extrema
1622 2886 1663 2919 et
1687 2871 1845 2918 dubito
1871 2871 1915 2918 di

184 3061 201 3086 *³
219 3067 471 3105 Guidantonio
490 3068 674 3116 Vaepucci,
696 3067 903 3105 Florentiae
919 3067 1144 3105 ambassador
1161 3079 1201 3105 to
1221 3068 1329 3105 Louis
1346 3070 1407 3105 XI.

186 3130 199 3145 ²
218 3125 390 3164 Galeotto
408 3125 599 3170 Manfredi,
620 3125 716 3164 Lord
733 3125 774 3164 of
791 3129 937 3170 Faenza,
956 3125 1149 3175 employed
1168 3126 1217 3174 by
1234 3125 1297 3164 the
1315 3125 1434 3174 league
1453 3125 1494 3164 of
1512 3125 1694 3169 Florence,
1711 3124 1829 3163 Milan
1847 3124 1918 3163 and

105 3179 250 3222 Venice,
271 3181 448 3222 Lorenzo,
466 3181 605 3222 Latere,
625 3181 681 3222 ΠΙ,
701 3181 755 3222 51,
774 3190 861 3215 note
878 3182 910 3222 7;
929 3177 973 3215 cf.
991 3177 1096 3216 letter
1112 3181 1166 3222 87,
1184 3190 1271 3215 note
1289 3177 1325 3226 b)
1345 3178 1469 3215 above.
