2118 3444
115 185 298 219 ESSAYS
1820 175 1843 215 2
1856 176 1912 216 75

116 323 258 383 ipsum
278 320 628 382 frequentissime
644 319 940 375 conferebam;
959 336 1099 380 neque
1117 336 1186 366 me
1203 318 1377 366 hercule
1392 318 1648 366 consolandi
1667 319 1758 366 eius
1770 319 1922 379 gratia,

116 390 278 451 quippe
297 389 372 449 qui
391 387 693 436 consolatione
714 388 803 448 ipse
824 387 1013 434 maxime
1033 386 1286 447 indigerem,
1303 386 1379 434 sed
1397 386 1442 433 id
1458 386 1637 447 agebam
1656 401 1704 434 ut
1723 404 1919 447 praesen-

115 458 175 505 tia
196 474 292 504 mea
313 456 366 504 ab
386 455 624 503 solitudine
650 455 877 503 hominem
902 454 1184 511 vindicarem,
1206 454 1450 515 dabamque
1473 471 1653 515 operam
1677 472 1795 501 nunc
1819 454 1918 510 hoc,

116 543 234 572 nunc
253 524 330 571 illo
346 541 565 580 sermone,
582 524 662 571 etsi
680 524 852 584 ineptus
871 522 979 569 mihi
998 541 1086 570 esse
1103 522 1283 570 videbar
1295 522 1553 583 plerunque,
1571 537 1619 569 ut
1638 540 1662 569 a
1675 522 1853 569 silentio
1871 540 1921 569 ac

116 608 239 640 muta
258 593 524 653 cogitatione
543 592 741 639 animum
764 592 855 638 eius
875 608 1118 638 avocarem.
1140 590 1314 638 Accidit
1333 591 1451 638 enim
1473 605 1521 637 ut
1542 591 1662 651 quasi
1684 590 1926 638 delectetur

113 660 351 708 solitudine
368 661 441 721 qui
458 661 623 706 maiore
640 659 783 720 aliqua
796 677 1005 706 aerumna
1018 658 1268 715 afflictatur,
1282 658 1599 719 validioresque
1614 673 1769 705 contra
1783 659 1919 705 animi

115 729 253 775 robur
268 729 382 775 vires
397 728 528 774 tacita
541 728 836 788 praesentium
854 726 1229 787 contemplatione
1247 726 1465 773 malorum
1486 727 1761 773 nanciscatur
1775 725 1918 782 dolor,

114 811 162 844 ut
188 813 280 843 non
307 796 458 843 inscite
483 799 709 842 Homerus
736 794 789 842 de
813 794 1153 855 Bellerophonte
1179 795 1401 842 cecineritc
1423 812 1524 841 cum
1550 811 1574 841 a
1597 797 1760 851 Proeto
1783 811 1920 854 regno

114 879 222 912 esset
240 865 450 925 privatus,
469 864 649 924 vestigia
667 864 798 911 etiam
819 862 1052 911 hominum
1076 862 1134 910 ob
1154 862 1355 910 dolorem
1375 863 1589 919 vitavisse3
1610 877 1652 910 et
1669 862 1853 910 Nioben
1875 863 1920 909 in

112 933 279 980 silicem
304 949 561 979 conversam
586 932 644 978 ob
669 946 932 992 perpetuum
954 931 1178 978 silentium
1204 932 1420 978 existimat
1443 935 1508 977 M.
1531 925 1736 986 Tullius,d
1758 945 1918 986 turma,

113 1015 161 1047 ut
183 1015 339 1060 poetae
361 999 556 1055 tradunt,
578 999 774 1046 filiorum
799 999 857 1046 ob
880 999 1043 1046 laesum
1067 1016 1232 1046 numen
1254 999 1419 1046 amissa.

199 1068 335 1128 Igitur
355 1085 457 1114 cum
478 1067 647 1114 sederet
670 1067 739 1114 ille
761 1066 997 1127 aliquando
1022 1066 1169 1114 medio
1192 1066 1280 1114 fere
1301 1066 1504 1122 cubiculi,
1529 1081 1577 1113 ut
1597 1065 1780 1122 solebat,
1804 1084 1922 1113 com-

112 1135 345 1196 pluresque
364 1134 419 1182 ad
435 1153 552 1191 eum,
571 1134 616 1182 id
633 1149 695 1182 est
714 1135 859 1181 omnis
879 1133 968 1181 fere
986 1135 1150 1190 civitas,
1167 1134 1425 1181 consolandi
1444 1152 1570 1181 causa
1585 1132 1818 1190 venirent,l
1838 1151 1919 1194 ego

114 1204 322 1259 astabam,
342 1204 418 1264 qui
438 1204 590 1250 omnia
610 1203 700 1250 eius
720 1202 836 1250 dicta
854 1202 1052 1263 factaque
1070 1203 1130 1250 ita
1147 1202 1473 1263 diligentissime
1493 1202 1772 1249 observarem
1792 1216 1841 1249 ut
1862 1219 1917 1249 ne

114 1272 367 1319 emissiones
394 1271 573 1332 quidem
598 1271 774 1331 spiritus
800 1285 873 1318 aut
899 1271 1183 1318 retractiones
1203 1271 1613 1331 praetermitterem.
1638 1273 1789 1329 Quem
1816 1288 1918 1317 cum

113 1339 309 1387 viderem
332 1354 507 1400 praeter
526 1340 730 1386 omnium
758 1339 1018 1399 opinionem
1043 1353 1300 1399 praeterque
1324 1338 1579 1385 mortalium
1605 1353 1806 1385 naturam
1830 1353 1923 1385 tam

113 1425 255 1468 aequo
271 1406 383 1454 ferre
399 1407 550 1454 animo
567 1421 736 1453 tantam
751 1406 1059 1462 calamitatem,
1074 1424 1208 1467 eaque
1223 1421 1265 1453 et
1280 1406 1501 1453 dicentem
1516 1420 1558 1453 et
1574 1406 1915 1466 respondentem

113 1493 223 1536 quae
237 1493 367 1535 supra
382 1475 495 1521 vires
511 1474 745 1521 hominum
765 1492 1137 1535 communemque
1154 1475 1411 1534 sapientiam
1429 1489 1569 1521 essent
1584 1473 1922 1521 animadverter-

113 1560 199 1598 em,
220 1542 340 1589 nefas
358 1560 446 1589 esse
466 1542 571 1589 duxi
589 1557 735 1589 tantae
753 1543 814 1589 rei
833 1543 1095 1589 memoriam
1116 1541 1375 1602 divinaeque
1392 1543 1567 1602 penitus
1587 1556 1629 1589 et
1647 1541 1921 1588 fortitudinis

113 1625 155 1658 et
172 1611 409 1671 sapientiae
428 1610 538 1658 adeo
558 1628 704 1657 rarum
725 1610 1063 1671 mirandumque
1083 1610 1317 1671 exemplar,
1335 1610 1457 1671 quod
1475 1611 1667 1657 maxima
1684 1627 1786 1657 cum
1806 1609 1919 1657 utili-

112 1693 201 1726 tate
225 1679 390 1739 posteri
416 1693 745 1738 cognoscerent,
771 1678 1147 1738 quemadmodum
1176 1678 1355 1738 quidem
1377 1696 1566 1738 possem,
1595 1696 1687 1724 non
1713 1678 1920 1725 mandare

112 1746 280 1793 litteris.
309 1747 399 1792 Etsi
427 1747 545 1792 enim
572 1747 646 1791 vix
671 1763 741 1792 me
767 1745 992 1801 idoneum,
1023 1747 1098 1806 qui
1123 1763 1172 1792 ea
1194 1745 1390 1792 audirem
1416 1763 1526 1806 quae
1553 1745 1606 1792 ab
1632 1763 1686 1792 eo
1711 1745 1764 1792 de
1790 1745 1917 1792 rebus

114 1813 317 1861 humanis
338 1814 590 1874 arcanisque
608 1828 786 1860 naturae
804 1813 1055 1860 dicerentur
1068 1813 1197 1874 plane
1215 1813 1437 1869 divinitus,
1458 1814 1767 1869 existimarem,
1785 1814 1917 1860 satius

112 1896 262 1929 tamen
277 1899 348 1928 me
363 1881 583 1928 facturum
597 1881 832 1942 utiliusque
847 1882 1094 1942 posteritati
1109 1881 1413 1928 consulturum
1430 1882 1583 1942 putavi
1597 1882 1632 1928 si
1648 1882 1708 1928 ita
1720 1899 1919 1928 curerem

112 1964 175 2006 ut,
193 1951 229 1997 si
250 1967 343 1996 non
361 1964 539 2010 possent
560 1967 644 2010 pro
664 1967 810 1996 rerum
833 1950 1055 1997 maiestate
1073 1950 1348 2010 auctorisque
1369 1950 1500 2010 ipsius
1521 1949 1745 2010 dignitate,
1764 1949 1919 1996 saltem

112 2036 379 2079 quocunque
402 2017 539 2065 modo
558 2017 863 2065 scriberentur.
887 2021 1105 2065 Cosmum
1129 2033 1276 2065 autern
1296 2018 1438 2079 ipsum
1460 2017 1544 2065 feci
1561 2017 1819 2079 loquentem
1842 2018 1919 2064 mi-

113 2086 246 2147 hique
265 2104 588 2147 nonnunquam
612 2087 899 2146 interroganti
918 2087 1233 2147 materiamque
1252 2086 1559 2147 disputationis
1579 2086 1820 2133 obiectanti
1839 2104 1920 2133 res-

111 2154 401 2215 pondentem,
423 2172 514 2201 non
535 2154 679 2201 solum
700 2169 748 2201 ut
769 2172 871 2201 cum
891 2172 957 2201 res
974 2155 1063 2215 geri
1083 2154 1318 2211 videretur,
1336 2154 1575 2215 legentium
1595 2155 1731 2201 animi
1753 2153 1920 2201 facilius

112 2223 406 2269 attentionem
424 2222 699 2283 praeberent,
717 2240 871 2269 verum
892 2223 1024 2269 etiam
1043 2223 1144 2283 quia
1160 2223 1312 2283 putavi
1331 2222 1425 2269 fore
1443 2237 1492 2269 ut
1513 2223 1603 2269 eius
1622 2223 1754 2283 ipsius
1773 2240 1918 2283 perso-

112 2307 169 2337 na
189 2288 339 2351 quam²
362 2308 585 2350 ageremus
608 2308 700 2337 non
723 2290 831 2337 nihil
855 2305 962 2338 esset
984 2291 1255 2338 auctoritatis
1276 2291 1466 2338 orationi
1490 2305 1663 2338 nostrae
1685 2290 1866 2338 allatura
1883 2291 1918 2338 si

111 2358 179 2405 vel
209 2358 487 2405 audientibus
514 2358 581 2405 vel
609 2358 906 2406 lectitantibus
934 2359 1061 2406 nobis
1089 2358 1228 2419 legere
1253 2358 1320 2406 vel
1349 2358 1497 2406 audire
1524 2362 1742 2406 Cosmum
1774 2359 1916 2420 ipsum

110 2425 371 2486 putaretur.³
394 2430 548 2473 Sermo
569 2441 717 2474 autem
738 2428 854 2474 inter
873 2445 954 2474 nos
977 2428 1036 2474 ita
1054 2426 1143 2474 fere
1163 2442 1340 2474 exortus
1362 2442 1437 2474 est.
1459 2431 1581 2474 Nam
1604 2445 1705 2474 cum
1729 2427 1919 2488 aliquan·

112 2493 172 2540 do
197 2509 348 2541 nactus
373 2512 510 2541 essem
534 2494 679 2541 solum
706 2495 975 2555 tacitumque
1000 2510 1042 2542 et
1068 2496 1160 2541 imo
1185 2495 1237 2542 de
1259 2510 1438 2555 pectore
1461 2495 1711 2542 trahentem
1734 2495 1916 2555 suspiria

111 2562 335 2617 sentirem,
363 2563 744 2623 coniectaremque
769 2562 822 2609 de
848 2577 992 2609 morte
1019 2562 1141 2610 illum
1170 2577 1299 2623 atque
1323 2563 1482 2609 amisso
1511 2562 1606 2609 filio
1632 2563 1837 2623 cogitare,
1864 2580 1918 2609 ne

112 2644 220 2676 esset
244 2630 288 2675 in
311 2647 361 2676 ea
380 2631 758 2677 commentatione
781 2630 957 2686 diutius,
981 2631 1040 2677 ita
1059 2631 1200 2677 visum
1225 2645 1286 2677 est
1308 2645 1356 2677 ut
1379 2630 1607 2677 hominem
1632 2631 1881 2677 excitarem.

197 2695 468 2745 ‹SCALA.›⁴
504 2701 669 2757 ‘Quam
706 2697 858 2754 multa,
894 2699 1052 2758 igitur,’
1089 2696 1286 2759 inquam⁵
1323 2702 1380 2745 ‘et
1413 2716 1545 2759 quarn
1577 2697 1918 2759 praeclarissima

111 2780 213 2812 sunt
231 2764 449 2826 profecto,
469 2769 648 2822 Cosme,
669 2765 854 2813 deorum
874 2766 1192 2814 immortalium
1213 2767 1258 2812 in
1278 2766 1521 2814 humanum
1539 2784 1673 2826 genus
1691 2765 1917 2813 beneficia.

111 2837 272 2894 Neque
294 2834 618 2881 assentiendum
643 2834 752 2880 mihi
774 2834 949 2881 videtur
966 2835 1122 2895 poetis,
1146 2852 1247 2882 cum
1270 2833 1409 2881 aiunt⁶
1430 2834 1745 2881 Prometheum
1769 2835 1917 2881 nescio

112 2919 260 2961 quem,
283 2902 373 2948 sive
395 2903 530 2962 Iapeti
550 2919 684 2961 genus
706 2901 851 2958 fuerit,
872 2903 961 2949 sive
983 2902 1090 2962 quid
1111 2902 1376 2949 aliud—sunt
1401 2903 1519 2949 enim
1543 2902 1844 2957 modestiores,
1869 2917 1917 2949 ut

193 3128 206 3142 ⁶
222 3125 321 3168 Iliad,
341 3129 372 3168 6,
394 3129 423 3169 1,
441 3129 509 3169 cit„
530 3126 671 3169 Cicero,
694 3127 878 3174 TuscDisp.
901 3127 1112 3170 HI,xxvi,63.

191 3176 208 3200 ‘¹
227 3183 368 3225 Cicero,
386 3182 438 3219 Lc.
