2124 3458
121 173 304 206 ESSAYs
1834 162 1919 203 331

885 311 950 354 80.
975 309 1168 367 Tempus

122 412 413 467 Obsonatori‚
433 429 520 458 una
539 425 669 457 nocte
687 410 886 457 boletum
907 410 965 457 ita
981 410 1213 456 accrevisse
1230 409 1478 465 admiranti,
1498 409 1722 469 respondit
1742 409 1927 456 boletus:

123 481 206 527 ‘Sic
227 480 349 526 brevi
372 497 481 539 quae
504 479 549 524 in
572 493 772 539 tempore
795 478 1098 538 acceptaveris,
1119 477 1372 524 adolescunt
1395 476 1548 524 facile.’

853 618 918 660 81.
943 613 1205 674 Desperatio

120 716 309 773 Teredo,
335 734 436 763 cum
463 716 652 763 cariosae
679 715 1000 776 contignationi
1026 714 1289 771 inhaesisset,
1317 715 1361 761 in
1386 715 1550 762 viscera
1572 715 1764 775 saginata
1786 715 1934 761 statim

120 786 367 846 penetravit
382 784 672 845 exederatque
686 783 949 831 medullitus.
967 784 1175 830 Enervari
1189 801 1296 830 vero
1310 784 1422 830 vires
1437 801 1537 830 cum
1552 783 1750 830 sensisset
1767 783 1932 843 contig-

122 854 258 909 natio,
279 852 539 908 teredinem,
558 867 606 899 ut
626 853 903 899 vacationem
922 851 1112 912 aliquam
1132 851 1385 912 elargiretur
1402 866 1531 912 atque
1551 850 1799 898 abscederet
1818 851 1871 898 ab
1890 869 1934 898 se

120 921 302 983 paulum
326 920 582 982 suppliciter
604 920 795 981 rogabat.
821 923 939 967 Cum
964 919 1035 967 illa
1054 919 1270 967 crudelius
1292 919 1581 966 nihilominus
1608 920 1653 965 in
1676 919 1766 966 dies
1788 937 1934 966 corro-

122 989 271 1037 dendo
286 989 454 1036 assidua
471 989 664 1044 instaret,
680 1003 775 1035 acta
788 988 842 1035 ad
853 996 1128 1049 postremum
1148 987 1464 1048 desperatione,
1480 988 1754 1048 contignatio
1771 1005 1932 1048 magno

122 1076 224 1106 cum
250 1057 419 1118 fragore
444 1057 568 1105 hoste
594 1075 804 1118 oppresso
831 1056 1023 1104 concidit
1048 1074 1148 1103 cum
1173 1057 1378 1103 universo
1403 1070 1535 1103 tecto.
1560 1055 1767 1103 Obtritae
1791 1056 1937 1116 itaque

121 1126 290 1187 tegulae
311 1125 451 1173 aliena
470 1125 597 1186 culpa
619 1126 800 1172 miseros
823 1139 998 1186 questus
1018 1139 1147 1185 atque
1167 1124 1349 1172 eiulatus
1370 1124 1545 1171 dabant.
1567 1123 1812 1185 Respondit
1836 1142 1937 1171 con-

122 1195 320 1255 tignatio:
348 1197 522 1255 ‘Neque
543 1212 622 1241 vos
646 1193 880 1240 debilitatis
901 1193 1065 1240 viribus
1087 1194 1340 1254 pepercistis
1360 1192 1577 1253 ponderi.’

818 1334 884 1377 82.
910 1334 994 1377 Res
1016 1329 1238 1377 familiaris

122 1434 302 1481 Caedua
327 1434 434 1481 silva
461 1433 726 1494 querebatur
753 1434 900 1494 reique
928 1432 1151 1480 familiaris
1179 1433 1383 1493 arguebat
1413 1450 1571 1489 mores,
1600 1432 1734 1493 quod,
1764 1433 1843 1479 etsi
1872 1432 1934 1478 illi

120 1520 246 1563 saepe
264 1501 512 1558 addidisset,
530 1517 679 1549 tamen
697 1502 769 1548 vix
785 1516 833 1548 ut
850 1501 1092 1562 pubertatis
1109 1500 1345 1562 aliquando
1363 1500 1510 1548 videre
1524 1515 1670 1562 posset
1690 1500 1780 1548 dies
1798 1501 1935 1548 conti-

121 1567 316 1631 gisset.¹⁸⁶
348 1569 607 1618 Glandifera
632 1585 787 1617 contra
812 1570 1105 1626 succensebat,
1133 1570 1256 1617 annis
1285 1584 1326 1616 et
1351 1584 1517 1616 sortem
1546 1569 1781 1616 damnabat
1808 1587 1931 1616 suam

122 1638 257 1699 quod,
278 1657 387 1699 quae
406 1638 514 1685 olim
534 1638 741 1685 alimenta
758 1639 890 1685 etiam
906 1638 1155 1698 praebuerit
1175 1637 1370 1685 humano
1389 1638 1550 1698 generi,
1567 1638 1733 1698 pertica
1750 1652 1933 1698 quotan-

124 1708 188 1754 nis
212 1707 480 1767 plecteretur
502 1724 643 1767 neque
668 1707 833 1753 servitii
859 1707 943 1752 iam
969 1724 1110 1766 neque
1135 1707 1285 1753 aetatis
1308 1720 1380 1752 aut
1405 1706 1677 1752 auctoritatis
1702 1705 1937 1752 haberetur

123 1775 247 1822 ratio.
270 1777 554 1821 Convenerat
574 1773 753 1821 tandem
773 1788 820 1821 ut
841 1788 1061 1821 mutarent
1082 1773 1243 1821 caedua
1260 1788 1301 1820 et
1318 1773 1558 1834 glandifera
1576 1774 1692 1820 inter
1708 1791 1751 1820 se
1771 1772 1934 1829 officia,

121 1842 197 1890 sed
219 1842 263 1889 id
286 1842 426 1889 facere
448 1842 703 1889 numinibus
727 1842 934 1889 silvarum
958 1841 1215 1889 inconsultis
1241 1841 1578 1902 haudquaquam
1600 1837 1812 1888 visum.¹⁸⁷
1837 1842 1935 1888 Dis-

120 1925 348 1958 suaserunt
382 1911 577 1957 numina.
615 1910 740 1969 Quid
771 1925 920 1957 tamen
953 1911 1123 1970 egeritis
1152 1910 1304 1957 silvae?
1336 1909 1468 1957 Edaci
1499 1924 1662 1965 tamen,
1697 1910 1934 1970 impotenti

122 1978 344 2035 dominae,
378 1978 605 2039 improbae
639 1979 745 2025 item
776 1993 905 2039 atque
934 1977 1185 2039 inexplebili
1218 1977 1544 2025 inserviendum
1576 1978 1670 2024 erit.
1703 1977 1934 2024 Obcallete

120 2062 281 2108 potius.

902 2188 967 2230 83.
993 2187 1157 2230 Amorq

123 2285 350 2345 Cupidini,
386 2286 569 2332 Veneris
603 2284 711 2341 filio,
747 2299 918 2332 amator
949 2282 1250 2332 adolescens¹⁸⁸
1285 2284 1402 2331 diem
1435 2283 1615 2331 dixerat.
1649 2287 1767 2331 Cum
1802 2284 1934 2344 igitur

123 2352 387 2400 consedisset
406 2354 693 2413 magistratus,
711 2354 770 2400 ita
782 2352 1009 2413 profatum
1026 2367 1268 2400 amatorem
1284 2353 1541 2413 accepimus:
1563 2356 1768 2399 ‘Causam
1785 2351 1839 2399 ad
1852 2370 1931 2399 vos

123 2419 331 2477 affero,¹⁸⁹
356 2419 586 2477 iudices,¹⁹0
614 2422 658 2467 in
682 2439 766 2482 qua
789 2421 967 2482 quidem
987 2421 1085 2481 plus
1110 2421 1220 2467 mihi
1243 2420 1386 2468 multo
1409 2420 1570 2468 laboris
1592 2421 1638 2466 in
1662 2420 1935 2467 exordiendo

123 2504 165 2535 et
184 2489 472 2549 dispositione
497 2507 643 2536 rerum
662 2504 846 2550 propter
865 2503 1226 2549 argumentorum
1248 2490 1421 2549 copiam
1443 2488 1641 2535 futurum
1661 2489 1715 2535 sit
1735 2506 1868 2549 quam
1887 2489 1933 2534 in

122 2557 375 2618 perorando
399 2557 673 2605 discriminis.
700 2562 791 2605 Vos
817 2555 1042 2604 tantum191
1069 2575 1150 2604 oro
1175 2572 1223 2604 ut
1248 2575 1316 2604 me
1341 2571 1506 2604 attente
1527 2556 1723 2613 audiatis,
1745 2574 1933 2617 praeser-

123 2626 205 2672 tim
222 2626 257 2672 si
279 2644 371 2672 non
390 2644 487 2672 sum
509 2644 557 2672 ea
574 2625 769 2672 dicturus
790 2625 927 2673 modo
946 2644 1054 2686 quae
1075 2644 1218 2673 meam
1236 2643 1432 2672 seorsum
1455 2626 1685 2685 respiciant
1706 2624 1933 2672 dumtaxat

124 2711 311 2749 causam,
331 2693 408 2740 sed
426 2694 646 2754 pertinere
666 2693 720 2740 ad
739 2711 871 2740 omne
890 2711 1029 2754 prope
1054 2693 1295 2740 humanum
1317 2711 1464 2753 genus,
1489 2694 1533 2739 in
1554 2692 1675 2753 quod
1697 2692 1937 2739 insolenter

124 2776 254 2822 atque
271 2761 508 2808 immodice
527 2761 637 2808 adeo
655 2776 825 2809 exercet
841 2762 926 2808 iam
945 2761 1124 2822 Cupido
1144 2762 1392 2822 imperium,
1412 2761 1656 2808 videantur.
1673 2761 1759 2807 Vix
1777 2760 1932 2821 puber-

124 2830 224 2876 tatis
241 2848 452 2877 noveram
469 2830 726 2891 primordia,
748 2830 923 2886 iudices,
943 2848 1044 2877 cum
1064 2848 1132 2877 me
1150 2831 1374 2877 venenatis
1392 2829 1476 2886 ille,
1495 2830 1569 2890 qui
1588 2830 1719 2876 etiam
1738 2829 1937 2876 divinita-

124 2912 215 2945 tem
234 2897 343 2945 falso
363 2899 506 2954 iactat,
524 2898 807 2954 blanditiolis,
829 2898 985 2959 quibus
1005 2899 1192 2959 turpiter
1208 2899 1348 2945 utitur
1362 2916 1445 2958 pro
1466 2899 1609 2954 armis,
1629 2912 1676 2944 ut
1694 2915 1737 2944 se
1755 2897 1935 2944 tandem

123 2984 328 3027 sequerer
357 2966 548 3027 pellexit.
581 2971 862 3027 Inexpertum
894 2985 1054 3022 rerum,
1088 2967 1312 3013 incautum
1343 2984 1631 3026 securumque
1665 2966 1809 3012 omnis
1842 2964 1933 3011 doli

204 3185 221 3207 ‘¹
239 3180 301 3218 Ed.
321 3180 392 3218 and
408 3180 530 3218 transl.
550 3183 626 3225 Par,
648 3184 790 3218 114-16.
