2072 3450
150 170 242 210 556
819 168 877 208 V:
908 169 930 208 8
1504 174 1757 209 TEXTUAL
1781 175 1957 210 NOTES

236 310 278 333 ¹⁵0
292 312 335 350 ad
350 313 633 350 ostentationem
646 311 766 349 videar
780 312 888 361 magis
904 314 970 349 Mo

236 363 275 385 ¹⁵¹
291 365 358 402 Sed
373 395 380 402 .
396 395 403 402 .
419 395 426 402 .
442 364 528 402 haec
542 365 729 402 veritatem
744 367 781 402 in
796 364 996 413 margadd„
1012 377 1115 414 atque
1130 395 1137 402 .
1154 395 1161 402 .
1177 395 1184 402 .
1197 366 1331 414 possim
1348 379 1414 402 om.
1426 376 1502 414 post
1516 367 1582 402 Mo

236 417 277 439 ¹⁵²
291 421 390 457 Cum
405 449 413 456 .
428 449 436 456 .
453 449 460 456 .
474 418 636 456 forsitan:
651 421 749 456 Nam
765 430 799 456 et
814 418 899 456 haec
913 433 1056 468 quoque
1071 418 1220 456 forsitan
1235 420 1305 456 iam
1320 433 1359 456 ex
1372 418 1438 456 Sed
1453 433 1625 468 quorsum
1642 418 1727 457 haec
1740 418 1860 457 forsan

285 471 505 521 sup.lin.corr.
524 473 590 509 Mo

236 523 276 546 ¹⁵³
291 527 482 573 Quorsum
495 536 653 574 suprascr.
672 527 738 562 Mo

236 575 277 598 ¹⁵⁴
291 577 437 626 quidam
452 577 655 626 ducantque
669 588 826 625 suprascr.
845 579 910 613 Mo

236 629 276 651 ¹⁵⁵
291 643 415 668 nostra
426 630 504 668 add.
522 633 588 668 Mo

236 681 277 704 ¹⁵⁶
291 683 410 721 filium
424 684 498 720 eius
512 694 669 732 suprascr.
688 685 754 720 Mo

236 735 277 758 ¹⁵⁷
291 752 329 775 ex
343 738 449 775 errati
462 751 545 774 corr.
562 736 606 774 ed

236 787 276 810 ¹⁵⁸
292 790 328 827 in
343 790 638 827 Deuteronomio
651 788 863 838 sup.lin.add.
882 791 948 826 Mo

236 841 277 864 ¹⁵⁹
290 843 437 881 tandem
452 858 491 881 ex
504 855 538 881 et
551 842 763 893 sup.lin.add.
782 845 848 880 Mo

236 894 277 916 ¹⁶⁰
291 895 415 934 malim
430 911 465 934 se
481 895 608 933 habeat

235 948 275 970 ¹⁶¹
290 952 389 988 Deus
405 951 533 999 quietis
549 980 555 987 .
572 980 579 987 .
595 980 602 987 .
617 949 876 987 consolationis
890 952 927 987 in
942 949 1127 998 margadd.
1145 952 1211 987 Mo

235 1000 276 1023 ¹⁶²
291 1017 358 1040 nos
370 1002 434 1040 del.
451 1005 517 1040 Mo

235 1054 276 1077 ¹⁶³
290 1056 492 1106 periculum
506 1071 577 1094 esse
592 1071 631 1094 ex
643 1055 722 1094 fore
734 1055 952 1106 sup.lin.corr.
971 1058 1037 1094 Mo

235 1107 276 1130 ¹⁶⁴
290 1122 330 1147 ut
345 1124 419 1154 mo;
436 1124 481 1147 ne
495 1109 539 1147 ed

235 1161 275 1184 ¹⁶⁵
290 1179 367 1201 non
379 1175 537 1213 suprascr.
556 1166 622 1200 Mo

235 1214 276 1236 ¹⁶⁶
288 1228 446 1265 suprascr.
465 1218 531 1253 Mo

235 1268 276 1290 ¹⁶⁷
290 1270 418 1319 populi
431 1269 493 1307 del.
511 1272 577 1307 Mo

235 1320 275 1342 ¹⁶⁸
289 1321 436 1359 tandem
450 1321 512 1359 del.
530 1324 596 1359 Mo

235 1373 276 1395 ¹⁶⁹
290 1375 545 1413 administrata:
563 1374 894 1412 administratantur
907 1377 973 1412 Mo

235 1425 262 1447 ¹⁷
262 1425 276 1448 ⁰
289 1427 444 1477 denique
459 1442 498 1465 ex
510 1427 656 1465 tandem
670 1427 889 1476 sup.lin.corr.
907 1429 973 1465 Mo

235 1479 274 1502 ¹⁷¹
290 1494 395 1531 atque
410 1484 477 1519 Mo

235 1532 275 1554 ¹⁷²
290 1535 423 1572 iustitie
436 1533 498 1572 del.
516 1536 582 1571 Mo

234 1585 275 1608 ¹⁷³
290 1589 464 1637 quoniam
479 1603 518 1625 ex
530 1589 558 1625 si
572 1603 655 1625 corr.
673 1590 739 1625 Mo

234 1639 275 1661 ¹⁷⁴
289 1642 397 1678 etiam
412 1640 525 1678 invidi
538 1641 566 1678 si
581 1641 641 1690 qui
656 1653 739 1678 sunt
751 1640 814 1678 del.
831 1643 897 1677 Mo

234 1692 274 1714 ¹⁷⁵
289 1695 372 1732 Irati
386 1707 445 1732 aut
458 1694 521 1732 del.
538 1697 605 1732 Mo

234 1745 275 1767 ¹⁷⁶
289 1747 488 1796 perturbati
502 1749 580 1791 Mo;
594 1746 775 1796 pertubati
789 1746 832 1784 de

234 1798 275 1820 ¹⁷⁷
289 1800 404 1838 levior
416 1815 455 1838 ex
469 1801 517 1838 ita
530 1801 653 1838 minor
665 1799 883 1849 sup.lin.corr.
902 1803 968 1838 Mo

234 1851 274 1873 ¹⁷⁸
289 1865 323 1890 et
337 1868 376 1890 ex
388 1865 428 1890 ut
443 1867 526 1890 corr.
543 1855 610 1890 Mo

233 1904 274 1927 ¹⁷⁹
288 1909 328 1944 In
344 1922 417 1956 quo
433 1937 439 1944 .
457 1937 464 1944 .
480 1937 487 1944 .
500 1906 588 1944 vale.
600 1909 697 1944 Ante
707 1906 797 1944 hanc
807 1909 987 1944 sectionem
1001 1906 1081 1944 haec
1094 1906 1196 1944 verba
1208 1906 1345 1944 addidit
1357 1917 1389 1944 et
1400 1905 1538 1955 spartim
1554 1905 1616 1955 bis)
1626 1905 1754 1944 delevit
1765 1908 1843 1944 Mo:
1857 1918 1927 1944 stu-

283 1959 385 1997 dium
400 1974 464 2008 per
478 1974 512 1997 se
528 1974 599 1997 esse
614 1974 678 2008 per
691 1974 726 1996 se
741 1959 845 1996 debet
862 1960 898 1996 in
914 1959 1042 2008 quibus
1057 1959 1201 2008 quidem
1217 1974 1292 1996 non
1306 1960 1425 1996 minus
1441 1959 1544 1996 rebus
1559 1958 1603 1996 ad
1618 1958 1890 2008 repugnandum

283 2013 450 2062 periculis
464 2025 498 2050 et
513 2013 719 2062 bellumque
734 2028 802 2062 pro
818 2013 1085 2062 reprimendum
1101 2025 1135 2050 et
1149 2012 1405 2062 propulsandas
1419 2025 1475 2050 tot
1489 2025 1673 2061 tantasque
1689 2013 1888 2050 immeritis·

283 2066 380 2102 simis
398 2095 405 2102 .
421 2095 428 2102 .
444 2095 451 2102 .
469 2064 508 2113 (?)
525 2066 593 2102 nisi
608 2064 713 2102 fallor
727 2066 872 2102 iniurias
886 2065 972 2102 hinc
985 2077 1088 2114 atque
1105 2065 1186 2102 inde
1200 2064 1455 2114 propulsandas
1471 2065 1756 2102 immeritissimis
1772 2065 1840 2102 nisi
1854 2063 1960 2102 fallor

285 2118 407 2156 illatas.
422 2118 551 2156 Danda
566 2133 675 2167 opera
689 2130 739 2155 est
753 2133 896 2167 quoque
912 2133 957 2155 ne
971 2119 1019 2155 ita
1033 2118 1136 2155 nudis
1151 2118 1267 2156 verbis
1281 2130 1408 2155 contra
1422 2119 1630 2167 ineptorum
1643 2117 1838 2155 hominum
1852 2117 1903 2155 lo-

284 2172 499 2220 quacitatem
514 2183 619 2220 atque
634 2170 869 2220 petulantiam
883 2170 1033 2208 velimus
1048 2182 1082 2208 et
1097 2171 1162 2220 ipsi
1177 2185 1303 2208 eorum
1319 2171 1450 2208 imitari
1465 2184 1582 2208 mores
1598 2184 1687 2219 quos
1702 2184 1846 2219 arguere
1859 2184 1962 2207 amor

283 2225 417 2274 patriae
432 2225 547 2273 coegit
563 2224 713 2272 (necesse
730 2224 798 2262 fuit
812 2224 890 2262 fieri
904 2225 1127 2273 procaciores
1141 2225 1177 2261 in
1193 2224 1279 2262 alios
1295 2223 1334 2272 (?)
1351 2223 1441 2272 fieri)
1456 2223 1644 2262 scribendo
1659 2224 1894 2273 procaciores.

283 2277 380 2314 Vale.

232 2328 274 2351 ¹⁸⁰
287 2330 400 2368 Kalan
415 2361 422 2368 .
440 2361 447 2368 .
463 2361 470 2368 .
487 2361 494 2368 .
508 2333 914 2368 MCCCCLXXXXVI
930 2345 996 2368 om.
1013 2333 1079 2368 Mo

233 2381 242 2403 ¹
257 2383 317 2421 Ad
331 2398 391 2421 eos
407 2384 468 2433 qui
483 2383 631 2432 legerint
647 2394 826 2432 tamquam
842 2382 982 2420 titulum
995 2394 1094 2432 supra
1107 2382 1184 2420 add.
1202 2385 1267 2420 Mo

229 2435 243 2457 ²
258 2452 297 2474 ea
311 2437 354 2474 ab
368 2452 403 2474 se
418 2438 557 2486 scriptis
566 2448 643 2486 post
657 2438 718 2486 qui
730 2437 792 2474 del.
810 2439 876 2474 Mo

230 2487 242 2510 ³
258 2489 447 2527 informari
462 2502 588 2527 curant
597 2500 674 2538 post
687 2490 903 2538 scripserunt
915 2489 978 2526 del.
995 2492 1061 2526 Mo

229 2542 243 2563 ⁴
257 2544 325 2580 nisi
340 2543 446 2580 fallor
458 2542 633 2592 sup.lin.ex
648 2555 688 2580 ut
702 2543 792 2580 mihi
807 2542 918 2580 videri
933 2542 1022 2580 solet
1036 2557 1118 2580 corr.
1135 2545 1201 2580 Mo

230 2593 242 2615 ⁵
258 2595 447 2632 informari
461 2596 649 2644 patiuntur
660 2595 886 2644 sup.lin.add.‚
902 2607 1028 2632 curant
1037 2606 1112 2644 post
1127 2594 1313 2632 informari
1326 2594 1388 2632 del.
1405 2597 1471 2631 Mo

229 2647 243 2669 ⁶
257 2661 297 2686 ut
312 2648 348 2686 id
362 2679 369 2686 .
385 2679 392 2686 .
410 2679 416 2686 .
431 2648 723 2698 reprehenderim
737 2663 803 2686 om.
820 2651 886 2686 Mo

230 2699 243 2721 ⁷
257 2716 359 2739 causa
374 2704 452 2746 Mo;
467 2716 548 2739 ausa
563 2701 606 2739 ed

230 2753 242 2775 ⁸
257 2755 362 2793 fuisse
377 2770 416 2793 ex
430 2770 487 2793 me
502 2770 584 2792 corr.
602 2758 669 2792 Mo

229 2805 243 2827 ⁹
257 2819 362 2855 atque
378 2807 639 2856 magistratibus
650 2818 726 2855 post
740 2808 826 2844 meis
840 2806 917 2844 add.
934 2809 1000 2843 Mo

232 2858 259 2880 ¹⁰
272 2861 381 2909 magis
397 2890 404 2897 .
422 2890 429 2897 .
445 2890 452 2897 .
468 2861 590 2897 animo
604 2859 815 2909 sup.lin.add.
834 2862 899 2896 Mo

232 2910 256 2931 ¹¹
273 2913 387 2949 istam:
404 2912 496 2949 hanc
511 2915 577 2949 Mo

233 2963 258 2985 ¹²
273 2965 385 3003 modo
401 2980 467 3003 om.
485 2968 551 3003 Mo

233 3015 258 3037 ¹³
273 3019 480 3066 impositam
496 3032 562 3055 om.
580 3020 646 3055 Mo

233 3069 258 3091 ¹⁴
273 3072 321 3108 ita
329 3082 406 3120 post
420 3072 481 3120 qui
494 3070 556 3108 del.
574 3073 640 3108 Mo

233 3121 257 3143 ¹⁵
272 3122 519 3160 defensionem
534 3138 573 3160 ex
586 3137 725 3160 causam
740 3122 1055 3171 defensionemque
1071 3137 1153 3160 corr.
1171 3124 1236 3159 Mo

232 3174 258 3196 ¹⁶
272 3179 351 3214 Nec
365 3191 452 3213 vero
467 3206 475 3213 .
490 3206 497 3213 .
515 3206 522 3213 .
536 3189 597 3213 est:
613 3178 693 3214 Nec
707 3191 793 3213 vero
807 3177 859 3213 vis
874 3177 1072 3213 amicorum
1088 3206 1095 3213 .
1112 3206 1119 3213 .
1135 3206 1142 3213 .
1155 3175 1266 3213 valuit
1280 3205 1288 3212 .
1304 3205 1312 3212 .
1327 3205 1334 3212 .
1349 3205 1357 3212 .
1372 3174 1559 3223 Quaedam
1575 3186 1694 3211 autem
1709 3188 1786 3211 non
1799 3172 1913 3210 indul-
