2124 3458
110 199 292 232 ESSAYS
1811 189 1897 230 401

194 339 267 383 Est
296 350 443 382 autem
471 333 724 395 respublica,
755 349 801 381 ut
830 334 874 380 in
904 348 1097 381 mentem
1126 333 1262 381 modo
1289 334 1423 390 venit,
1451 334 1494 380 in
1523 351 1661 380 unum
1692 349 1914 394 aggregata

111 402 352 450 multitudo
389 402 731 449 commodorum
769 402 904 461 gratia
937 402 1234 461 propriorum,
1276 419 1328 448 ex
1362 401 1558 461 pluribus
1599 401 1752 448 melius
1789 402 1909 461 quasi

109 470 382 518 adiutoribus
406 487 537 530 quam
560 487 611 516 ex
632 468 867 516 solitudine
888 469 1258 529 provenientium.
1285 469 1493 515 Arbitror
1514 469 1631 515 enim
1657 486 1749 515 non
1772 468 1910 515 aliena

109 555 236 585 causa
256 537 332 585 sed
352 555 428 584 sua
452 538 496 583 in
521 551 698 584 coetum
721 537 974 583 convenisse
998 536 1261 597 quandoque
1286 535 1486 583 homines
1511 550 1553 583 et
1575 537 1803 583 communi
1829 537 1909 583 uti-

109 605 221 653 litati
239 606 463 652 inservisse
482 619 531 651 ut
550 622 603 651 ex
620 604 794 665 publica
813 603 991 651 tandem
1010 603 1175 651 facilius
1194 618 1566 664 consequerentur
1583 621 1718 650 suam.
1741 603 1909 650 Fallun-

109 688 182 721 tur
200 691 307 720 vero
326 672 519 733 quidam,
541 673 616 733 qui
635 690 687 719 ex
708 672 792 719 hoc
810 672 1029 732 principio
1050 672 1219 733 privata
1235 686 1391 732 putant
1412 671 1694 719 anteferenda
1707 671 1905 732 publicis.

109 745 275 789 Verum
298 742 333 788 si
358 741 403 787 in
426 740 605 801 publico
630 740 752 787 bono
778 739 931 787 melius
955 739 1005 787 fit
1028 741 1248 800 privatum
1272 754 1401 800 atque
1423 739 1602 795 facilius,
1626 740 1721 800 quis
1745 739 1912 787 dubita-

109 810 220 856 verit
243 808 350 856 illud
375 823 642 869 anteponere
663 823 847 869 propter
871 808 991 869 quod
1016 807 1199 855 alterum
1222 809 1275 855 sit
1301 807 1454 855 melius
1481 810 1497 854 ?
1520 812 1679 868 Neque
1705 825 1822 855 nunc
1847 822 1909 855 est

110 877 220 924 mihi
243 876 295 924 de
316 876 475 923 finium
500 876 729 923 nobilitate
751 875 1061 923 disserendum.
1089 880 1137 922 In
1158 875 1314 936 quibus
1338 875 1516 936 quidem
1538 876 1573 922 si
1596 875 1717 936 quod
1739 876 1909 922 animus

110 944 219 991 mihi
242 945 441 1005 ratioque
462 944 612 991 suadet
636 944 956 1005 explicaverim,
978 943 1243 991 invidiosum
1269 945 1349 991 erit
1369 958 1554 1004 propter
1575 961 1648 990 eos
1670 944 1745 1004 qui
1767 943 1819 990 de
1843 943 1908 990 his

107 1013 388 1074 scripserunt,
413 1030 436 1060 a
457 1030 647 1073 quorum
672 1011 786 1059 forte
808 1029 978 1059 necesse
1000 1011 1113 1059 foret
1136 1012 1345 1073 opinione
1370 1011 1605 1073 aliquando
1628 1011 1866 1059 dissentire.

192 1081 276 1129 Sed
296 1082 376 1128 ista
395 1081 671 1128 omittantur.
695 1080 939 1128 Redeamus
959 1080 1012 1128 ad
1031 1080 1358 1142 rempublicam.
1383 1085 1443 1128 Ea
1461 1098 1568 1128 vero
1586 1081 1781 1141 primum
1805 1080 1910 1141 dup—

108 1149 177 1197 lex
202 1164 279 1205 est,
305 1149 496 1196 humana
519 1164 561 1196 et
585 1149 734 1196 civilis.
760 1153 814 1196 Et
840 1149 1076 1196 humanam
1104 1148 1281 1209 quidem
1306 1166 1402 1196 eam
1426 1148 1599 1209 appello
1624 1166 1733 1209 quae
1758 1163 1913 1195 natura

107 1217 267 1273 solum,
289 1234 381 1263 non
402 1217 533 1263 etiam
555 1216 789 1263 hominurn
812 1216 1095 1276 opinionibus
1118 1217 1383 1263 continetur.
1405 1219 1555 1275 Quam
1575 1217 1611 1263 si
1629 1234 1912 1276 sequeremur

109 1284 281 1340 ducem,
304 1302 458 1331 omnes
480 1284 643 1331 eisdem
666 1299 891 1331 uteremur
911 1284 1119 1331 institutis
1141 1298 1183 1331 et
1203 1284 1380 1344 legibus,
1406 1302 1486 1331 nec
1508 1298 1647 1331 essent
1670 1302 1748 1331 cur
1767 1298 1840 1331 aut
1864 1283 1908 1330 hi

110 1353 323 1413 imperare
346 1367 418 1399 aut
441 1352 502 1398 illi
524 1351 649 1399 liberi
672 1370 759 1399 esse
782 1351 1112 1399 contenderent.
1134 1356 1187 1399 Et
1208 1352 1324 1399 beati
1344 1353 1603 1408 viveremus,
1627 1351 1734 1399 nudi
1757 1366 1798 1399 et
1818 1352 1910 1399 sine

110 1420 269 1468 rubore
298 1435 470 1467 tuentes
497 1420 654 1480 singuli
683 1438 783 1467 eum
811 1419 974 1476 locum,
1004 1420 1049 1466 in
1077 1438 1167 1480 quo
1194 1421 1355 1467 creavit
1383 1438 1463 1467 nos
1490 1423 1611 1467 Deus
1639 1438 1687 1467 ac
1713 1419 1766 1467 de
1790 1419 1911 1480 ligno

108 1488 216 1536 boni
239 1503 281 1536 et
300 1488 403 1535 mali
424 1506 478 1535 ne
498 1488 829 1535 comederemus
848 1489 1080 1549 praecepit.
1100 1488 1183 1535 Sed
1203 1506 1283 1535 nos
1302 1489 1551 1548 transgressi
1572 1488 1772 1535 divinum
1793 1506 1911 1535 man-

109 1556 276 1612 datum,
292 1556 415 1612 idest,
433 1571 611 1603 naturae
625 1556 786 1603 limites
803 1556 1099 1612 desciscentes,
1116 1574 1139 1603 a
1152 1557 1293 1617 patria
1307 1556 1530 1603 exulamus
1547 1574 1595 1603 ac
1609 1571 1677 1603 tot
1693 1557 1912 1616 tantisque

109 1624 321 1685 implicati
337 1624 474 1680 malis,
490 1624 881 1671 incommodorum
898 1638 1111 1671 sectantes
1124 1623 1305 1684 diffugia
1317 1624 1642 1671 commutandis
1658 1624 1765 1671 locis
1780 1625 1910 1671 mori·

108 1692 274 1753 busque
310 1691 528 1739 veterno¹¹
568 1691 669 1739 huic
704 1693 818 1739 vitae
852 1692 961 1739 adeo
996 1692 1306 1739 immedicabili
1344 1692 1535 1739 remedia
1569 1692 1669 1739 inde
1703 1693 1907 1752 petimus,

107 1760 224 1808 unde
246 1761 517 1807 incrementa
536 1778 661 1820 saepe
683 1759 900 1807 malorum
923 1761 1249 1821 superveniunt.
1274 1764 1422 1821 Atque
1445 1759 1547 1807 hinc
1568 1759 1761 1821 quidem,
1784 1774 1832 1807 ut
1854 1761 1913 1806 vi-

108 1828 201 1876 deri
229 1828 339 1874 mihi
367 1828 492 1885 solet,
524 1846 674 1875 orsum
706 1828 835 1875 habet
864 1828 935 1875 illa
964 1828 1204 1889 respublica
1233 1846 1364 1889 quam
1393 1828 1566 1875 civilem
1596 1827 1908 1889 appellavimus

108 1914 327 1956 quamque
343 1914 473 1956 supra
489 1895 793 1952 diffinivimus,
814 1911 855 1943 et
871 1896 924 1943 de
940 1914 1025 1956 qua
1040 1896 1166 1943 nobis
1185 1914 1302 1943 nunc
1320 1896 1519 1943 habenda
1534 1897 1678 1943 oratio
1693 1911 1769 1943 est.
1786 1900 1908 1943 Nam

109 1963 227 2010 illam
253 1963 434 2010 alteram
458 1964 684 2010 iustiorem
713 1963 856 2010 multo
879 1964 1229 2024 sanctioremque
1256 1963 1571 2024 rempublicam
1599 1964 1644 2009 in
1668 1965 1913 2024 praesentia

108 2030 350 2078 describere
368 2031 558 2078 alienum
578 2046 653 2078 est.
672 2031 825 2078 Civilis
844 2046 990 2078 autem
1006 2046 1073 2078 tot
1090 2049 1228 2092 prope
1244 2046 1345 2078 sunt
1363 2032 1525 2092 species
1543 2046 1651 2092 quot
1667 2046 1827 2092 gentes.
1847 2035 1911 2077 Ex

108 2098 358 2146 diversitate
380 2117 569 2159 namque
595 2100 823 2159 regionum
850 2099 1072 2146 diversitas
1095 2098 1145 2146 fit
1168 2099 1357 2146 vivendi.
1382 2099 1514 2146 Unde
1538 2098 1651 2146 fiunt
1674 2099 1786 2159 leges
1809 2117 1910 2146 con-

107 2166 445 2227 suetudinesque
473 2184 565 2213 non
591 2166 783 2213 diversae
810 2166 960 2223 modo,
987 2167 1063 2214 sed
1086 2166 1328 2228 plerunque
1356 2168 1598 2214 contrariae
1625 2167 1739 2214 inter
1762 2185 1818 2213 se.
1845 2171 1910 2212 Ex

108 2234 266 2295 quibus
286 2234 556 2282 diversitates
571 2252 746 2295 quoque
764 2249 805 2282 et
821 2235 1063 2282 contrariae
1076 2235 1317 2296 positiones
1336 2235 1540 2282 oriuntur
1557 2253 1703 2282 rerum
1720 2234 1910 2296 publica-

109 2320 220 2350 rum.
249 2307 368 2350 Inter
388 2321 493 2363 quas
516 2302 737 2350 difficilius
762 2302 943 2350 forsitan
968 2302 1097 2350 fuerit
1123 2321 1336 2364 quaenam
1360 2303 1555 2364 eligenda
1576 2304 1629 2350 sit
1651 2304 1799 2364 potius
1825 2303 1911 2363 dig·

110 2388 288 2417 noscere
306 2371 549 2431 quibusque
569 2388 645 2418 sua
663 2385 704 2418 et
721 2389 831 2431 quos
851 2371 1104 2418 imbiberint
1125 2389 1148 2418 a
1163 2372 1316 2432 primis
1335 2372 1459 2418 annis
1479 2389 1623 2418 mores
1639 2389 1910 2432 praeponen-

109 2438 236 2485 tibus.
265 2443 364 2485 Nos
390 2453 535 2485 autem
562 2457 653 2485 non
679 2457 787 2499 quae
812 2438 866 2486 ad
889 2439 1237 2486 mediocritatem
1261 2440 1458 2500 respiciat
1484 2440 1631 2499 magis,
1656 2454 1704 2486 ut
1730 2439 1909 2500 quidam

107 2514 411 2567 putaverunt‚¹¹
432 2506 508 2554 sed
530 2524 638 2567 quae
661 2508 883 2554 accesserit
905 2507 959 2554 ad
980 2522 1157 2554 naturae
1179 2508 1395 2554 rationem
1416 2508 1707 2568 propinquius
1733 2507 1908 2568 reliquis

107 2589 324 2635 praestare
347 2574 545 2631 dicimus,
570 2593 694 2635 quae,
718 2574 793 2622 illo
817 2576 937 2636 quasi
962 2575 1114 2622 relicto
1135 2576 1310 2631 vertice,
1333 2576 1473 2622 immo
1498 2593 1604 2622 vero
1623 2575 1714 2622 sole
1739 2590 1912 2622 nostrae

107 2643 483 2702 peregrinationis,
522 2643 669 2690 multis
702 2661 827 2703 saepe
861 2644 1001 2703 agitur
1033 2643 1252 2690 erroribus
1287 2643 1342 2690 ad
1373 2644 1687 2704 interitumque
1720 2658 1909 2690 maturat

108 2727 313 2770 gressum.

192 2779 362 2824 Tamen
375 2795 484 2838 quae
498 2779 642 2825 minus
655 2778 963 2839 improbantur
977 2793 1063 2825 tres
1073 2793 1173 2825 sunt
1188 2778 1473 2839 regendarum
1486 2778 1653 2826 formae
1665 2779 1907 2825 civitatum.

110 2849 201 2892 Aut
222 2846 341 2892 enim
364 2863 476 2892 unus
499 2860 614 2893 recte
632 2846 858 2906 gubernat,
882 2861 923 2893 et
943 2846 1103 2894 dicitur
1123 2864 1317 2907 regnum.
1342 2850 1433 2894 Aut
1454 2864 1608 2893 omnes
1630 2847 1704 2907 qui
1725 2847 1912 2893 civitatis

110 2914 174 2960 ius
206 2913 382 2969 habent,
411 2928 453 2960 et
483 2914 739 2961 nominatur
769 2914 1020 2975 respublica.
1054 2918 1144 2961 Aut
1174 2914 1330 2962 delecti
1357 2914 1535 2975 quidam
1566 2914 1762 2961 moribus
1792 2932 1911 2975 prae-

190 3199 206 3214 ¹²
225 3194 282 3232 Cf.
303 3194 487 3239 Aristotle,
504 3195 639 3233 Politics
658 3199 806 3239 IV,1295
826 3196 903 3233 a—b.
