2118 3444
105 174 295 208 PUBLIC
323 172 603 206 ORATIONS
1814 159 1907 199 217

105 311 311 368 [ratione]
334 308 558 364 ductandi,
580 308 672 355 sIne
695 307 850 354 ordine
873 306 1021 367 aliquo
1046 305 1262 352 militandi
1286 322 1465 365 remque
1489 303 1754 351 defendendi
1773 303 1913 364 publi-

105 396 201 427 cam
222 377 538 439 publicumque
561 377 703 423 otium
728 390 770 422 et
789 374 1150 435 tranquillitatem
1173 372 1460 420 conservandi
1481 370 1742 433 degeretis.¹⁹
1766 375 1915 432 Itaque

105 447 159 494 ad
199 446 516 493 Constantium
561 445 858 491 Pisaurensem
899 443 1145 503 principem
1190 459 1242 488 ex
1282 438 1637 488 Sfortiadarum²⁰
1678 440 1913 487 clarissima

105 514 283 570 familia,
301 513 355 560 de
370 530 461 573 quo
475 512 610 573 paulo
626 526 726 572 post
744 511 952 566 dicemus,
971 509 1254 557 intenderunt
1271 510 1442 556 animos
1461 523 1503 555 et
1519 508 1677 555 ducem
1694 507 1913 554 militandi

103 596 299 630 vestrum
320 581 657 628 constituerunt.
680 582 750 626 De
771 579 1023 625 necessitate
1042 578 1173 638 igitur
1194 576 1383 624 habendi
1402 576 1679 637 imperatoris
1698 576 1910 636 primum,

104 650 158 698 de
175 651 440 710 imperatore
457 649 552 709 ipso
572 647 744 703 deinde,
761 661 989 708 postremo
1009 645 1062 693 de
1078 645 1265 692 utilitate
1280 644 1606 692 deliberationis
1626 643 1753 691 huius
1773 643 1914 704 deque

104 717 398 779 imperatoriis
421 715 660 776 insignibus
685 716 766 762 erit
786 711 1074 762 dicendum.²¹

187 790 242 833 Et
266 785 495 832 necessitas
516 783 695 845 quidem
718 782 870 830 eadem
892 800 1001 843 quae
1024 800 1048 829 a
1067 782 1287 843 principio
1310 781 1479 842 palatos
1502 799 1555 828 ex
1576 781 1686 841 agris
1711 780 1913 827 homines

103 854 246 914 coegit
272 854 318 899 in
343 870 483 900 unum
510 852 660 899 locum
687 852 969 911 civitatesque
994 851 1236 905 constituit,
1263 867 1383 896 arma
1407 867 1584 910 quoque
1611 848 1666 895 ad
1688 863 1915 895 externam

101 920 447 983 propulsandam
465 935 595 981 atque
610 919 842 966 arcendam
857 920 947 965 vim
964 919 1239 978 excogitavit.
1255 917 1380 977 Quid
1395 916 1640 964 effecissent
1655 916 1835 964 tandem
1851 916 1913 962 illi

103 989 298 1051 quidem,
315 990 350 1036 si
369 988 619 1048 congregati
636 987 748 1048 leges
763 1002 952 1043 tantum,
971 986 1128 1047 quibus
1146 987 1262 1033 inter
1276 1003 1320 1032 se
1338 985 1574 1032 commode
1591 986 1806 1040 viverent,
1822 1002 1915 1031 san-

102 1058 279 1113 xissent,
307 1071 349 1103 at
374 1054 486 1117 qui²2
513 1073 582 1102 eas
606 1055 878 1102 custodirent
904 1055 1080 1115 quique,
1107 1054 1183 1100 ubi
1209 1071 1319 1114 opus
1347 1052 1476 1109 foret,
1502 1053 1583 1100 otii
1609 1052 1911 1100 turbatoribus

103 1126 365 1173 obsisterent
383 1142 564 1185 remque
580 1141 734 1171 eorum
749 1123 972 1184 publicam
988 1122 1153 1169 viribus
1170 1137 1300 1183 atque
1315 1122 1445 1169 armis
1460 1136 1703 1178 tuerentur,
1719 1120 1913 1181 neglexe-

103 1195 213 1241 rint?
230 1193 371 1252 Quod
387 1207 436 1240 ut
453 1193 623 1239 ratione
642 1191 923 1239 manifestum
942 1206 1019 1247 est,
1037 1192 1096 1238 ita
1111 1209 1266 1238 eorum
1284 1208 1475 1251 quoque,
1494 1191 1570 1251 qui
1587 1189 1640 1237 de
1655 1189 1783 1237 rebus
1800 1189 1908 1250 pub-

102 1262 195 1309 licis
215 1275 448 1322 praecepta
467 1260 757 1315 tradiderunt,
777 1259 1034 1306 doctissimo
1057 1259 1315 1306 testimonio
1337 1258 1666 1319 comprobatur.

186 1330 291 1376 Tria
318 1330 437 1376 enim
466 1346 624 1389 genera
653 1327 810 1389 quibus
840 1341 1091 1374 constarent
1119 1326 1248 1374 urbes
1274 1327 1422 1387 posuit
1455 1325 1767 1387 Hippodamus
1799 1325 1916 1386 apud

102 1391 425 1445 Aristotelem:b
447 1414 602 1444 eorum
623 1414 763 1443 unum
786 1397 861 1457 qui
882 1413 1005 1456 agros
1026 1395 1221 1442 colerent
1242 1395 1296 1442 ad
1314 1395 1522 1442 alimenta
1538 1394 1910 1442 subministranda

102 1464 318 1522 civibus;²³
347 1465 534 1512 alterum
558 1464 772 1525 opificum
800 1464 854 1511 ad
875 1465 1013 1511 varias
1036 1464 1150 1510 vitae
1175 1463 1390 1510 humanae
1416 1462 1769 1518 commoditates;
1796 1463 1914 1509 terti-

101 1553 179 1582 um
198 1552 354 1582 eorum
374 1535 450 1595 qui
468 1551 589 1581 arma
607 1532 771 1580 ferrent
788 1547 942 1580 contra
961 1533 1150 1580 iniurias.
1172 1536 1226 1579 Et
1245 1531 1348 1579 belli
1365 1531 1706 1593 propulsatores,
1730 1531 1805 1592 qui
1826 1530 1911 1578 hoc

102 1604 439 1651 continerentur
454 1620 625 1663 genere,
643 1601 890 1663 appellavit,
907 1619 1017 1662 quos
1036 1600 1214 1662 quidem
1231 1600 1389 1657 Plato,c
1406 1601 1481 1661 qui
1498 1615 1541 1647 et
1558 1601 1647 1661 ipse
1664 1599 1911 1661 praeclaros

103 1671 199 1718 illos
219 1671 272 1718 de
292 1670 515 1731 republica
534 1671 791 1731 conscripsit
812 1669 960 1726 libros,
982 1684 1111 1716 vocat
1130 1669 1345 1725 custodes,
1366 1668 1488 1729 quod
1509 1668 1625 1715 idem
1644 1668 1772 1715 valet.
1793 1669 1910 1715 Aris—

101 1733 278 1787 totelesd
299 1753 447 1786 autem
468 1756 542 1786 sex
565 1738 757 1799 indigere
780 1738 907 1785 rebus
931 1738 1127 1785 civitates
1146 1752 1194 1785 ut
1217 1737 1439 1785 absolutae
1463 1751 1603 1784 essent
1626 1755 1675 1784 ac
1693 1736 1913 1797 perfectae

101 1808 282 1854 censuit:
308 1806 540 1863 alimentis,
562 1806 809 1867 opificibus,
834 1807 978 1862 armis,
998 1806 1208 1867 pecuniis,
1230 1806 1373 1861 sacris,
1397 1805 1580 1861 iudiciis,
1602 1823 1692 1866 quo
1714 1805 1847 1852 etiam
1868 1806 1913 1851 in

99 1893 257 1936 genere
275 1890 498 1922 senatores
518 1890 559 1922 et
575 1889 721 1935 patres
739 1874 984 1921 collocavit.
1005 1877 1152 1921 Partes
1169 1889 1316 1921 autem
1336 1874 1523 1921 civitatis
1540 1874 1770 1920 constituit
1790 1873 1909 1930 duas,

99 1959 355 1991 senatorum
376 1958 418 1991 et
438 1942 644 1990 militurn.
668 1946 875 1990 Ceteram
894 1942 1083 1999 turbam,
1105 1943 1183 1990 etsi
1202 1943 1486 1989 necessariam
1504 1957 1552 1989 ut
1572 1943 1698 1989 omni
1719 1960 1771 1989 ex
1788 1956 1912 2002 parte

99 2013 154 2059 sit
177 2011 376 2059 absoluta
400 2012 565 2067 civitas,
587 2026 737 2058 tamen
758 2029 782 2058 a
804 2012 967 2058 civium
992 2028 1087 2058 eam
1111 2028 1299 2058 numero
1322 2011 1574 2071 segregavit,
1597 2010 1719 2071 quod
1743 2025 1785 2057 et
1806 2028 1915 2057 vero

99 2079 240 2127 simile
259 2079 446 2126 videtur.
467 2080 695 2126 Attentius
713 2080 831 2126 enim
851 2078 903 2126 de
922 2078 1144 2140 republica
1163 2079 1373 2139 cogitanti
1392 2078 1464 2125 illa
1481 2079 1527 2124 in
1544 2079 1699 2139 primis
1720 2079 1911 2125 occurrit

100 2147 272 2204 divisio,
292 2163 341 2195 ut
361 2149 447 2195 sint
470 2148 545 2208 qui
563 2147 687 2195 domi
707 2148 808 2204 sint,
829 2148 904 2208 qui
924 2147 1031 2194 foris
1048 2147 1247 2208 publicae
1268 2147 1448 2194 utilitati
1468 2165 1517 2194 ac
1534 2147 1735 2208 dignitati
1756 2165 1909 2194 consu-

100 2216 206 2272 lant,
231 2217 307 2277 qui
332 2216 377 2263 id
401 2216 525 2263 domi
551 2230 594 2263 et
617 2215 910 2263 consultando
936 2230 978 2263 et
1003 2215 1288 2263 deliberando
1311 2215 1491 2271 faciunt,
1515 2230 1674 2276 patres,
1699 2216 1774 2276 qui
1800 2215 1907 2262 foris

100 2284 307 2332 bellando
332 2299 374 2331 et
398 2284 630 2331 tractando
651 2302 784 2340 arma,
809 2284 969 2331 milites
995 2285 1155 2331 merito
1178 2284 1358 2345 antiqua
1379 2283 1671 2344 appellatione
1696 2283 1911 2330 vocaban—

100 2350 222 2400 tur.²⁴
255 2356 463 2400 Ceteram
494 2370 601 2400 vero
632 2352 964 2400 multitudinem
995 2367 1044 2400 ut
1075 2352 1286 2409 aedificia,
1314 2367 1362 2399 ut
1394 2353 1483 2413 agri
1513 2352 1568 2399 ad
1595 2351 1908 2399 sufficientiam

100 2439 189 2468 esse
212 2422 495 2468 necessariam
519 2422 706 2468 civitatis
726 2421 951 2477 duntaxat,
972 2421 1135 2468 civium
1159 2439 1266 2467 vero
1287 2420 1540 2481 dignatione
1563 2421 1745 2467 minime
1770 2421 1908 2467 conti-

101 2506 207 2536 neri.

184 2556 269 2604 Sed
288 2556 491 2617 nunquid
511 2574 622 2617 opus
644 2557 725 2603 erit
746 2557 791 2603 in
812 2557 1034 2617 republica
1054 2557 1204 2604 armis?
1227 2561 1495 2617 Imperatore
1515 2575 1623 2603 vero
1644 2571 1686 2603 et
1706 2556 1815 2603 duce
1836 2557 1911 2617 qui

100 2642 150 2672 ea
173 2624 448 2672 administret
475 2626 682 2685 cuiusque
710 2624 845 2672 ductu
869 2639 998 2686 atque
1023 2626 1222 2685 auspiciis
1249 2624 1362 2672 bella
1385 2639 1604 2685 gerantur,
1631 2642 1723 2671 non
1749 2624 1910 2685 indige-

100 2692 212 2740 bunt
234 2695 375 2740 arma?
395 2697 540 2739 Immo
560 2711 667 2740 vero
685 2694 809 2753 siqua
828 2694 873 2739 in
895 2693 1022 2740 rebus
1043 2693 1244 2740 humanis
1266 2711 1333 2740 ars
1352 2708 1429 2749 est,
1447 2694 1483 2740 si
1504 2692 1626 2753 quod
1644 2692 1855 2749 studium,
1877 2694 1911 2740 si

100 2760 223 2821 quod
241 2761 549 2816 ministerium,
568 2762 604 2808 si
622 2778 708 2821 qua
725 2779 791 2808 res
807 2761 986 2808 tandem
1004 2779 1057 2808 ex
1074 2761 1280 2808 omnibus
1301 2779 1411 2821 quae
1427 2762 1625 2822 principe
1645 2775 1687 2808 et
1701 2761 1911 2821 guberna-

100 2842 197 2875 tore
215 2842 351 2888 egeat,
367 2846 417 2875 ea
429 2828 635 2889 profecto
652 2828 879 2889 disciplina
896 2828 1095 2876 militaris
1113 2844 1188 2876 est.
1206 2833 1366 2889 Neque
1385 2829 1572 2875 inveniri
1589 2843 1735 2889 potest
1754 2829 1799 2874 in
1818 2846 1909 2889 quo

179 3056 196 3081 ¹²
213 3061 399 3106 Aristode,
415 3061 562 3106 Politia,
582 3065 751 3106 11,8,1267
768 3066 891 3101 31—33.

181 3124 195 3138 '⁵
211 3120 324 3165 Plato,
341 3120 507 3170 Republic
524 3124 565 3165 Π,
583 3124 769 3159 374e-75a.

179 3172 196 3197 <¹
213 3178 400 3222 Aristode,
415 3178 553 3216 Politia
569 3179 809 3223 vn‚8‚1328b,
829 3183 928 3217 5-15.
