2124 3458
230 176 320 217 432

1821 180 1959 214 PART
1983 181 2035 214 vl

351 324 451 366 Nec
474 318 662 379 Iosepho
687 319 854 365 maiora
877 317 1002 365 famis
1025 317 1275 364 discrimine
1299 317 1427 364 debet

353 391 581 447 Aegyptus
606 404 687 433 nec
709 385 934 446 quondam
959 386 1128 432 incurvi
1152 385 1311 432 doctor
1331 386 1461 432 aratri

352 455 655 516 Triptolemus
677 454 775 515 plus
798 454 936 501 laudis
960 453 1102 501 habet:
1127 454 1312 501 mutavit
1335 454 1473 500 aristis

353 527 676 583 Castaneasque
700 540 917 583 nucesque
940 540 1063 582 puer,
1086 536 1134 569 tu
1156 521 1307 568 funere
1330 521 1508 568 tandem

352 592 494 652 Eripis
519 606 560 638 et
580 592 704 652 panis
727 591 835 637 vivit
856 608 936 651 per
956 605 998 637 te
1019 590 1165 650 indiga
1184 589 1343 650 plebes.

352 664 468 720 Ergo
490 659 702 706 sollicitus
727 658 857 706 feraci
878 658 1026 719 deripe
1047 658 1167 714 silva,

353 727 505 775 Redde
527 727 650 774 domi
674 745 886 788 quernam
908 726 1111 787 glandem
1134 744 1214 773 nec
1236 725 1400 786 neglige
1424 724 1603 773 cerram.

353 797 592 856 Asperiora
615 795 794 856 quidem
815 809 988 855 gustatu
1012 794 1207 855 decoque
1230 812 1355 850 aeno,

354 865 423 911 Bis
446 864 568 911 denis
588 864 709 924 prius
734 864 778 909 in
801 862 941 923 gelida
963 862 1206 909 madefacta
1224 862 1375 909 diebus

352 932 433 979 Vel
458 931 576 978 mole
600 931 772 978 detosta
792 930 846 978 ad
864 930 1017 987 solem,
1043 930 1202 977 dehinc
1224 929 1394 977 confice
1417 929 1612 990 quadras.

354 1005 474 1047 Inter
493 999 753 1060 glandiferas
775 999 906 1046 arbor
928 998 1175 1045 dulcissima
1198 997 1342 1045 fructu
1365 1013 1426 1045 est

354 1072 483 1127 Quae
507 1069 604 1127 iuga
627 1067 738 1114 celsa
758 1068 863 1126 tegit
883 1084 959 1113 sua
980 1065 1194 1127 phagiferi
1217 1066 1423 1126 Apenini:

353 1135 533 1183 Talibus
557 1150 618 1182 est
639 1135 835 1196 primurn
862 1152 977 1181 nova
997 1152 1100 1195 gens
1123 1133 1295 1195 epulata
1314 1134 1502 1195 popinis.

354 1272 438 1320 Sed
460 1273 546 1320 iam
567 1272 714 1333 palma
735 1286 864 1318 vocat
886 1289 1027 1332 neque
1049 1271 1130 1318 erit
1150 1271 1241 1318 sine
1266 1271 1457 1318 carmine
1477 1270 1636 1331 palma,

355 1345 484 1401 Quae
507 1340 675 1388 dudum
700 1340 876 1388 advenit
898 1339 1018 1387 caelo
1038 1340 1266 1400 peregrina
1287 1339 1444 1386 Latino

355 1410 525 1457 Italiam
546 1424 676 1470 atque
698 1408 877 1456 inducta
897 1408 993 1456 solo
1017 1426 1295 1455 concrescere
1317 1422 1470 1454 nostro

355 1479 538 1539 Incepit,
561 1477 710 1525 calidis
732 1477 817 1524 huc
839 1492 964 1524 vecta
984 1495 1007 1524 a
1027 1476 1200 1523 Seribus
1222 1494 1370 1537 usque.

354 1549 423 1594 Tu
448 1564 639 1607 quoque,
662 1546 697 1593 si
721 1545 867 1593 dulces
889 1546 1035 1606 cupias
1058 1544 1289 1605 decerpere
1310 1543 1490 1600 fructus,

355 1615 552 1663 Palmam
576 1632 721 1675 merge
742 1613 839 1661 solo
864 1614 909 1660 in
932 1613 1083 1675 tepido
1105 1612 1258 1660 tellure
1279 1612 1457 1660 subacta

356 1688 448 1731 Aut
471 1684 604 1731 etiam
627 1683 806 1743 inriguis
829 1700 979 1730 semen
1002 1682 1265 1742 componito
1287 1681 1428 1737 sulcis3

357 1757 406 1798 In
427 1752 573 1812 gelido
595 1751 751 1798 sterilis
774 1751 854 1798 tibi
876 1765 918 1797 et
940 1749 1175 1797 infecunda
1196 1749 1403 1796 manebit.

357 1820 470 1867 Illud
491 1821 598 1866 item
621 1837 701 1866 nec
721 1819 975 1879 praeterito,
996 1818 1090 1865 vult
1113 1817 1277 1864 femina
1298 1818 1417 1877 iungi

357 1891 476 1935 Cum
501 1905 634 1944 mare,
658 1905 750 1934 non
773 1886 898 1933 aliter
917 1885 1061 1933 foetus
1083 1885 1217 1942 dabit3
1241 1885 1402 1946 inspice
1425 1902 1590 1932 sexum:

355 1961 477 2004 Nam
502 1957 652 2003 minor
675 1970 737 2003 est
760 1954 875 2002 foliis
899 1954 1068 2011 mulier,
1093 1955 1258 2001 maiore
1282 1954 1454 2001 marito.

356 2030 472 2086 Ergo
496 2026 644 2072 iuncta
664 2023 793 2072 simul
819 2023 932 2071 fossa
953 2023 1169 2085 plantabis
1192 2024 1238 2069 in
1259 2041 1359 2079 una,

357 2098 449 2141 Aut
471 2094 616 2141 vicina
635 2111 749 2140 seres
769 2110 858 2140 sese
880 2107 927 2140 ut
948 2092 1163 2153 plantaria
1184 2106 1375 2152 tangant.

355 2167 525 2209 Nonne
548 2161 669 2209 vides
690 2179 824 2222 genus
847 2179 980 2208 omne
1003 2161 1162 2217 virum,
1186 2178 1319 2220 genus
1342 2177 1474 2207 omne
1497 2158 1727 2206 volantum

355 2235 409 2278 Et
430 2230 653 2291 pecudum
676 2230 855 2290 gemino
877 2247 981 2276 sexu
1004 2243 1203 2276 constare
1226 2246 1306 2275 nec
1326 2245 1509 2288 usquam

357 2299 544 2345 Arboris
568 2313 641 2345 aut
665 2298 823 2345 herbae
844 2298 1026 2358 stirpem
1048 2298 1140 2344 sine
1163 2297 1327 2344 semine
1351 2296 1467 2343 nasci

357 2366 584 2427 Ambiguo
610 2367 864 2426 cunctisque
888 2366 933 2411 in
956 2365 1083 2412 rebus
1106 2364 1270 2411 femina
1292 2382 1468 2425 masque
1492 2365 1574 2410 est?

356 2436 425 2482 Sic
447 2453 594 2482 rerum
619 2452 764 2481 causas
785 2435 858 2481 vix
879 2433 1153 2494 agnoscenda
1174 2433 1390 2479 ministrat

356 2508 531 2550 Natura
553 2503 838 2562 omnipotens
863 2502 1070 2561 venitque
1094 2502 1139 2546 in
1160 2501 1327 2547 semina
1349 2500 1521 2560 Cypris.

356 2570 543 2617 Tardius
566 2571 746 2629 assurgit
769 2587 1001 2629 serumque
1025 2568 1213 2615 obdurat
1238 2569 1282 2614 in
1305 2585 1460 2614 aevum

357 2643 457 2685 Nec
480 2639 561 2684 nisi
582 2652 682 2698 post
707 2655 845 2684 annos
869 2636 1010 2683 reddit
1030 2654 1106 2683 sua
1129 2653 1311 2682 munera
1334 2649 1524 2682 centum.

357 2709 426 2753 Tu
450 2721 600 2753 tamen
622 2706 804 2752 inserito
827 2723 968 2765 neque
989 2722 1124 2765 poma
1146 2703 1380 2764 nepotibus
1404 2704 1484 2750 ista

359 2774 571 2830 Invideas,
594 2791 721 2834 carpe
744 2774 909 2820 interea
929 2790 1037 2833 quae
1058 2772 1216 2819 severit
1237 2771 1356 2818 alter.

357 2846 517 2890 Suaves
539 2842 611 2889 illa
632 2842 753 2889 cibos
774 2841 985 2902 praebent
1006 2841 1227 2901 pressique
1250 2839 1440 2900 liquores

358 2916 412 2958 Et
434 2911 563 2958 bibiti
587 2910 736 2957 multis
757 2909 991 2970 perhibent
1014 2926 1263 2956 succurrere
1286 2907 1463 2954 morbis.

358 2982 428 3026 De
452 2978 568 3025 foliis
590 2993 745 3025 texunt
769 2977 893 3024 funes
917 2976 1176 3024 humoribus
1202 2991 1339 3036 aptos,

360 3046 501 3106 Quod
524 3046 683 3093 durent
706 3046 840 3106 magis
863 3059 991 3105 atque
1012 3044 1150 3091 undas
1173 3058 1214 3091 et
1235 3058 1436 3104 tempora
1456 3044 1648 3098 vincant;

361 3116 482 3161 Hinc
505 3132 682 3175 quoque
706 3113 914 3160 fiscellam
935 3130 1061 3173 passo
1086 3111 1206 3159 dabis
1230 3111 1417 3172 hincque
1440 3109 1611 3157 flabella

361 3182 587 3230 Conficies
611 3196 652 3229 et
674 3181 902 3242 iungendis
928 3181 1029 3227 hinc
1052 3181 1200 3227 tenuia
1220 3179 1363 3226 vincla

1859 604 1920 636 245

1860 944 1923 976 250

1861 1352 1923 1384 255

1862 1694 1925 1726 260

1862 2035 1924 2067 265

1862 2377 1926 2408 270

1863 2715 1924 2747 275

1862 3055 1926 3087 280
