2118 3444
138 171 327 205 PUBLIC
355 170 634 204 ORATIONS
1841 164 1931 205 233

222 312 359 355 Nunc
377 307 498 369 quod
517 326 542 355 a
558 307 684 355 vobis
705 308 838 355 tertio
855 307 956 354 loco
975 307 1141 354 dictum
1161 322 1223 354 est
1242 307 1552 368 aggrediemur.
1574 307 1679 355 Vult
1701 309 1871 355 novisse
1892 326 1944 355 ex

138 376 266 424 nobis
284 376 681 423 Christianissimus
703 375 772 422 ille
790 393 878 431 rex,
892 390 1018 436 pater
1030 374 1319 436 defensorque
1334 375 1453 423 urbis
1471 390 1513 423 et
1529 375 1750 436 dignitatis
1766 391 1939 423 nostrae

135 459 386 506 perpetuus,
410 444 798 499 constantissimus,
825 461 933 504 quae
955 461 1077 491 mens
1096 444 1150 490 sit
1172 458 1333 500 nostra,
1357 443 1463 504 quid
1480 444 1615 491 simus
1637 445 1774 491 acturi
1794 445 1828 491 si
1852 445 1940 505 ipse

137 512 192 560 ad
215 511 563 573 recuperandum
588 510 971 572 Neapolitanum¹⁹
1001 530 1182 572 regnum
1208 529 1327 559 arma
1349 513 1594 573 sumpserit.
1624 515 1693 559 De
1718 511 1939 560 transitu²⁰

136 598 313 642 quoque
335 595 377 627 et
397 580 716 627 commeatibus
739 579 841 627 facit
860 580 905 626 in
924 579 1191 640 postulando
1214 581 1502 636 mentionem3
1526 598 1611 641 qua
1630 580 1808 641 quidem
1831 581 1875 627 in
1898 599 1941 628 re

137 649 218 695 nisi
246 648 380 695 libere
408 647 644 709 loquamur
673 662 801 708 atque
827 662 875 695 ut
904 665 969 695 res
997 647 1126 695 habet
1155 648 1507 709 respondeamus,
1537 647 1741 709 profecto
1770 648 1937 709 indigni

136 716 361 772 fuerimus,
386 733 496 776 quos
518 717 606 776 ipse
628 730 750 763 tanta
770 715 1040 763 humanitate
1061 731 1103 763 et
1124 716 1355 763 clementia
1373 716 1703 777 complectatur.
1727 717 1937 764 Inivimus

134 784 431 845 superioribus
470 784 594 831 annis
630 802 731 831 cum
768 783 1046 831 Ferdinando
1079 784 1380 845 Neapolitano
1416 802 1512 845 rege
1548 779 1770 841 foedus,¹’²¹
1811 784 1937 832 huius

135 851 311 899 Alfonsi
331 867 469 913 patre,
489 853 563 912 qui
582 852 721 899 modo
742 853 787 898 in
807 850 1063 899 demortui²²
1082 853 1274 913 parentis
1293 870 1474 913 regnum
1495 854 1711 909 successit,
1733 871 1823 914 quo
1843 853 1941 900 faci-

134 919 216 967 lius
233 920 286 967 ab
303 919 381 975 his,
400 920 475 980 qui
490 937 585 966 eam
603 920 923 980 impugnarent,
941 919 1188 967 libertatem
1204 935 1398 967 nostram
1417 920 1762 967 defenderemus.
1778 925 1938 982 Neque

135 987 216 1035 id
205 989 343 1035 inscio
370 1002 443 1035 aut
470 988 611 1035 invito
638 987 879 1044 Lodovico,
907 1006 1003 1048 rege
1030 988 1261 1036 Gallorum
1288 988 1615 1049 gloriosissimo,
1649 989 1775 1036 huius
1801 1004 1939 1050 patre,

134 1055 315 1112 factum,
341 1056 431 1111 sed,
459 1074 513 1103 eo
540 1057 635 1116 ipso
665 1057 725 1103 ita
748 1056 956 1103 suadente
984 1071 1112 1117 atque
1138 1055 1449 1149 adhc>5rtante,²³
1478 1055 1669 1118 utpote²⁴
1698 1058 1773 1118 qui
1799 1072 1939 1118 pater-

134 1141 237 1171 nam
258 1123 311 1171 de
331 1123 458 1171 nobis
479 1141 629 1171 curam
647 1139 813 1184 gereret
833 1139 874 1171 et
891 1124 1018 1171 saluti
1038 1122 1261 1181 nostrae‚²·‘’
1281 1140 1455 1185 praeter
1470 1139 1614 1172 cetera
1628 1143 1738 1186 quae
1758 1125 1937 1186 quidem

134 1191 188 1239 ad
207 1210 289 1239 nos
308 1192 595 1253 pertinerent,
618 1191 928 1240 humanissime
952 1192 1210 1240 consuleret.
1234 1196 1377 1240 Durat
1399 1208 1441 1240 et
1461 1193 1599 1240 modo
1621 1211 1722 1240 cum
1745 1193 1936 1241 Alfonso

134 1259 229 1307 filio
261 1260 306 1308 id
336 1259 505 1316 foedus,
538 1261 607 1307 cui
637 1261 729 1307 sine
761 1262 997 1308 necessaria
1027 1260 1169 1322 aliqua
1198 1279 1324 1308 causa
1354 1263 1658 1309 contravenire
1689 1280 1734 1309 re
1763 1262 1940 1323 publica

133 1328 363 1388 indignum
394 1343 469 1375 est.
498 1328 624 1387 Quid
651 1329 769 1375 enim
799 1328 870 1375 illa
897 1328 1026 1376 habet
1053 1344 1126 1376 aut
1154 1329 1311 1376 habere
1336 1344 1482 1390 potest
1510 1329 1597 1377 fide
1623 1344 1665 1377 et
1691 1331 1938 1377 constantia

133 1394 399 1444 foederum²⁶
421 1396 682 1457 praeclarius
703 1411 776 1444 aut
797 1397 931 1457 magis
953 1397 1007 1444 ad
1024 1397 1251 1458 publicum
1275 1397 1539 1445 servandum
1560 1397 1690 1445 decus
1712 1399 1938 1445 necessari-

132 1462 267 1511 um?²⁷
303 1464 483 1511 Habent
518 1482 584 1512 res
615 1464 815 1525 publicae
849 1483 949 1512 cum
986 1465 1155 1526 regibus
1190 1480 1232 1513 et
1262 1466 1534 1542 principibus
1571 1466 1779 1542 aliquid
1768 1485 1813 1513 1n
1848 1485 1939 1527 quo

133 1533 412 1579 conveniant:
438 1532 615 1579 aluntur
637 1551 767 1593 regna
787 1548 829 1580 et
848 1534 1118 1594 principatus
1141 1533 1228 1581 fide
1247 1534 1505 1590 servanda,
1493 1535 1669 1590 lustitia,
1693 1534 1939 1611 clementia,

133 1598 517 1656 mansuetudine‚²⁸
549 1602 807 1657 constantia,
835 1602 959 1648 omni
989 1602 1165 1658 virtute;
1193 1619 1301 1678 quae
1329 1620 1395 1650 res
1421 1601 1615 1663 quoque²
1616 1601 1873 1663 ‘’publicae,
1901 1604 1935 1650 si

132 1669 371 1724 amiserint,
393 1666 534 1729 quid³⁰
555 1668 749 1716 habent
738 1687 783 1715 1n
803 1687 893 1730 quo
914 1668 1075 1716 famam
1096 1671 1209 1716 tueri
1228 1685 1270 1717 et
1286 1670 1508 1731 publicam
1530 1669 1734 1717 servare³¹
1756 1671 1936 1731 dignita-

131 1751 223 1783 tem
239 1737 430 1797 possint?
448 1736 678 1784 Differunt
696 1755 720 1784 a
734 1738 931 1797 tyrannis
950 1738 1035 1784 iam
1052 1756 1183 1798 reges,
1202 1753 1330 1799 atque
1346 1756 1370 1785 a
1385 1738 1584 1786 libertate
1599 1739 1787 1786 licentia:
1807 1739 1868 1785 illi
1886 1757 1938 1786 ex

130 1803 312 1851 libidine
353 1823 418 1852 res
456 1804 762 1852 administrant
801 1821 991 1862 cunctas,
1031 1805 1110 1853 hos
1149 1806 1363 1854 modestia
1399 1805 1543 1867 regit³²
1583 1822 1625 1854 et
1662 1808 1937 1855 continentia

131 1890 279 1919 rerum
314 1887 587 1928 cunctarum,
624 1872 848 1933 afficitque
881 1891 930 1920 ea
961 1872 1146 1934 gloria,³³
1183 1892 1291 1935 quae
1327 1873 1546 1922 habetur-³⁴
1580 1876 1696 1922 inter
1730 1875 1937 1923 mortales

131 1937 411 1987 ceterarum³⁵
442 1941 645 1987 omnium
679 1958 826 1988 rerum
854 1941 1205 2002 praeclarissima.
1237 1946 1404 1989 Nonne
1436 1943 1597 1990 erimus
1628 1942 1795 2003 indigni
1826 1961 1936 2004 quos

130 2023 361 2069 tantopere
398 2007 597 2069 diligat,³⁶
634 2027 745 2070 quos
781 2024 849 2057 tot
885 2011 1103 2071 tantisque
1138 2026 1428 2072 prosequatur
1463 2010 1701 2068 beneficiis,
1738 2012 1773 2059 si
1811 2011 1937 2059 dictis

130 2078 447 2137 conventisque
475 2095 567 2124 non
591 2079 853 2134 steterimus,
879 2093 1008 2139 atque
1031 2078 1085 2126 ad
1108 2077 1255 2126 illius³⁷
1283 2080 1578 2127 imitationem
1604 2098 1696 2127 non
1722 2079 1933 2127 fuerimus

131 2143 235 2192 fidei
256 2144 573 2206 foederumque
592 2148 854 2193 servatores?
875 2151 995 2193 Nam
1017 2147 1124 2208 quid
1143 2147 1197 2194 ad
1215 2147 1260 2194 id
1279 2147 1440 2208 gloriae
1460 2148 1571 2195 adeo
1591 2148 1929 2196 illustrissimum

130 2212 306 2260 culmen
334 2217 605 2260 Francorum
634 2215 800 2274 regium
830 2232 995 2262 nomen
1023 2214 1199 2263 evexit³⁸
1228 2217 1309 2263 nisi
1336 2217 1474 2263 virtus
1500 2215 1695 2277 fidesque
1723 2217 1937 2278 quaedam

130 2280 491 2328 excellentissima
510 2297 552 2328 et
574 2300 709 2342 regno
730 2281 916 2343 digna?39
939 2283 1114 2342 Quibus
1136 2299 1178 2330 et
1200 2283 1270 2331 hic
1289 2284 1475 2331 Carolus
1499 2285 1662 2332 artibus
1684 2303 1776 2332 non
1798 2303 1935 2332 serva-

129 2349 192 2396 vit
223 2348 361 2396 modo
393 2350 513 2410 regni
543 2349 702 2397 Gallici
732 2350 964 2407 honorem,
995 2351 1071 2398 sed
1100 2351 1209 2399 adeo
1238 2351 1573 2413 amplificavit,⁴⁰
1604 2368 1677 2400 aut
1707 2354 1833 2400 victis
1862 2368 1935 2401 aut

130 2416 372 2464 conciliatis
403 2417 613 2474 hostibus,
646 2433 694 2465 ut
723 2418 1063 2466 cumulatissima
1094 2420 1179 2467 iam
1206 2420 1343 2480 gloria
1372 2436 1534 2481 regnet.
1563 2420 1759 2468 Nullus⁴¹
1792 2436 1854 2468 est
1883 2440 1935 2469 ex

130 2485 337 2532 omnibus
364 2486 636 2546 principibus
664 2502 848 2547 propter
873 2487 1105 2535 mirificam
1133 2503 1261 2549 atque
1287 2487 1517 2536 innatam⁴²
1544 2489 1671 2536 nobis
1700 2490 1744 2536 in
1772 2488 1932 2537 illum⁴³

130 2552 468 2609 observantiam,
488 2553 542 2601 ad
558 2572 690 2614 quem
707 2570 926 2602 servatum
945 2557 1078 2616 magis
1097 2574 1183 2603 esse
1202 2556 1312 2603 velle
1330 2572 1503 2604 nostrae
1521 2557 1651 2604 decus
1669 2558 1930 2618 reipublicae

127 2621 358 2681 pertineat.
385 2625 506 2668 Nam
534 2622 655 2682 quod
680 2622 733 2669 de
757 2624 941 2670 transitu
967 2623 1159 2671 dicitur⁴⁴
1184 2639 1226 2671 et
1251 2625 1569 2672 commeatibus
1597 2625 1781 2672 eandem
1807 2627 1934 2673 ratio·

129 2706 232 2735 nem
266 2688 409 2736 habet.
442 2692 591 2736 Potest
621 2704 770 2737 tamen
799 2690 1131 2751 gloriosissimus
1168 2692 1238 2739 ille
1268 2710 1343 2739 rex
1373 2710 1422 2739 ac
1451 2693 1848 2741 Christianissimus
1882 2694 1935 2741 de

131 2755 257 2803 nobis
284 2757 343 2803 ita
364 2755 484 2803 sibi⁴⁵
507 2757 706 2818 polliceri
730 2759 952 2806 civitatem
975 2759 1275 2807 Florentinam
1302 2778 1543 2821 numquam
1570 2779 1657 2808 esse
1682 2762 1931 2809 commodis

130 2825 255 2884 regiis
284 2839 356 2872 aut
385 2825 546 2885 gloriae
575 2825 839 2883 defuturam,
867 2827 956 2883 ubi,
986 2827 1102 2874 salva
1127 2828 1302 2888 publica
1331 2828 1539 2889 dignitate
1567 2844 1696 2890 atque
1724 2829 1934 2877 inviolata

129 2891 232 2948 fide,
265 2894 437 2940 occasio
472 2892 648 2954 aliqua⁴⁶
682 2893 945 2942 offeratur.⁴⁷
979 2899 1042 2942 Ita
1072 2895 1281 2956 obligatio
1317 2911 1379 2944 est
1413 2912 1574 2953 nostra,
1611 2898 1669 2944 ita
1700 2898 1856 2944 merita
1890 2899 1934 2944 in

131 2978 210 3007 nos
233 2961 467 3008 Gallorum
492 2979 641 3022 regum
663 2962 902 3023 postulant,
928 2964 986 3010 ita
1003 2962 1248 3024 perpetua⁴⁸
1271 2964 1630 3012 Florentinorum
1655 2965 1932 3013 observantia

209 3168 225 3193 ¹²
243 3176 308 3212 On
327 3174 527 3213 Florence’s
542 3187 658 3224 troety
676 3175 718 3213 of
733 3175 878 3214 alliance
896 3176 986 3214 with
1003 3180 1179 3221 Ferrante,
1195 3192 1251 3216 see
1271 3181 1363 3222 IV:2,
1384 3190 1470 3216 note
1487 3178 1530 3226 e).
