2118 3444
195 159 288 200 206
1782 166 1920 200 PART
1946 167 1999 200 111

196 322 289 351 non
313 304 477 364 potessi
503 303 685 350 tribuire
712 303 766 350 ad
788 304 1034 363 arrogantia
1058 303 1204 363 quello
1230 303 1309 350 che
1334 303 1356 350 ὲ
1382 304 1426 350 111
1452 321 1521 351 me
1547 304 1767 361 necessita,
1793 319 1834 351 et
1859 304 1960 352 dare
1983 322 2007 352 3

195 373 306 419 vitio
327 371 628 432 l'obligatione
653 386 694 418 et
715 371 991 418 observantia
1012 372 1110 418 mia.
1135 375 1183 418 Io
1202 389 1251 418 so
1272 371 1382 418 bene
1405 371 1484 419 che
1505 387 1660 432 questo
1680 387 1806 419 tanto
1828 372 2002 420 nobilit-

195 455 270 488 ato
296 440 444 500 luogo,
474 454 630 500 questo
658 439 927 500 amplissimo
958 437 1213 500 conspecto5
1243 454 1407 496 vostro,
1435 439 1475 487 13
1501 458 1601 487 0053
1628 441 1672 486 111
1697 458 1740 488 50
1769 440 1813 488 di
1838 438 1935 488 che⁶
1963 455 2004 489 et

193 507 355 569 perche
378 508 415 555 al
436 522 637 568 presente
659 507 719 555 s'a
739 526 762 555 a
782 507 888 564 dire,
911 507 1158 555 richiedeva
1176 507 1288 555 altro
1310 523 1484 555 oratore
1505 508 1584 555 che
1608 526 1691 565 me,
1714 509 1944 569 inexperto
1964 523 2006 557 et

195 577 498 632 inexercitato,
519 575 716 631 indocto,
739 591 780 622 et
801 590 1014 622 consueto
1036 576 1080 621 in
1103 577 1197 622 otio
1217 575 1292 636 piu
1315 591 1434 623 tosto
1455 576 1637 636 qualche
1658 576 1778 624 volta
1798 578 2010 624 exercitar

194 644 239 691 lo
271 647 458 704 ‘ngegno
490 643 602 690 nelle
631 661 729 690 cose
760 658 801 690 et
827 644 995 703 private
1025 658 1066 690 et
1092 643 1312 704 publiche,
1344 643 1423 690 che
1452 645 1600 691 venire
1631 662 1654 691 a
1682 644 1770 691 fare
1796 644 1831 691 si
1861 659 2009 705 aperta

195 712 464 773 experientia
487 711 599 758 della
622 711 824 758 doctrina
847 726 888 758 et
912 711 1024 758 della
1044 711 1338 772 lingua—cosa
1364 711 1457 768 che,
1483 730 1609 759 come
1633 711 1655 759 ὲ
1678 712 1754 773 piu
1779 712 2002 773 maravigl-

195 782 286 827 iosa
313 779 378 827 fra
401 779 458 840 gli
487 779 690 826 huomini
720 794 761 826 et
784 779 860 840 piu
887 779 1087 839 gloriosa,
1117 778 1155 826 e7
1178 779 1254 840 piu
1279 781 1409 840 piena
1433 780 1476 827 di
1502 779 1661 827 fatiche
1687 795 1728 827 et
1753 780 1797 827 di
1820 781 2003 841 pericoli

196 847 374 904 infiniti,
401 851 437 895 e’
461 847 578 908 quali
602 847 639 894 al
661 862 862 908 presente
887 848 947 893 mi
973 866 1306 895 commuovono
1331 862 1451 895 tutto
1474 862 1515 895 et
1538 847 1738 895 fannomi
1763 848 2004 896 desiderare

195 916 357 964 felicita
377 931 419 964 et
440 934 650 977 prospera
674 915 866 973 fortuna,
891 916 1003 963 dove
1026 916 1066 964 la
1088 916 1204 964 virtu
1226 931 1268 964 et
1290 916 1412 964 l’arte
1434 916 1679 964 manchera.
1706 921 1877 965 Havete
1899 917 2004 965 dato

194 1004 217 1033 a
238 1000 394 1046 questo
416 986 671 1046 magistrato
690 1003 867 1032 sommo
889 1003 1061 1032 somma
1085 985 1299 1032 auctorita
1317 1000 1358 1032 et
1376 985 1572 1046 podesta,
1595 985 1633 1033 al
1655 985 1779 1047 quale
1802 985 1823 1033 ὲ
1842 1001 2003 1047 paruto

195 1055 390 1115 inpormi
419 1068 575 1114 questo
597 1071 718 1114 peso,
747 1053 1052 1114 riguardando,
1077 1053 1271 1101 secondo
1297 1054 1414 1101 ch'io
1441 1054 1587 1110 credo,
1611 1054 1652 1101 la
1676 1054 1860 1102 volonta
1884 1054 2002 1102 ch'io

192 1122 333 1182 soglio
359 1140 530 1182 sempre
559 1121 715 1169 havere
739 1139 763 1169 a
785 1136 974 1169 mectere
998 1122 1052 1169 ad
1075 1121 1231 1169 effetto
1254 1122 1281 1168 il
1306 1140 1386 1169 suo
1412 1123 1582 1183 impero
1608 1122 1687 1169 che
1712 1122 1752 1170 13
1774 1122 1934 1170 faculta
1957 1123 2002 1169 in

195 1209 264 1237 me
287 1205 328 1237 et
350 1190 377 1236 il
399 1191 492 1237 mio
514 1204 681 1251 potere.
703 1193 897 1251 Dunque
922 1190 1011 1237 cosi
1034 1208 1125 1237 non
1145 1190 1408 1251 proveduto,
1433 1209 1524 1237 non
1544 1190 1853 1251 premeditato,
1875 1209 2001 1238 corne

192 1260 227 1306 si
251 1258 500 1305 richiedeva
518 1259 563 1304 in
586 1273 709 1305 tanta
729 1276 841 1314 cosa,
864 1258 961 1305 saro
983 1258 1158 1305 almeno
1182 1273 1355 1306 oratore
1378 1259 1660 1319 obsequente,
1683 1277 1726 1306 se
1748 1277 1839 1306 non
1861 1258 2005 1306 suffic-

194 1328 324 1383 iente,
343 1327 478 1387 pieno
499 1326 543 1373 di
560 1326 750 1387 perfetta
766 1326 963 1383 volonta,
985 1326 1181 1373 d'acceso
1199 1326 1359 1383 studio,
1381 1326 1705 1374 d'infiammato
1726 1327 1942 1374 desiderio
1960 1327 2005 1374 di

192 1394 385 1442 satisfare
418 1394 455 1441 al
489 1395 581 1441 mio
615 1394 1050 1450 commandamento,
1086 1394 1198 1442 dove
1230 1409 1343 1442 tutte
1374 1394 1512 1442 l'altre
1544 1413 1642 1442 cose
1675 1413 1767 1442 non
1798 1413 1998 1442 saranno.

193 1462 494 1519 Confortami,
532 1462 822 1519 nondimeno,
859 1462 899 1509 la
929 1464 1147 1523 presentia
1178 1467 1338 1510 Vostra
1371 1478 1412 1510 et
1445 1462 1512 1510 del
1547 1461 1715 1510 vostro²3
1750 1462 2001 1510 felicissimo

193 1532 430 1591 Capitano,
455 1531 582 1587 dove,
604 1549 683 1591 per
703 1530 743 1578 la
762 1545 910 1578 vostra
931 1530 1069 1578 fausta
1089 1545 1130 1578 et
1152 1531 1299 1578 divina
1319 1546 1450 1587 sorte,
1474 1549 1564 1578 non
1586 1532 1620 1578 si
1644 1531 1784 1578 de‹ve›
1803 1531 2002 1579 dubitare

193 1599 273 1646 che
296 1599 450 1646 alcuna
472 1617 572 1646 cosa
591 1599 709 1660 possi
734 1598 937 1646 advenire
959 1598 1066 1646 altra
1086 1598 1165 1646 che
1186 1617 1405 1660 prospera.

277 1668 467 1714 Diremo
493 1667 696 1728 adunque
724 1685 809 1714 con
835 1682 986 1728 questa
1009 1667 1280 1715 confidentia
1304 1682 1345 1715 et
1369 1667 1549 1715 daremo
1575 1667 1757 1729 qualche
1783 1667 1937 1715 ordine
1962 1682 2005 1715 et

193 1736 480 1797 dispositione
509 1735 588 1783 alle
614 1735 764 1797 parole
791 1750 952 1793 nostre,
979 1736 1343 1797 principalmente
1370 1736 1482 1783 della
1506 1750 1660 1783 natura
1683 1751 1725 1783 et
1750 1735 2006 1784 excellentia

193 1804 388 1852 dell’arte
416 1804 603 1851 militare
633 1804 784 1852 alcune
813 1822 925 1861 cose,
957 1819 998 1852 et
1025 1804 1165 1865 quelle
1194 1804 1607 1852 accommoderemo
1637 1804 1718 1852 alla
1742 1822 1930 1865 persona
1959 1804 2003 1852 di

190 1872 417 1933 Federigo‚
443 1876 590 1919 Conte
615 1872 852 1929 d'Urbino,
879 1874 1099 1933 Capitano
1121 1872 1290 1920 vostro9
1315 1891 1336 1920 e
1359 1873 1470 1920 della
1490 1871 1672 1920 vostra¹⁰
1694 1872 1799 1933 lega,
1822 1887 1864 1920 et
1882 1874 1999 1934 prin-

192 1941 302 2002 cipal
331 1942 534 1988 ministro
562 1940 674 1988 della
696 1939 878 1988 vostra10
905 1942 1101 1989 victoria.
1127 1942 1265 2002 Dipoi
1292 1941 1574 1989 brevemente
1599 1941 1938 1989 dimostreremo
1963 1940 2004 1989 13

192 2009 356 2070 qualita
372 2009 482 2056 delle
499 2027 596 2056 cose
612 2010 805 2070 presenti
823 2024 864 2056 et
880 2009 920 2056 la
934 2009 1175 2070 grandezza
1193 2009 1260 2057 del
1278 2011 1475 2057 ricevuto
1491 2009 1723 2066 benefici03
1743 2009 2000 2057 finalmente

192 2078 545 2137 c’ingegneremo
571 2077 660 2124 fare
683 2075 865 2138 qualche
888 2077 1207 2138 significatione
1233 2077 1344 2138 degli
1367 2079 1502 2124 animi
1528 2092 1569 2124 et
1592 2077 1702 2124 delle
1724 2077 1908 2124 volonta
1931 2077 2000 2125 del

190 2145 360 2206 popolo
386 2144 630 2192 fiorentino
654 2146 827 2192 inverso
850 2145 890 2192 la
910 2163 1081 2192 somma
1105 2160 1146 2192 et
1168 2145 1405 2193 excellente
1426 2145 1541 2192 virtu
1564 2145 1632 2193 del
1655 2146 1888 2206 CapitanO.

277 2217 419 2260 L'arte
436 2213 639 2274 adunque
657 2228 698 2260 et
716 2213 943 2274 disciplina
961 2213 1161 2270 militare,
1179 2213 1290 2261 dalla
1304 2215 1446 2274 prima
1463 2215 1629 2274 origine
1648 2213 1760 2274 degli
1779 2214 1995 2270 huomini,

189 2300 361 2342 sempre
388 2281 409 2328 ὲ
432 2296 543 2328 stata
565 2283 609 2327 in
633 2300 836 2342 suprema
860 2282 1163 2338 admiratione,
1188 2297 1229 2329 et
1254 2283 1572 2338 meritamente,
1595 2281 1755 2342 perche
1779 2300 1871 2329 non
1894 2281 2000 2329 sola-

191 2364 340 2397 mente
364 2349 386 2396 ὲ
411 2349 560 2396 buona
586 2349 629 2396 di
653 2368 728 2397 sua
753 2364 907 2397 natura
931 2364 971 2397 et
996 2350 1115 2406 utile,
1140 2368 1211 2397 ma
1235 2351 1470 2397 necessaria
1490 2368 1570 2411 per
1592 2350 1632 2397 la
1651 2348 1931 2411 perpetuitall
1958 2364 2000 2397 et

191 2432 351 2465 ornato
375 2418 485 2465 delle
507 2436 606 2465 cose
630 2418 834 2475 humane;
859 2436 879 2465 e
901 2436 950 2465 so
974 2418 1304 2466 nientedimeno
1328 2418 1407 2466 che
1429 2418 1529 2466 dico
1551 2436 1651 2466 cosa
1671 2418 1750 2466 che
1773 2436 1796 2466 a
1817 2418 2000 2479 qualche

190 2504 282 2533 uno
312 2486 440 2547 parra
471 2486 721 2547 maraviglia
751 2505 772 2534 e
805 2505 950 2534 nuova
980 2505 1060 2547 per
1089 2487 1296 2534 contrarii
1327 2486 1468 2534 effetti
1496 2486 1575 2534 che
1605 2487 1639 2534 si
1670 2484 1925 2547 veghono,12
1960 2489 1996 2533 e‘

191 2554 308 2616 quali
326 2573 418 2602 non
435 2555 696 2616 procedono
715 2555 923 2612 dall’arte,
941 2555 1020 2603 che
1039 2555 1060 2602 ὲ
1078 2555 1239 2612 buona,
1261 2573 1331 2603 ma
1348 2555 1460 2603 dalla
1476 2555 1716 2603 ambitione
1736 2570 1777 2602 et
1793 2555 1995 2616 superbia

190 2623 258 2670 de'
286 2623 475 2670 mortali.
502 2623 696 2670 Peroche
721 2642 860 2684 spesse
885 2624 1003 2671 volte
1027 2625 1232 2671 s’inverte
1256 2624 1283 2670 il
1309 2624 1419 2671 bene
1443 2642 1464 2671 e
1490 2623 1586 2671 13551
1612 2624 1814 2671 ministro
1842 2623 1885 2670 di
1906 2641 2000 2684 per-

189 2692 432 2739 versissime
461 2691 666 2752 cupidita.
695 2696 774 2739 Ma
798 2695 833 2739 e'
863 2692 1103 2739 doctissimi
1131 2691 1333 2739 huomini
1364 2707 1405 2739 et
1431 2691 1710 2739 eruditissimi
1737 2691 1993 2752 philosophi

191 2760 270 2807 che
292 2760 410 2807 anno
433 2778 575 2807 messo
598 2775 751 2820 tempo
772 2775 813 2807 et
834 2760 1056 2820 diligentia
1076 2761 1121 2806 in
1142 2760 1415 2807 considerare
1435 2764 1471 2807 e’
1493 2761 1673 2820 governi
1695 2774 1737 2807 et
1755 2760 1940 2807 scrivere
1961 2759 2000 2806 le

192 2827 459 2888 republiche,
478 2846 649 2888 sempre
670 2846 796 2874 come
814 2846 913 2875 cosa
928 2828 1292 2888 principalmente
1311 2829 1546 2875 necessaria
1562 2831 1630 2874 ne'
1647 2828 1781 2888 primi
1796 2826 1997 2887 provedi-

192 2896 331 2942 menti
357 2895 506 2942 hanno
532 2896 786 2942 constituite
812 2895 962 2942 l'arme
989 2910 1030 2942 et
1055 2895 1255 2942 ordinata
1278 2895 1318 2942 la
1344 2895 1509 2942 militia.
1536 2894 1608 2942 Ne
1634 2894 1655 2942 ὲ
1681 2893 1826 2942 altro¹3
1853 2894 1881 2940 il
1908 2893 1997 2941 fine

192 2963 513 3010 naturalmente
541 2963 653 3010 della
678 2963 864 3011 militare
893 2963 971 3011 che
996 2963 1183 3024 pacifico
1211 2978 1252 3010 et
1277 2964 1428 3024 quieto
1454 2964 1613 3019 vivere3
1641 2962 1694 3010 110
1720 2980 1799 3023 per
1823 2962 1936 3010 altro
1961 2963 1996 3009 si
