2106 3464
140 182 371 216 PRIVATE
397 181 626 215 LETTERS
1891 175 1949 216 25

139 321 291 380 vitque
310 320 355 365 in
372 319 549 380 plebem
571 318 711 365 homo
730 317 937 365 factiosus
954 333 1165 379 tanquam
1183 319 1415 365 seminaria
1433 318 1647 379 quaedam
1668 319 1957 379 ignorationis

138 405 252 435 suae.
278 388 477 434 Vicimus
503 402 667 443 tamen,
691 387 865 447 iamque
891 404 944 434 ne
968 387 1058 447 ipse
1083 386 1261 447 quidem
1284 387 1594 447 tergiversator
1617 387 1755 447 (tanta
1774 388 1867 435 veri
1890 388 1955 435 vis

139 457 217 517 est)
241 457 490 517 vituperare
512 473 592 503 nos
615 452 805 502 audeat.⁷
822 456 1042 516 Papiensis
1063 470 1210 502 autem
1232 470 1275 502 et
1295 449 1583 516 Campanus,f
1601 455 1691 503 duo
1713 455 1955 517 eloquenti-

139 543 187 573 ae
204 529 432 572 Romanae
449 524 631 580 lumina,
653 539 694 571 et
709 524 900 585 probant
920 538 962 571 et
978 523 1136 571 debere
1153 523 1317 585 aliquid
1334 523 1530 572 fatentur
1544 524 1747 572 audaciae
1763 540 1952 582 nostrae,

138 594 214 655 qui
227 594 468 655 puritatem
483 593 815 654 castitatemque
830 593 1069 640 consectati
1081 593 1228 640 simus.
1246 594 1356 640 Satis
1370 611 1586 654 superque
1603 608 1665 641 est
1681 611 1837 641 eorum
1855 609 1954 641 test-

139 663 372 709 imonium.
395 665 536 709 Certo
552 662 644 709 scio
662 679 816 708 eorum
836 662 1097 708 auctoritate
1111 661 1343 722 plerosque
1362 679 1450 709 esse
1468 661 1625 709 doctos
1639 677 1878 710 secuturos.
1900 667 1954 710 Et

138 730 318 791 quando
343 728 544 776 nitimur⁸
569 729 793 776 favoribus
818 729 990 785 talibus,
1014 729 1120 776 volo
1145 747 1318 776 narrare
1341 730 1422 776 tibi
1445 730 1552 791 quid
1574 730 1649 777 diu
1673 731 1878 791 cogitem,
1904 746 1953 778 ut

137 816 294 846 eorum
319 796 518 859 excepta⁹
539 816 671 859 super
693 797 773 845 hac
795 816 972 859 quoque
997 816 1042 845 re
1064 799 1294 855 sententia,
1317 798 1439 859 quod
1462 798 1610 846 distuli
1635 799 1680 845 in
1705 798 1817 846 hanc
1840 799 1958 847 diem

135 867 361 928 superiore
390 867 722 913 concertatione
747 866 984 927 laboreque
1009 867 1281 927 perterritus,
1308 866 1488 914 tandem
1516 867 1739 927 aggrediar
1763 865 1852 915 ex¹⁰
1881 872 1955 915 La-

136 936 230 982 tina
247 934 408 995 lingua,
428 952 538 995 quae
558 952 610 981 ex
626 935 897 981 severissima
916 950 1120 981 matrona
1136 934 1234 982 lena
1252 935 1466 995 quaedam
1484 936 1718 982 vanissima
1737 935 1851 983 facta
1865 954 1954 983 esse

136 1002 325 1058 videtur,
350 1002 505 1049 tollere
529 1003 869 1049 assentationem
896 1017 937 1049 et
960 1002 1111 1049 fucum
1135 1020 1272 1063 paene
1298 1003 1572 1050 muliebrem.
1599 1007 1711 1050 Non
1735 1003 1955 1051 audebant

134 1070 269 1131 paulo
289 1085 390 1117 ante
409 1070 625 1131 appellare
645 1088 913 1131 quemquam
933 1072 1118 1132 proprio
1139 1072 1335 1127 nomine,
1356 1072 1392 1118 si
1411 1071 1467 1118 ad
1483 1071 1691 1118 dominos
1712 1071 1895 1133 aliquos,
1917 1073 1953 1119 si

135 1138 191 1186 ad
222 1156 354 1199 reges,
386 1139 422 1186 si
457 1138 511 1186 ad
540 1138 777 1199 pontifices
809 1139 1090 1186 scribendum
1127 1154 1247 1186 esset.
1281 1139 1365 1187 Sed
1397 1158 1451 1187 ne
1483 1158 1737 1201 pronomen
1773 1140 1953 1202 quidem

136 1207 307 1255 nudum
370 1205 670 1268 posuissent,¹¹
733 1207 1131 1255 Dominationibus
1194 1206 1410 1265 Vestris,¹2
1473 1208 1791 1266 Maiestatibus‚
1855 1213 1955 1257 Bea-

135 1276 399 1324 titudinibus
422 1291 464 1324 et
483 1276 795 1324 Sanctitatibus
816 1295 998 1324 omnem
1020 1275 1344 1338 scriptionem¹³
1366 1277 1729 1325 dehonestabant.
1751 1279 1952 1326 Minores

134 1344 400 1405 dignitatum
430 1345 587 1405 gradus
615 1344 707 1392 aliis
735 1344 1033 1406 quibusdam¹⁴
1063 1346 1329 1393 immanibus
1358 1347 1638 1407 ventosisque
1667 1347 1952 1408 appellation-

135 1413 231 1460 ibus
255 1428 297 1460 et
320 1414 442 1474 quasi
466 1414 774 1474 cognomentis
799 1413 1060 1475 quibusdam
1083 1414 1476 1475 prosequebantur.
1502 1419 1603 1462 Nos
1627 1415 1679 1462 ab
1704 1433 1753 1462 ea
1774 1434 1951 1477 corrup·

133 1482 256 1528 tione
275 1481 542 1537 recedentes,
559 1482 784 1528 mitiorem
807 1483 892 1528 iam
911 1482 965 1529 ad
981 1497 1097 1529 recte
1112 1482 1394 1529 scribendum
1415 1484 1533 1530 viam
1549 1483 1850 1544 patefecimus.
1870 1484 1954 1531 Sed

134 1549 379 1597 inscribunt
407 1564 450 1596 et
472 1549 752 1597 subscribunt
780 1550 984 1611 epistolas
1009 1550 1153 1598 multo
1178 1551 1342 1598 vanius.
1367 1551 1496 1597 Nihil
1520 1552 1641 1612 prius
1668 1553 1789 1599 venit
1815 1553 1860 1598 in
1885 1552 1954 1599 de-

131 1617 342 1665 siderium
367 1636 499 1678 quam
521 1633 584 1674 ut,
608 1619 682 1679 qui
703 1618 853 1666 scribit
877 1618 931 1666 ad
951 1637 1045 1675 nos,
1071 1619 1374 1680 intelligamus.
1400 1624 1461 1667 Ea
1482 1619 1535 1667 de
1556 1638 1601 1667 re
1625 1621 1811 1668 maiores
1832 1621 1950 1681 prin·

133 1687 251 1746 cipio
271 1701 362 1732 tam
384 1687 545 1733 Graeci
562 1704 695 1746 quam
717 1687 860 1733 Latini
878 1688 1113 1747 scriptores
1134 1705 1299 1734 nomen
1319 1705 1447 1734 suum
1471 1689 1517 1734 in
1537 1688 1731 1748 epistolis
1752 1690 1949 1749 primum

131 1768 391 1814 posuerunt,
408 1769 510 1814 post
528 1755 619 1801 eius
637 1772 803 1801 nomen
822 1754 877 1802 ad
891 1772 1023 1815 quem
1039 1755 1292 1802 scriberent.
1309 1760 1409 1803 Nos
1426 1774 1523 1803 eam
1539 1774 1648 1812 rem,
1666 1774 1776 1817 quae
1795 1771 1951 1804 natura

133 1823 225 1883 ipsa
244 1837 286 1869 et
306 1823 476 1869 ratione
496 1823 667 1878 nititur,
688 1822 742 1870 ad
758 1841 903 1870 mores
923 1838 965 1870 et
982 1824 1329 1884 superstitiosam
1351 1824 1572 1885 quandam
1592 1824 1867 1886 disciplinam
1891 1844 1951 1872 re-

131 1908 355 1938 vocamus.
377 1894 431 1938 Et
449 1890 588 1938 modo
607 1890 790 1939 honoris
810 1909 936 1939 causa
950 1892 1147 1953 primum
1166 1892 1221 1940 ad
1236 1910 1369 1953 quem
1386 1892 1556 1940 litterae
1571 1893 1733 1941 dantur
1750 1895 1948 1942 nomina-

132 1977 244 2015 mus,
268 1958 407 2006 modo
429 1959 551 2020 quod
572 1974 673 2007 ante
691 1959 821 2007 scribi
844 1961 1057 2022 oportuit,
1079 1975 1180 2022 post
1202 1959 1388 2008 omnia¹⁵
1409 1962 1671 2023 scriptorem
1694 1962 1949 2019 modestiae,

131 2042 180 2075 ut
201 2028 338 2084 aiunt,
361 2029 511 2088 gratIa,
531 2028 824 2076 subscribunt.
834 2027 865 2054 ¹⁶
888 2034 1037 2091 Atque
1059 2029 1130 2077 hic
1151 2048 1327 2091 quoque
1350 2030 1499 2078 differt
1522 2031 1712 2079 multum
1737 2050 1827 2093 quo
1849 2031 1951 2079 loco

130 2096 415 2144 subscribare.
448 2098 667 2144 Universa
695 2097 809 2145 linea
837 2099 1003 2159 signata
1031 2114 1106 2146 est.
1137 2100 1283 2146 Prima
1310 2117 1507 2160 quaeque
1537 2099 1634 2147 loca
1662 2100 1949 2148 ambitiosora

130 2180 245 2212 sunt.
270 2168 393 2212 Deus
415 2165 547 2222 bone,
571 2164 770 2227 quanta¹⁷
792 2168 1024 2227 ignoratio,
1049 2183 1213 2228 quanta
1234 2169 1431 2216 inanitas!
1455 2168 1540 2216 Sed
1558 2187 1662 2230 prae
1685 2169 1751 2216 his
1775 2170 1951 2231 inscrip-

131 2234 275 2280 tiones
298 2232 523 2281 insaniae¹⁸
544 2235 698 2281 ascribi
721 2235 896 2282 debent.
918 2235 1103 2283 Addunt
1125 2237 1243 2283 enim
1264 2236 1318 2283 ad
1336 2251 1512 2297 turpem
1533 2238 1946 2285 assentatiunculam

132 2302 423 2358 mendatium,
450 2317 498 2349 ut
525 2303 578 2349 ab
604 2303 670 2350 his
695 2304 749 2350 sit
776 2304 862 2350 iam
887 2303 1053 2351 factum
1078 2305 1379 2365 proverbium:
1411 2306 1771 2367 inscriptionibus
1799 2305 1947 2353 nihil¹⁹

131 2388 220 2417 esse
240 2370 506 2418 mendacius.
529 2371 629 2418 Illae
646 2389 755 2419 vero
773 2373 997 2420 institutae
1015 2387 1117 2420 sunt
1138 2388 1186 2420 ut
1204 2374 1381 2434 signatis
1400 2374 1569 2422 tabellis
1588 2374 1695 2422 foris
1715 2393 1946 2435 cognosca-

132 2457 229 2486 mus
255 2440 325 2486 cui
350 2437 509 2486 reddi²⁰
534 2439 699 2487 litteras
722 2455 938 2501 oporteat.
963 2445 1062 2488 Nos
1087 2456 1155 2488 tot
1180 2443 1413 2503 tantisque,
1437 2457 1485 2490 ut
1510 2443 1569 2490 ita
1592 2443 1750 2500 dicam,
1776 2443 1945 2491 involu-

131 2508 214 2554 cris
232 2507 446 2567 plicamus
470 2522 511 2554 et
532 2507 860 2565 confundimus,
885 2523 933 2556 ut
953 2527 1078 2570 saepe
1100 2508 1310 2570 oppleta²¹
1335 2510 1441 2557 foris
1463 2526 1581 2558 carta
1600 2513 1945 2572 exquisitissimis

131 2575 334 2636 ampullis
352 2576 426 2621 vix
440 2577 673 2637 proprium
695 2595 861 2624 nomen
878 2577 1093 2638 explicare
1109 2596 1251 2639 queas.
1269 2583 1430 2626 Extant
1447 2580 1579 2626 etiam
1594 2595 1827 2641 praecepta
1843 2595 1885 2627 et
1901 2580 1947 2626 li-

130 2643 233 2690 belli
261 2643 668 2692 circumferuntur²2
698 2645 751 2692 de
778 2646 1137 2707 inscriptionibus
1167 2647 1451 2708 epistolarum
1480 2663 1529 2695 ut
1557 2649 1824 2695 insaniorem
1855 2648 1948 2696 effi-

130 2712 247 2759 ciant
262 2727 432 2759 tantam
450 2713 676 2760 insaniam.
698 2717 797 2761 Nos
815 2715 965 2761 animo
986 2714 1195 2762 habemus
1214 2715 1450 2777 aliquando
1469 2731 1511 2763 et
1529 2717 1646 2764 intus
1663 2731 1705 2764 et
1723 2716 1829 2764 foris
1846 2718 1946 2764 scri-

129 2780 232 2828 bere
248 2782 414 2828 Latine.
431 2781 516 2828 Sed
529 2781 677 2839 velim,
695 2797 743 2830 ut
759 2782 863 2839 dixi,
880 2784 1100 2844 Papiensis
1117 2785 1422 2846 Campanique
1437 2786 1666 2832 sciscitetis
1680 2787 1945 2833 sententiam

129 2864 187 2905 et,
215 2850 250 2896 si
278 2849 435 2910 placet,
466 2849 541 2897 has
569 2851 702 2897 etiam
730 2851 895 2899 litteras
922 2852 1125 2899 ostendas
1151 2854 1393 2914 gratiasque
1423 2871 1532 2914 agas,
1562 2869 1716 2901 nostro
1747 2855 1943 2910 nomine,

208 3089 220 3115 f
235 3099 371 3145 Jacopo
394 3098 642 3141 Ammannati,
663 3098 859 3146 (1422-79),
884 3098 1053 3136 Cardinal
1073 3099 1115 3137 of
1133 3100 1248 3143 Pavia,
1268 3099 1339 3137 and
1359 3101 1546 3138 Giovanni
1563 3102 1732 3138 Antonio
1753 3103 1943 3149 Campano

130 3147 326 3196 (1429-77),
357 3148 492 3197 B'mhop
518 3148 559 3186 of
582 3152 747 3194 Teramo,
776 3153 991 3188 ‘correctore
1015 3165 1039 3188 o
1064 3151 1201 3189 editore
1225 3151 1263 3189 di
1286 3153 1369 3189 testi
1392 3152 1553 3196 antichi’‚
1576 3167 1634 3190 see
1662 3152 1849 3190 E.Pasztor
1874 3153 1945 3190 and

130 3202 431 3237 F.R.Hausmann
449 3201 489 3237 in
504 3202 594 3243 DBI,
610 3215 666 3238 sxv.
