2124 3464
139 186 370 220 PRIVATE
396 185 624 219 LETTERS
1884 176 1941 217 37

139 323 378 385 Magnifice
400 324 480 380 vir,
500 323 628 371 salve.
650 322 738 370 Nel
762 323 854 369 mio
877 322 988 369 male
1009 321 1076 369 da’
1100 321 1267 382 funghi,
1292 322 1434 369 trovai
1457 321 1599 368 molto
1622 322 1743 368 aiuto
1763 336 1805 368 et
1826 321 1870 368 di
1892 320 1949 368 fe-

140 392 257 440 delta
283 407 325 439 et
352 392 396 439 di
424 392 627 439 doctrina
654 392 699 437 in
728 395 925 438 Maestro
952 390 1175 438 Bernardo
1202 390 1257 437 da
1283 390 1424 437 Pavia.
1453 393 1526 437 Sta
1551 389 1669 437 nello
1697 389 1878 450 Spedale
1907 389 1951 437 di

139 465 307 508 Messer
332 459 575 507 Bonifatio·
601 460 646 506 in
674 458 812 506 modo
839 476 909 506 me
935 458 966 504 li
989 476 1092 519 pare
1119 476 1255 505 essere
1282 458 1387 505 assai
1413 457 1619 518 obligato.
1650 457 1949 505 Desiderebbe

139 528 324 590 qualche
352 527 523 575 honore
552 528 597 574 in
625 541 796 574 cotesto
823 541 975 574 vostro
1002 526 1157 574 Studio
1185 526 1229 574 di
1257 527 1365 582 Pisa,
1394 540 1435 573 et
1462 525 1556 573 dice
1582 525 1623 573 la
1649 525 1815 573 lectura
1840 525 1952 573 della

139 596 390 657 Chyrurgia
410 614 503 643 non
522 613 658 643 essere
676 613 837 642 ancora
853 594 953 642 data
968 594 1022 642 da
1037 595 1123 642 voi.
1145 594 1295 642 Credo
1313 595 1358 640 in
1377 609 1527 655 questa
1542 609 1665 655 parte
1681 595 1726 640 vi
1741 594 1949 641 servireb·

138 665 192 713 be
213 665 338 712 bene.
362 668 403 711 A
422 682 493 711 me
514 663 536 711 ὲ
555 678 715 725 paruto
738 663 907 710 huomo
928 662 1063 710 docto
1083 678 1125 710 et
1137 666 1384 724 praesertim
1406 663 1451 709 in
1472 677 1639 723 questo.
1663 666 1949 710 Certamente

140 734 201 780 mi
220 732 314 780 sara
334 732 477 780 molto
496 747 621 793 grato
642 731 774 779 habbi
794 746 950 792 questo
967 732 1187 792 principio
1209 730 1426 778 d'honore
1449 730 1503 778 da
1519 731 1593 778 voi
1612 749 1693 792 per
1711 731 1798 778 mia
1818 731 1948 778 inter-

139 802 345 849 cessione.
374 800 423 847 ΕΙ
450 800 606 848 salario
631 801 693 847 sia
719 799 844 861 quale
868 817 971 861 pare
997 817 1021 847 a
1045 800 1119 846 voi
1144 799 1309 860 purche
1339 799 1439 846 abbi
1465 814 1592 846 tanto
1618 817 1756 846 onore
1785 799 1864 846 che
1890 800 1952 846 sia

139 870 432 917 conveniente
455 887 479 916 3
500 886 593 916 uno
619 868 789 915 huomo
814 867 950 915 docto
973 882 1015 915 et
1038 867 1117 915 che
1139 867 1207 928 gia
1230 868 1333 915 anni
1357 872 1382 914 9
1407 867 1429 915 ὲ
1451 882 1566 914 stato
1590 867 1788 923 doctore,
1813 882 1854 914 et
1878 885 1949 914 an-

138 956 242 985 cora
263 937 285 984 ὲ
307 938 412 984 assai
434 937 796 998 experimentato.
821 940 869 983 Io
889 954 941 983 ve
962 936 1008 983 lo
1031 935 1337 983 raccomando.
1361 935 1580 983 Estimero
1603 936 1648 982 in
1671 954 1741 982 me
1762 936 1947 996 proprio

138 1006 242 1066 ogni
263 1023 345 1053 suo
367 1005 492 1052 bene.
515 1004 634 1052 Vale.
658 1009 722 1051 Ex
744 1004 967 1052 Florentia
986 1004 1055 1052 die
1082 1009 1131 1051 16
1151 1004 1417 1065 Septembris
1444 1008 1562 1051 1473.
1585 1004 1781 1051 Servitor
1802 1003 1951 1051 Barth-

138 1074 340 1121 olomeus
362 1073 483 1121 Scala
501 1088 614 1120 tuus.

1017 1214 1068 1255 43

567 1284 645 1324 ΤΟ
667 1284 946 1324 LORENZO
969 1285 1059 1323 DE’
1080 1285 1291 1324 MEDICI
1313 1286 1379 1323 IN
1398 1285 1522 1323 PISA

692 1351 917 1398 Florence,
938 1355 989 1392 25
1013 1351 1267 1404 September
1291 1355 1395 1392 1473

221 1447 334 1485 MAP
361 1448 506 1494 29,8o4.
535 1445 720 1498 Original.
746 1444 984 1498 Autograph.
1017 1448 1134 1485 Verso:
1162 1444 1411 1497 ‘[Magnifico]
1437 1445 1533 1485 Viro
1558 1445 1761 1485 Laurentio
1789 1444 1862 1493 [de’

221 1501 395 1551 Mkdicis
413 1502 511 1554 patri
528 1515 564 1542 et
581 1501 844 1550 [benJefactori
860 1517 961 1542 meo.
978 1502 1094 1541 Pisis?
1114 1501 1227 1542 Recd.
1247 1505 1294 1542 27
1310 1501 1530 1554 September
1550 1504 1652 1541 1473:
1672 1502 1862 1554 ‘Risposto

223 1573 244 1598 a
261 1557 300 1598 di
319 1557 450 1598 detto.’
471 1557 585 1606 Scala,
606 1561 787 1605 70-71,74
805 1560 1028 1606 [49‚50-51].

137 1661 376 1723 Magnifice
405 1663 473 1709 vir
498 1661 755 1709 benefactor
780 1662 856 1719 mi,
885 1661 1012 1709 salve.
1043 1662 1136 1721 Qui
1166 1661 1187 1709 ὲ
1215 1662 1334 1709 varia
1360 1662 1571 1723 opini0ne
1603 1661 1671 1709 del
1700 1676 1877 1709 tornare
1907 1676 1948 1709 et

139 1730 256 1794 dello
275 1745 387 1778 stare
406 1745 486 1778 tuo
508 1730 630 1778 costi.
653 1730 702 1776 El
725 1745 878 1791 tempo
900 1730 921 1777 ὲ
943 1730 1090 1778 brieve
1111 1730 1180 1777 nel
1202 1730 1326 1791 quale
1348 1735 1495 1778 Banco
1515 1730 1570 1778 da
1586 1734 1853 1787 Verrazano,
1876 1731 1948 1777 zio

138 1799 251 1847 della
267 1798 528 1860 Magdalena
546 1800 635 1846 mia
654 1798 816 1855 donna,
837 1798 929 1860 puo
953 1798 1108 1846 havere
1128 1799 1165 1846 el
1184 1800 1350 1860 partito
1370 1798 1480 1846 delle
1500 1803 1554 1846 36
1574 1798 1703 1855 fave,²
1719 1817 1800 1860 per
1817 1814 1948 1860 poter

137 1886 260 1915 usare
280 1867 308 1914 il
328 1867 548 1915 beneficio
570 1867 614 1915 di
633 1867 704 1915 chi
723 1867 778 1915 ha
796 1867 1029 1915 observato
1051 1871 1087 1915 e'
1108 1867 1277 1915 confini
1297 1882 1338 1915 et
1354 1868 1571 1928 portatosi
1592 1867 1718 1924 bene,
1739 1885 1866 1914 come
1885 1867 1946 1914 lui

140 1935 194 1983 ha
214 1935 346 1992 facto,
367 1936 412 1983 di
432 1935 512 1983 che
531 1937 565 1983 ti
583 1935 720 1996 parlai
740 1935 848 1983 altra
865 1935 997 1983 volta.
1018 1935 1068 1982 El
1089 1950 1242 1997 tempo
1263 1935 1285 1983 ὲ
1305 1950 1425 1983 tutto
1445 1935 1490 1983 di
1510 1941 1534 1983 5
1554 1935 1784 1983 d'octobre
1803 1936 1948 1996 proxi-

138 2022 228 2051 mo.
255 2004 447 2064 Priegoti
471 2018 513 2051 te
538 2022 591 2051 ne
617 2003 792 2060 ricordi,
819 2018 860 2051 et
884 2003 1089 2051 restando
1114 2003 1236 2060 costi,
1263 2004 1495 2051 commetti
1518 2022 1542 2051 a
1565 1997 1799 2051 Giulianob
1824 2022 1852 2051 o
1878 2003 1949 2051 chi

138 2073 172 2120 ti
194 2090 364 2133 paresse
390 2073 435 2119 in
461 2072 599 2120 modo
625 2073 669 2119 io
692 2073 809 2133 possi
837 2072 1120 2134 haverepace
1145 2072 1257 2120 colla
1281 2072 1443 2129 donna,
1469 2072 1509 2120 13
1533 2072 1657 2134 quale
1683 2072 1727 2120 di
1752 2087 1793 2120 et
1818 2087 1948 2120 nocte

139 2141 226 2188 mai
255 2155 367 2188 resta
393 2140 438 2188 di
464 2140 826 2188 sollecitarmene.
857 2145 905 2188 Io
933 2142 978 2187 in
1006 2140 1145 2188 verita
1171 2140 1208 2188 al
1235 2156 1436 2202 presente
1465 2159 1556 2188 non
1584 2142 1729 2202 potrei
1758 2142 1948 2188 ricevere

139 2210 358 2270 maggiore
380 2210 564 2270 piacere.

224 2278 317 2337 Qui
338 2276 384 2325 fu
406 2277 516 2325 hieri
534 2282 702 2325 Messer
721 2277 975 2338 Guglielmo
998 2296 1026 2325 o
1048 2278 1160 2325 altro
1181 2279 1408 2326 nome—in
1430 2296 1479 2325 su
1500 2278 1541 2325 13
1559 2278 1715 2325 lettera
1731 2278 1843 2325 della
1862 2296 1948 2325 cre-

138 2345 278 2393 denza
294 2364 365 2393 era
379 2364 471 2393 uno
492 2349 561 2393 .G.
579 2364 659 2407 per
674 2364 807 2393 nome
824 2347 1275 2407 proprioc—Vescovo
1296 2346 1340 2394 di
1356 2346 1610 2403 Policastro,
1630 2346 1945 2393 imbasciadore

138 2413 207 2461 del
226 2418 290 2461 Re
308 2413 352 2461 di
370 2414 551 2475 Napoli.
572 2418 727 2461 Venne
746 2414 827 2462 alla
843 2415 1051 2475 Signoria.
1076 2414 1304 2475 Ringratio
1323 2414 1439 2462 dello
1458 2414 1627 2462 honore
1648 2414 1760 2462 fatto
1778 2414 1859 2462 alla
1876 2414 1950 2475 fig-

137 2481 285 2539 liuola,
318 2479 544 2529 Duchessa
576 2482 620 2529 di
650 2477 859 2539 Ferrara,d
890 2498 931 2530 et
962 2501 1047 2530 con
1076 2483 1225 2544 parole
1259 2483 1521 2544 amplissime
1555 2482 1684 2530 offeri
1714 2483 1772 2539 se,
1804 2486 1839 2530 e’
1874 2482 1947 2544 fig-

137 2550 262 2598 liuoli
285 2565 327 2598 et
346 2550 385 2598 le
406 2569 505 2598 cose
527 2550 627 2598 ‹d›el
650 2555 817 2612 Regno,
840 2569 966 2599 come
987 2551 1123 2599 fanno
1145 2553 1265 2612 quasi
1285 2570 1455 2613 sempre
1478 2551 1549 2599 chi
1568 2570 1775 2612 vengono
1799 2551 1854 2599 da
1870 2551 1944 2599 lui.

218 2758 230 2772 ²
249 2753 326 2855 'l)“he
342 2753 498 2802 hospital
516 2754 556 2790 in
573 2753 744 2792 Florence
760 2753 921 2792 founded
939 2755 977 2791 in
997 2758 1083 2792 1362
1102 2754 1150 2803 by
1167 2754 1353 2793 Bonifazio
1373 2756 1465 2804 Lupi
1482 2754 1523 2792 of
1540 2757 1674 2792 Parma.
1694 2754 1751 2792 Cf.
1771 2754 1877 2792 letter
1893 2758 1947 2799 65,

138 2818 225 2844 note
243 2821 262 2844 c
279 2838 286 2844 .

218 2868 231 2883 ²
248 2863 325 2902 The
340 2865 510 2913 majority
526 2864 568 2902 of
583 2877 684 2902 votes
700 2864 741 2902 of
754 2864 816 2903 the
832 2866 1004 2913 Signoria,
1022 2865 1184 2914 Collegae
1201 2865 1272 2904 and
1285 2865 1348 2903 the
1366 2868 1459 2904 Otto
1477 2865 1515 2903 di
1532 2865 1689 2904 Guardia
1707 2880 1889 2914 necessary
1906 2878 1945 2903 to

138 2917 243 3007 §cazh
261 2917 470 3016 {rppgfixile
491 2921 610 3008 Bai’nzco
630 2917 669 2956 di
689 2919 865 2956 Fruosino
883 2918 922 2956 di
942 2921 1034 2956 Cece
1055 2918 1099 2957 da
1120 2922 1355 2963 Verrazzano,
1376 2919 1588 2957 Maddalena
1609 2920 1746 2957 Benci’s
1766 2918 1883 2963 uncle,
1904 2918 1948 2956 cf.

159 2983 198 3007 ca
235 2999 243 3013 ,
428 2982 515 3007 note
581 3001 588 3007 .

218 3020 234 3046 b
252 3027 425 3066 Giuliano
442 3028 499 3066 de’
517 3028 662 3073 Medici,
683 3031 877 3067 Lorenzo's
895 3029 1054 3067 brother.

219 3090 233 3104 ⁰
250 3085 397 3123 Gabriel
413 3085 459 3123 da
477 3085 659 3124 Guidano.
679 3089 738 3124 He
755 3087 783 3124 is
802 3098 868 3124 not
884 3086 987 3124 listed
1006 3087 1045 3123 in
1066 3087 1131 3125 The
1145 3086 1248 3125 Libro
1268 3087 1511 3131 Cerimoniala
1530 3086 1659 3125 below.

218 3138 235 3163 ‘¹
252 3143 430 3181 Eleonora
446 3143 487 3181 of
500 3146 659 3192 Aragon,
677 3144 762 3182 who
780 3159 850 3182 was
869 3145 1028 3183 received
1043 3145 1134 3183 with
1148 3158 1243 3194 great
1259 3145 1408 3183 honour
1421 3146 1461 3182 in
1477 3145 1647 3183 Florence
1663 3159 1716 3183 on
1731 3145 1797 3183 her
1811 3159 1892 3193 way
1907 3157 1947 3182 to

140 3198 284 3233 Ferrara
300 3209 335 3233 as
355 3195 455 3233 bride
473 3195 514 3234 of
530 3195 655 3234 Ercole
674 3199 698 3240 1,
718 3197 756 3233 in
770 3199 862 3243 June
882 3200 979 3240 1473,
997 3211 1054 3234 see
1077 3197 1142 3235 The
1156 3197 1259 3235 Libro
1279 3197 1522 3241 Cm‘moniale,
1540 3197 1594 3235 ed.
1615 3197 1771 3241 Trexler,
1791 3200 1845 3237 89.
