2118 3444
122 155 305 188 ESSAYs
1829 147 1919 188 319

122 309 390 353 quamquam
410 290 530 338 dictu
549 290 745 337 mirabile
765 305 842 346 est,
862 289 1159 350 magnitudine
1182 291 1346 350 ingenti
1363 308 1439 337 sua
1457 290 1695 351 attingebat
1712 290 1861 338 lunam
1882 309 1930 338 ea

122 359 380 407 claritudine
406 376 454 406 ac
475 358 708 419 splendore
734 372 781 405 ut
806 358 1018 405 excubare
1044 358 1087 404 in
1114 357 1257 405 media
1279 357 1417 405 solem
1444 357 1567 406 facile
1590 358 1760 406 dixeris.
1786 361 1929 406 Tanta

121 442 268 475 autem
296 428 434 474 inerat
460 426 655 473 celeritas
680 427 723 472 in
753 440 877 472 motu
906 440 953 472 ut
980 443 1079 472 eum
1109 427 1180 472 vix
1207 427 1316 473 acies
1343 425 1533 473 humana
1561 425 1923 487 assequeretur.¹0³

120 500 305 542 Numen
329 512 436 541 vero
460 495 595 541 inesse
618 493 908 554 philosophus
936 494 1201 541 asseverabat
1225 494 1351 541 rebus
1374 495 1618 555 propitium
1646 495 1818 550 nostris,
1846 496 1926 542 rite

119 563 154 610 si
178 562 359 609 colatur.
1356 582 1359 584 ,

882 701 948 744 42.
975 696 1167 744 Libertas

120 800 379 847 Evolaverat
406 817 428 846 e
453 817 582 846 cavea
604 800 812 859 psittacus
838 800 911 860 qui
938 799 1103 860 aliquot
1129 817 1266 846 annos
1293 799 1432 846 fuerat
1456 799 1602 847 divitis
1628 800 1799 847 domini
1826 797 1923 846 in¹⁰⁴

120 868 298 924 deliciis,
327 885 458 928 quem
485 882 715 914 attrectare
737 867 893 914 leniter
918 867 1232 915 candidissimis
1260 867 1441 914 domina
1467 868 1668 915 manibus
1695 886 1927 915 consueve—

121 932 239 983 rat¹⁰⁵
270 951 311 983 et
340 932 599 982 saccharo¹⁰⁶
630 953 804 996 pascere
835 950 876 982 et
906 935 1213 982 delectioribus
1245 935 1427 982 cibariis.
1460 936 1547 982 Cui
1578 936 1765 983 blandiri
1798 951 1927 996 atque

120 1003 310 1051 alludere
342 1003 627 1064 elegantiores
658 1004 790 1050 etiam
822 1003 1085 1050 domesticae
1113 1000 1350 1064 puellae,¹⁰⁷
1383 1021 1558 1064 quoque
1591 1003 1751 1051 referre
1781 1004 1928 1051 oscula

120 1087 162 1119 et
198 1072 299 1119 dare
337 1072 451 1132 ipsae
487 1072 686 1118 suavium
726 1068 1111 1118 contenderent.¹⁰⁸
1154 1071 1352 1119 Liberior
1388 1071 1488 1119 inde
1527 1071 1665 1119 factus
1701 1090 1802 1119 cum
1843 1072 1928 1119 huc

119 1156 249 1201 atque
271 1139 373 1187 illuc
395 1139 573 1200 vagulus
596 1139 945 1196 circumvolaret,
969 1139 1120 1187 incidit
1145 1141 1190 1186 in
1212 1141 1464 1201 accipitrem
1487 1155 1630 1201 atque,
1651 1156 1699 1188 ut
1723 1142 1863 1188 teneri
1882 1159 1926 1188 se

118 1209 265 1264 sensit,
308 1209 424 1255 inter
463 1209 686 1264 miserum,
731 1226 821 1268 quo
862 1205 1064 1255 omnia¹⁰⁹
1108 1208 1371 1269 complebat,
1413 1208 1662 1265 stridorem,
1706 1210 1926 1256 consuetis

119 1277 251 1323 etiarn
290 1275 573 1332 blanditiolis,
613 1277 647 1322 si
685 1273 884 1336 posset¹¹⁰
925 1277 983 1323 ita
1019 1275 1137 1323 flecti
1174 1275 1289 1323 ferus
1327 1276 1476 1332 hostis,
1516 1277 1733 1324 utebatur:
1772 1283 1924 1333 χαῖρε

119 1349 265 1399 κύριε
289 1350 436 1399 χαῖρε
460 1345 716 1399 δέσποινα,
742 1347 865 1399 ἐμὸν
890 1346 997 1399 μέλι
1021 1349 1110 1388 καὶ
1131 1347 1220 1400 ἐμὴ
1250 1341 1456 1400 ψυχη.111
1483 1348 1654 1391 Interea
1674 1362 1775 1391 cum
1799 1344 1928 1392 lacer-

119 1426 266 1459 aretur
280 1426 430 1458 tamen
449 1412 623 1472 iamque
642 1411 780 1458 rabidi
799 1426 840 1458 et
858 1410 1015 1458 letiferi
1032 1429 1196 1472 ungues
1216 1411 1270 1458 ad
1287 1411 1514 1459 corculum
1534 1430 1669 1473 usque
1688 1427 1925 1473 penetrass-

119 1494 206 1527 ent:
232 1483 398 1539 ‘Quam
423 1480 591 1536 nimio,’
619 1480 775 1540 inquit,
800 1479 989 1527 ‘libertas
1010 1494 1195 1536 constat,
1218 1498 1326 1540 quae
1347 1481 1437 1527 vita
1457 1481 1646 1527 emitur.’

903 1620 970 1662 43.
995 1620 1142 1663 Metus

118 1717 351 1777 Opinatio,
377 1734 478 1763 cum
501 1718 716 1777 genuisset
740 1735 791 1763 ex
813 1717 1013 1764 Periculo
1035 1722 1224 1774 Metum‚
1247 1717 1382 1764 futuri
1406 1719 1560 1765 misere
1581 1718 1767 1765 sollicita
1790 1733 1931 1765 mater

118 1784 337 1832 consuluit
368 1784 543 1831 oracula
565 1799 628 1841 ut,
655 1803 764 1845 quae
791 1799 986 1832 maneret
1011 1784 1189 1832 fortuna
1215 1800 1381 1841 natum,
1410 1785 1691 1846 intellegeret.
1718 1789 1836 1833 Cum
1864 1804 1925 1833 re-

116 1852 394 1914 spondissent
428 1867 547 1900 vates
577 1867 625 1900 ut
658 1852 752 1900 filio
786 1867 971 1909 caveret,
1003 1854 1092 1900 eius
1123 1853 1250 1900 saluti
1284 1853 1514 1901 consulens
1547 1868 1589 1901 et
1620 1855 1734 1901 vitae
1766 1855 1926 1901 timens

117 1939 285 1968 armare
303 1922 499 1981 primum
520 1922 762 1968 constituit.
783 1922 941 1968 Citatis
960 1939 1063 1982 ergo
1080 1921 1370 1969 nobilioribus
1394 1921 1539 1978 fabris,
1559 1923 1786 1983 negotium
1807 1922 1927 1970 dedit

117 2007 238 2036 arma
259 1988 539 2036 conficiendi.
564 1993 675 2036 Fato
696 2004 842 2036 autem
865 1987 959 2036 id¹12
985 1989 1178 2050 quodam
1202 1990 1462 2037 crediderim
1484 1990 1699 2047 accidisse,
1723 1992 1801 2038 etsi
1823 2005 1924 2037 sunt

118 2056 179 2102 illi
201 2056 275 2103 diu
296 2056 574 2117 multumque
598 2058 759 2112 conati,
778 2071 927 2104 tamen
948 2058 1054 2117 quin
1075 2057 1217 2118 aliqua
1236 2058 1451 2105 continuo
1473 2059 1670 2118 corporis
1691 2076 1789 2119 pars
1811 2058 1928 2105 nuda

118 2124 451 2184 relinqueretur,
477 2123 652 2171 efficere
675 2142 766 2171 non
790 2139 1045 2185 potuerunt.
1074 2129 1242 2172 Interea
1263 2143 1363 2172 cum
1389 2126 1434 2172 in
1460 2144 1585 2173 crura
1607 2127 1863 2173 excrevisset
1887 2141 1928 2173 et

115 2192 261 2253 pedes,
288 2206 414 2252 pater
436 2210 543 2239 vero
566 2192 727 2253 plantis
753 2192 1025 2240 adnexuisset
1052 2193 1149 2249 alas,
1176 2194 1354 2240 excessit
1382 2194 1427 2240 in
1453 2194 1722 2241 solitudines.
1752 2194 1844 2241 Ubi
1872 2194 1926 2241 ad

116 2260 321 2307 umbram
359 2260 550 2307 insolens
586 2279 820 2308 conversus
855 2260 1090 2322 aliquando
1124 2262 1189 2308 sui
1223 2262 1419 2322 corporis
1455 2276 1584 2323 atque
1618 2261 1928 2309 exterrefactus

120 2329 255 2389 (venit
277 2329 395 2375 enim
420 2329 464 2375 in
488 2343 684 2376 mentem
705 2329 883 2390 oraculi)
908 2347 988 2390 per
1008 2331 1124 2377 invia
1144 2331 1275 2377 etiam
1298 2348 1493 2391 quaeque
1515 2345 1556 2378 et
1576 2345 1810 2391 praerupta
1830 2330 1927 2378 loca

115 2396 302 2457 pallidus
326 2411 456 2457 atque
479 2398 689 2444 exanimis
713 2396 1014 2458 effugiebat.¹¹³
1040 2398 1179 2457 Quod
1203 2399 1475 2459 conspicatae
1499 2398 1697 2446 Oreades
1720 2399 1764 2445 in
1789 2399 1927 2446 cachi-

118 2482 258 2511 nnum
279 2482 456 2525 quoque
472 2465 768 2525 profusiorem
792 2465 1004 2513 resolutae
1023 2466 1237 2513 dicebant:
1259 2470 1423 2525 ‘Quam
1443 2466 1550 2512 nihil
1572 2467 1686 2514 inter
1700 2484 1743 2514 se
1763 2466 1926 2523 differt,

117 2547 267 2579 utrum
291 2550 343 2579 ex
366 2551 410 2579 re
433 2533 539 2593 quid
561 2531 808 2580 metuam¹¹⁴
833 2551 887 2580 an
909 2534 1124 2581 inaniter.’

898 2676 964 2717 44.
990 2669 1145 2718 Gloria

115 2775 228 2818 Non
247 2770 411 2818 multos
429 2786 530 2832 post
549 2771 653 2827 dies,
671 2772 828 2832 quibus
846 2772 1039 2833 Apologi
1060 2774 1128 2820 isti
1146 2774 1232 2820 mei
1251 2773 1414 2820 invidia
1429 2788 1690 2820 secesserant
1706 2788 1754 2820 ut
1771 2791 1921 2820 sumus

116 2838 313 2899 plerique
341 2838 556 2886 avidiores
580 2839 756 2899 gloriae,
785 2857 955 2887 rursum
984 2841 1138 2901 spretis
1165 2841 1324 2888 nostris
1351 2841 1532 2888 monitis
1559 2858 1583 2888 a
1609 2841 1735 2888 nobis
1763 2840 1928 2888 defece·

118 2921 234 2953 runt.
263 2906 404 2966 Quod
429 2921 576 2954 autem
602 2907 837 2968 imperium
866 2916 1234 2969 contempserant,
1261 2926 1350 2969 quo
1377 2905 1613 2956 minime¹¹⁵
1641 2923 1928 2969 evagarentur

118 2973 354 3031 edixeram,
391 2974 446 3022 ad
479 2976 805 3036 Antiquitatem
842 2975 1133 3036 confugerunt
1170 2976 1309 3023 deam.
1347 2977 1554 3023 Venerati
1589 2994 1692 3037 ergo
1729 2977 1922 3024 numinis

118 3043 405 3098 maiestatem,
423 3057 471 3089 ut
488 3043 604 3090 inter
618 3060 719 3090 suos
736 3061 779 3090 se
798 3044 1008 3104 reciperet
1021 3044 1324 3104 precabantur.
1344 3044 1588 3105 Respondit
1606 3044 1698 3092 dea:
1718 3045 1822 3092 ‘Etsi
1838 3059 1924 3092 stu-

118 3109 241 3157 dium
263 3109 380 3157 haud
400 3111 619 3171 ingratum
640 3125 716 3167 est,
738 3111 901 3159 multos
921 3126 1070 3159 tamen
1090 3130 1228 3160 annos
1249 3112 1327 3160 hae
1347 3111 1462 3160 fores
1482 3130 1574 3160 non
1592 3127 1758 3174 patent.
1779 3112 1924 3160 Modo
