2124 3458
241 167 331 207 442

362 315 555 372 Nanque
578 329 658 371 ego
681 311 787 358 dum
811 330 1012 359 canerem
1032 313 1156 372 parvi
1177 314 1406 360 Munionis
1430 313 1484 360 ad
1503 313 1667 361 undam

363 380 473 426 Otia
494 397 782 440 componens,
808 379 938 427 viridi
958 394 1200 441 prostratus
1223 382 1268 427 in
1290 381 1460 438 umbra,

362 447 564 495 Adsonat
589 462 630 494 et
652 447 819 508 fugiens
841 466 920 508 per
940 447 1051 495 levia
1070 466 1170 496 saxa
1189 467 1399 506 susurrus,

361 520 472 563 Ecce
495 515 605 562 mihi
627 517 747 563 stetit
769 531 868 563 ante
890 516 1054 573 oculos,
1080 535 1192 574 reor,
1215 535 1302 564 una
1325 517 1517 565 dearum:

362 584 438 632 Illa
460 584 556 641 fuit,
580 602 757 632 carmen
779 586 848 632 cui
871 585 994 632 cordi
1015 600 1056 633 et
1077 585 1195 642 silva,
1219 586 1384 633 Thalia.

362 652 611 713 Cingebant
635 652 794 700 virides
815 654 938 700 vario
960 653 1012 700 de
1034 653 1143 701 flore
1166 654 1344 715 capillos

360 724 498 768 Suave
521 722 767 768 intertextis
788 721 903 769 foliis
924 723 1138 783 pictisque
1161 723 1367 770 corimbis

360 792 518 849 Deque
540 807 615 836 sua
637 790 697 836 sic
719 808 830 836 nexa
851 808 984 837 manu
1008 789 1241 850 fragrantia
1259 806 1385 847 serta,

359 857 646 917 Vestibatque
670 857 877 904 humeros
899 857 1045 918 palma
1066 859 1282 919 scirpique
1303 859 1526 919 palustres.

361 929 509 986 Atque
533 926 603 972 ait:
630 929 706 972 “O
731 944 958 987 nunquam
982 926 1230 973 studiorum
1255 926 1390 974 oblite
1414 945 1631 984 meorum,

359 997 537 1054 Surge,”
563 994 771 1055 deditque
793 1013 974 1042 manum
998 994 1172 1056 trepido
1195 1010 1236 1042 et
1257 1010 1375 1043 trans
1396 995 1582 1043 flumina
1604 996 1740 1043 duxit.

359 1063 445 1109 Vix
466 1080 546 1122 per
566 1080 666 1109 saxa
685 1062 850 1123 pedum
873 1063 1071 1123 gradiens
1092 1064 1270 1123 vestigia
1290 1065 1413 1111 tinxi.

359 1131 573 1177 Venimus
598 1130 807 1178 acclivem
828 1131 882 1178 ad
902 1132 1041 1192 ripam
1066 1131 1277 1192 callesque
1300 1132 1512 1192 malignos

358 1202 549 1259 Spesque
573 1199 720 1246 aberat
739 1200 924 1260 proprio
949 1199 1003 1246 ad
1021 1218 1245 1247 summum
1269 1200 1505 1261 pervadere
1527 1202 1636 1257 nisu3

358 1267 539 1314 Sustulit
564 1285 667 1327 ergo
689 1285 823 1314 manu
846 1267 1126 1324 titubantem,
1150 1283 1190 1315 et
1211 1269 1356 1316 sistitit
1379 1268 1475 1316 alte.

359 1336 515 1382 Circus
539 1350 629 1382 erat
651 1350 770 1383 totus
793 1337 896 1383 vivo
920 1336 972 1383 de
994 1337 1178 1397 caespite
1198 1351 1382 1397 saeptus,

358 1407 538 1450 Pratum
562 1404 712 1464 ingens
736 1405 865 1460 intus,
890 1404 1124 1465 medioque
1149 1406 1194 1450 in
1216 1406 1409 1465 gramine
1432 1406 1566 1466 surgit

357 1476 617 1518 Marmoreo
641 1471 693 1519 de
715 1471 839 1519 fonte
860 1472 1007 1533 liquor
1028 1474 1247 1533 serpitque
1268 1491 1348 1534 per
1369 1473 1548 1521 herbam

357 1539 492 1586 Unda
514 1539 643 1600 fugax
665 1541 789 1586 omni
813 1540 1061 1600 producens
1083 1555 1283 1601 tempore
1306 1541 1449 1588 flores.

357 1607 539 1654 Elisium
565 1609 710 1668 superi
733 1609 943 1655 vocitant:
968 1626 1047 1655 nos
1071 1608 1212 1655 dicere
1232 1627 1406 1656 suemus

358 1676 574 1731 Insitium‚
598 1675 721 1722 locus
744 1690 806 1722 est
829 1676 1040 1736 quoniam
1064 1677 1268 1723 insitione
1293 1676 1487 1724 decorus.

358 1744 695 1804 Quinquaginta
716 1743 867 1791 sedent
890 1743 1043 1791 heroes
1067 1762 1287 1791 marmora
1310 1746 1488 1801 circum,

357 1812 561 1858 Moribus
587 1813 702 1859 inter
721 1830 764 1859 se
786 1813 914 1859 variis
936 1827 978 1859 et
999 1812 1166 1873 dispare
1188 1813 1345 1873 lingua.

356 1884 456 1927 Nec
476 1881 618 1941 patria
639 1895 700 1927 est
724 1879 890 1937 eadem,
912 1880 1106 1927 studium
1130 1895 1278 1928 tamen
1300 1881 1506 1928 omnibus
1530 1899 1669 1928 unum

356 1948 580 1995 Tellurem
605 1948 748 1996 colere
771 1963 812 1996 et
832 1949 958 1996 silvas
981 1967 1249 2010 componere
1273 1949 1444 1997 chartis.

357 2017 446 2064 Hic
469 2016 648 2064 aderant
667 2018 821 2078 positis
846 2017 1024 2078 quidam
1045 2019 1285 2079 spretisque
1308 2018 1542 2079 triumphis

358 2086 467 2132 Otia
487 2086 641 2132 sectari
661 2103 896 2146 securaque
919 2086 1157 2133 commoda
1179 2087 1300 2133 ruris.

357 2148 600 2201 Corvinusb
627 2168 694 2201 tot
715 2169 815 2215 post
840 2153 972 2201 fasces
994 2154 1048 2201 ad
1065 2154 1241 2215 publica
1262 2156 1381 2202 venit

356 2227 559 2279 Munera,
582 2222 724 2269 bobus
748 2237 838 2270 arat
859 2223 1004 2270 telluri
1024 2224 1191 2270 semina
1213 2223 1404 2271 credens.

355 2295 477 2337 Nam
502 2290 608 2351 quid
629 2290 891 2338 Publicolasc
913 2309 1158 2338 memorem
1182 2310 1448 2352 magnosque
1474 2291 1700 2348 Camillos,

356 2362 448 2405 Aut
472 2358 636 2405 multos
661 2377 851 2418 quorum
876 2359 978 2406 villa
999 2373 1060 2406 est
1083 2360 1239 2406 mirata
1258 2362 1499 2407 senectam?

355 2425 459 2473 Vidi
483 2440 524 2473 et
546 2426 864 2483 Aristotelem,e
887 2441 1030 2487 teque,
1054 2445 1081 2473 o
1103 2421 1436 2487 Theophraste‚f
1453 2442 1655 2474 serentes.

1706 2286 1724 2316 d

1831 178 1969 211 PART
1994 179 2046 212 VI

1867 602 1929 634 660

1867 942 1927 975 665

1866 1284 1927 1315 670

1864 1624 1924 1655 675

1863 1964 1925 1996 680

1862 2306 1922 2338 685

314 2632 329 2657 b
341 2638 502 2676 Valerius
515 2638 678 2676 Messalla
692 2640 874 2677 Corvinus
888 2639 945 2687 (64
958 2649 1086 2676 BC-AD
1104 2639 1148 2688 8),
1163 2654 1182 2677 a
1192 2639 1449 2688 distinguished
1460 2639 1602 2684 soldier,
1615 2652 1806 2678 statesman
1819 2639 1890 2678 and
1899 2639 2046 2689 literary

233 2703 376 2739 patron.

314 2754 327 2768 ⁰
350 2749 496 2788 Publius
519 2749 678 2788 Valerius
702 2750 896 2799 Poplicola,
919 2750 1164 2799 traditionally
1185 2765 1255 2789 one
1278 2750 1319 2789 of
1338 2750 1400 2789 the
1420 2750 1499 2789 first
1522 2750 1663 2789 consuls
1686 2752 1726 2788 in
1748 2754 1813 2789 509
1836 2760 1896 2795 BC,
1921 2750 2044 2789 whose

233 2816 439 2850 cognomen
460 2801 590 2840 ‘friend
607 2801 648 2840 of
664 2801 727 2840 the
743 2802 885 2851 people'
906 2802 1092 2840 resembles
1114 2806 1277 2841 Lorenzo
1296 2802 1333 2841 di
1351 2802 1640 2841 Pierfrancesco's
1659 2802 1813 2852 adopted
1833 2817 1937 2841 name
1955 2802 2045 2841 after

235 2857 333 2891 1494.

313 2906 329 2931 ‘¹
349 2915 492 2950 Marcus
515 2913 640 2950 Furius
664 2912 847 2957 Camillus,
869 2912 1002 2950 second
1022 2912 1178 2951 founder
1197 2913 1238 2951 of
1256 2916 1371 2951 Rome
1393 2912 1482 2951 after
1501 2913 1563 2951 the
1585 2912 1700 2951 Gallie
1720 2914 1886 2951 invasion
1904 2914 1943 2950 in
1963 2916 2041 2957 387,

233 2964 357 3002 whose
373 2978 443 3002 son
460 2964 531 3002 and
548 2964 727 3013 grandson
746 2979 839 3002 were
857 2964 929 3003 also
949 2965 1101 3003 consuls.

314 3028 326 3042 ⁶
345 3023 521 3061 Aristotle
540 3024 567 3061 is
586 3023 765 3072 probably
784 3023 887 3061 listed
907 3023 990 3061 here
1009 3023 1068 3061 for
1086 3023 1140 3061 his
1158 3023 1336 3072 supposed
1358 3023 1463 3061 work
1478 3026 1533 3061 De
1547 3023 1684 3072 plantis,
1706 3037 1740 3061 as
1759 3023 1840 3061 well
1859 3037 1894 3061 as
1914 3022 1973 3061 for
1991 3022 2046 3061 his

233 3076 395 3123 writings
413 3088 465 3112 on
482 3075 621 3112 natura]
639 3074 790 3123 history.

314 3127 325 3152 f
339 3132 618 3181 Theophrastus,
635 3132 737 3181 pupil
751 3132 792 3170 of
805 3132 990 3177 Aristotle,
1006 3132 1129 3171 whose
1140 3135 1195 3171 De
1208 3133 1346 3170 historia
1358 3133 1560 3181 plantarum
1575 3132 1645 3170 and
1657 3135 1713 3170 De
1726 3136 1828 3170 causis
1838 3132 2042 3181 plantarum

234 3198 328 3222 were
347 3183 488 3222 known
504 3185 543 3220 in
559 3184 622 3222 the
641 3185 872 3222 Renaissance
891 3184 961 3222 and
978 3184 1112 3233 quoted
1131 3184 1179 3232 by
1196 3184 1293 3222 Scala
1310 3184 1377 3232 (see
1397 3187 1501 3228 1224,
1520 3196 1606 3222 note
1625 3183 1672 3232 b).
