<?xml version="1.0" encoding="UTF-8"?>
<!DOCTYPE html PUBLIC "-//W3C//DTD XHTML 1.0 Transitional//EN"
    "http://www.w3.org/TR/xhtml1/DTD/xhtml1-transitional.dtd">
<html xmlns="http://www.w3.org/1999/xhtml" xml:lang="en" lang="en">
 <head>
  <title>
</title>
<meta http-equiv="Content-Type" content="text/html;charset=utf-8" />
  <meta name='ocr-system' content='tesseract 3.04.00' />
  <meta name='ocr-capabilities' content='ocr_page ocr_carea ocr_par ocr_line ocrx_word'/>
</head>
<body>
  <div class='ocr_page' id='page_1' title='image "bartolomeoscalah00scaluoft_0464.png"; bbox 0 0 2124 3458; ppageno 0'>
   <div class='ocr_carea' id='block_1_1' title="bbox 213 180 2017 221">
    <p class='ocr_par' dir='ltr' id='par_1_1' title="bbox 213 180 2017 221">
     <span class='ocr_line' id='line_1_1' title="bbox 213 180 2017 221; baseline -0.002 0"><span class='ocrx_word' id='word_1_1' title='bbox 213 180 304 221; x_wconf 86' lang='lat'>424</span> <span class='ocrx_word' id='word_1_2' title='bbox 1803 184 1941 217; x_wconf 83' lang='lat' dir='ltr'>PART</span> <span class='ocrx_word' id='word_1_3' title='bbox 1966 184 2017 218; x_wconf 89' lang='lat' dir='ltr'>Vl</span> 
     </span>
    </p>
   </div>
   <div class='ocr_carea' id='block_1_2' title="bbox 419 322 1904 860">
    <p class='ocr_par' dir='ltr' id='par_1_2' title="bbox 419 322 1373 383">
     <span class='ocr_line' id='line_1_2' title="bbox 419 322 1373 383; baseline -0.002 -13"><span class='ocrx_word' id='word_1_4' title='bbox 419 324 599 371; x_wconf 88' lang='lat' dir='ltr'>Sericeis</span> <span class='ocrx_word' id='word_1_5' title='bbox 620 337 768 370; x_wconf 91' lang='lat' dir='ltr'>toturn</span> <span class='ocrx_word' id='word_1_6' title='bbox 790 323 915 383; x_wconf 91' lang='lat' dir='ltr'>spiris</span> <span class='ocrx_word' id='word_1_7' title='bbox 940 340 1049 383; x_wconf 91' lang='lat' dir='ltr'>opus</span> <span class='ocrx_word' id='word_1_8' title='bbox 1074 322 1373 369; x_wconf 91' lang='lat' dir='ltr'>intertextum.</span> 
     </span>
    </p>

    <p class='ocr_par' dir='ltr' id='par_1_3' title="bbox 421 390 1426 452">
     <span class='ocr_line' id='line_1_3' title="bbox 421 390 1426 452; baseline -0.003 -13"><span class='ocrx_word' id='word_1_9' title='bbox 421 397 517 452; x_wconf 90' lang='lat' dir='ltr'>Ipsa</span> <span class='ocrx_word' id='word_1_10' title='bbox 536 392 622 439; x_wconf 89' lang='lat' dir='ltr'>suis</span> <span class='ocrx_word' id='word_1_11' title='bbox 647 391 848 438; x_wconf 92' lang='lat' dir='ltr'>manibus</span> <span class='ocrx_word' id='word_1_12' title='bbox 872 391 1111 438; x_wconf 88' lang='lat' dir='ltr'>connexuit</span> <span class='ocrx_word' id='word_1_13' title='bbox 1135 390 1289 437; x_wconf 87' lang='lat' dir='ltr'>ordine</span> <span class='ocrx_word' id='word_1_14' title='bbox 1312 391 1426 437; x_wconf 92' lang='lat' dir='ltr'>miro</span> 
     </span>
    </p>

    <p class='ocr_par' dir='ltr' id='par_1_4' title="bbox 421 458 1452 514">
     <span class='ocr_line' id='line_1_4' title="bbox 421 458 1452 514; baseline -0.002 -8"><span class='ocrx_word' id='word_1_15' title='bbox 421 459 558 506; x_wconf 85' lang='lat' dir='ltr'>Pallas</span> <span class='ocrx_word' id='word_1_16' title='bbox 579 474 621 506; x_wconf 92' lang='lat' dir='ltr'>et</span> <span class='ocrx_word' id='word_1_17' title='bbox 643 459 831 506; x_wconf 87' lang='lat' dir='ltr'>instituit</span> <span class='ocrx_word' id='word_1_18' title='bbox 855 458 1024 505; x_wconf 90' lang='lat' dir='ltr'>diversa</span> <span class='ocrx_word' id='word_1_19' title='bbox 1045 458 1262 505; x_wconf 84' lang='lat' dir='ltr'>foramina</span> <span class='ocrx_word' id='word_1_20' title='bbox 1284 459 1329 504; x_wconf 92' lang='lat' dir='ltr'>in</span> <span class='ocrx_word' id='word_1_21' title='bbox 1352 459 1452 514; x_wconf 86' lang='lat' dir='ltr'>oris,</span> 
     </span>
    </p>

    <p class='ocr_par' dir='ltr' id='par_1_5' title="bbox 420 525 1415 586">
     <span class='ocr_line' id='line_1_5' title="bbox 420 525 1415 586; baseline -0.003 -11"><span class='ocrx_word' id='word_1_22' title='bbox 420 532 485 575; x_wconf 92' lang='lat' dir='ltr'>Ut</span> <span class='ocrx_word' id='word_1_23' title='bbox 507 527 676 574; x_wconf 88' lang='lat' dir='ltr'>sublata</span> <span class='ocrx_word' id='word_1_24' title='bbox 698 526 806 574; x_wconf 88' lang='lat' dir='ltr'>favis</span> <span class='ocrx_word' id='word_1_25' title='bbox 827 526 975 573; x_wconf 89' lang='lat' dir='ltr'>credas</span> <span class='ocrx_word' id='word_1_26' title='bbox 995 525 1187 586; x_wconf 87' lang='lat' dir='ltr'>disposta</span> <span class='ocrx_word' id='word_1_27' title='bbox 1206 543 1287 586; x_wconf 90' lang='lat' dir='ltr'>per</span> <span class='ocrx_word' id='word_1_28' title='bbox 1307 543 1415 573; x_wconf 90' lang='lat' dir='ltr'>oras.</span> 
     </span>
    </p>

    <p class='ocr_par' dir='ltr' id='par_1_6' title="bbox 420 593 1904 723">
     <span class='ocr_line' id='line_1_6' title="bbox 422 593 1904 654; baseline -0.002 -12"><span class='ocrx_word' id='word_1_29' title='bbox 422 600 546 642; x_wconf 89' lang='lat' dir='ltr'>Haec</span> <span class='ocrx_word' id='word_1_30' title='bbox 566 596 730 642; x_wconf 89' lang='lat' dir='ltr'>intacta</span> <span class='ocrx_word' id='word_1_31' title='bbox 749 594 873 642; x_wconf 91' lang='lat' dir='ltr'>domi</span> <span class='ocrx_word' id='word_1_32' title='bbox 894 593 1078 641; x_wconf 89' lang='lat' dir='ltr'>servabo</span> <span class='ocrx_word' id='word_1_33' title='bbox 1101 594 1146 640; x_wconf 92' lang='lat' dir='ltr'>in</span> <span class='ocrx_word' id='word_1_34' title='bbox 1167 594 1323 654; x_wconf 89' lang='lat' dir='ltr'>pignus</span> <span class='ocrx_word' id='word_1_35' title='bbox 1347 594 1519 641; x_wconf 90' lang='lat' dir='ltr'>amoris.</span> <span class='ocrx_word' id='word_1_36' title='bbox 1844 609 1904 640; x_wconf 86' lang='lat'>120</span> 
     </span>
     <span class='ocr_line' id='line_1_7' title="bbox 420 661 1566 723; baseline -0.002 -12"><span class='ocrx_word' id='word_1_37' title='bbox 420 663 505 711; x_wconf 89' lang='lat' dir='ltr'>Sed</span> <span class='ocrx_word' id='word_1_38' title='bbox 526 663 698 723; x_wconf 89' lang='lat' dir='ltr'>fugiunt</span> <span class='ocrx_word' id='word_1_39' title='bbox 721 662 1007 723; x_wconf 90' lang='lat' dir='ltr'>volucresque</span> <span class='ocrx_word' id='word_1_40' title='bbox 1031 661 1121 709; x_wconf 85' lang='lat' dir='ltr'>dies</span> <span class='ocrx_word' id='word_1_41' title='bbox 1143 676 1184 709; x_wconf 92' lang='lat' dir='ltr'>et</span> <span class='ocrx_word' id='word_1_42' title='bbox 1204 677 1406 723; x_wconf 90' lang='lat' dir='ltr'>tempora</span> <span class='ocrx_word' id='word_1_43' title='bbox 1427 661 1566 709; x_wconf 86' lang='lat' dir='ltr'>nobis:</span> 
     </span>
    </p>

    <p class='ocr_par' dir='ltr' id='par_1_7' title="bbox 420 729 1601 791">
     <span class='ocr_line' id='line_1_8' title="bbox 420 729 1601 791; baseline -0.001 -13"><span class='ocrx_word' id='word_1_44' title='bbox 420 732 608 787; x_wconf 90' lang='lat' dir='ltr'>Nencia‚</span> <span class='ocrx_word' id='word_1_45' title='bbox 631 731 738 778; x_wconf 94' lang='lat' dir='ltr'>dum</span> <span class='ocrx_word' id='word_1_46' title='bbox 761 730 999 791; x_wconf 90' lang='lat' dir='ltr'>loquimur,</span> <span class='ocrx_word' id='word_1_47' title='bbox 1023 730 1143 777; x_wconf 90' lang='lat' dir='ltr'>volat</span> <span class='ocrx_word' id='word_1_48' title='bbox 1166 729 1453 790; x_wconf 90' lang='lat' dir='ltr'>irreparabilis</span> <span class='ocrx_word' id='word_1_49' title='bbox 1475 744 1601 777; x_wconf 89' lang='lat' dir='ltr'>aetas.</span> 
     </span>
    </p>

    <p class='ocr_par' dir='ltr' id='par_1_8' title="bbox 422 797 1608 860">
     <span class='ocr_line' id='line_1_9' title="bbox 422 797 1608 860; baseline -0.003 -13"><span class='ocrx_word' id='word_1_50' title='bbox 422 804 513 847; x_wconf 93' lang='lat' dir='ltr'>Iam</span> <span class='ocrx_word' id='word_1_51' title='bbox 535 800 696 856; x_wconf 90' lang='lat' dir='ltr'>venias,</span> <span class='ocrx_word' id='word_1_52' title='bbox 721 799 806 846; x_wconf 92' lang='lat' dir='ltr'>iam</span> <span class='ocrx_word' id='word_1_53' title='bbox 827 798 939 860; x_wconf 89' lang='lat' dir='ltr'>pelle</span> <span class='ocrx_word' id='word_1_54' title='bbox 962 816 1107 846; x_wconf 91' lang='lat' dir='ltr'>moras</span> <span class='ocrx_word' id='word_1_55' title='bbox 1130 816 1270 859; x_wconf 92' lang='lat' dir='ltr'>neque</span> <span class='ocrx_word' id='word_1_56' title='bbox 1291 797 1446 859; x_wconf 90' lang='lat' dir='ltr'>gaudia</span> <span class='ocrx_word' id='word_1_57' title='bbox 1466 797 1608 845; x_wconf 87' lang='lat' dir='ltr'>differ.</span> 
     </span>
    </p>
   </div>
   <div class='ocr_carea' id='block_1_3' title="bbox 421 894 1903 1162">
    <p class='ocr_par' dir='ltr' id='par_1_9' title="bbox 421 894 1514 956">
     <span class='ocr_line' id='line_1_10' title="bbox 421 894 1514 956; baseline -0.001 -13"><span class='ocrx_word' id='word_1_58' title='bbox 421 899 545 943; x_wconf 93' lang='lat' dir='ltr'>Dum</span> <span class='ocrx_word' id='word_1_59' title='bbox 570 896 685 943; x_wconf 90' lang='lat' dir='ltr'>canit</span> <span class='ocrx_word' id='word_1_60' title='bbox 707 910 749 943; x_wconf 89' lang='lat' dir='ltr'>et</span> <span class='ocrx_word' id='word_1_61' title='bbox 770 895 931 942; x_wconf 82' lang='lat' dir='ltr'>fidibus</span> <span class='ocrx_word' id='word_1_62' title='bbox 954 894 1188 956; x_wconf 90' lang='lat' dir='ltr'>respondet</span> <span class='ocrx_word' id='word_1_63' title='bbox 1210 913 1318 942; x_wconf 90' lang='lat' dir='ltr'>voce</span> <span class='ocrx_word' id='word_1_64' title='bbox 1340 894 1514 951; x_wconf 88' lang='lat' dir='ltr'>Polites,</span> 
     </span>
    </p>

    <p class='ocr_par' dir='ltr' id='par_1_10' title="bbox 421 963 1903 1093">
     <span class='ocr_line' id='line_1_11' title="bbox 421 963 1903 1024; baseline -0.002 -12"><span class='ocrx_word' id='word_1_65' title='bbox 421 964 494 1012; x_wconf 90' lang='lat' dir='ltr'>Sol</span> <span class='ocrx_word' id='word_1_66' title='bbox 518 964 633 1012; x_wconf 89' lang='lat' dir='ltr'>cadit</span> <span class='ocrx_word' id='word_1_67' title='bbox 655 965 821 1011; x_wconf 91' lang='lat' dir='ltr'>interea</span> <span class='ocrx_word' id='word_1_68' title='bbox 840 978 881 1011; x_wconf 93' lang='lat' dir='ltr'>et</span> <span class='ocrx_word' id='word_1_69' title='bbox 903 964 1089 1011; x_wconf 89' lang='lat' dir='ltr'>maiores</span> <span class='ocrx_word' id='word_1_70' title='bbox 1112 963 1297 1024; x_wconf 89' lang='lat' dir='ltr'>explicat</span> <span class='ocrx_word' id='word_1_71' title='bbox 1317 963 1505 1011; x_wconf 90' lang='lat' dir='ltr'>umbras.</span> <span class='ocrx_word' id='word_1_72' title='bbox 1844 978 1903 1009; x_wconf 85' lang='lat'>125</span> 
     </span>
     <span class='ocr_line' id='line_1_12' title="bbox 421 1032 1319 1093; baseline -0.001 -13"><span class='ocrx_word' id='word_1_73' title='bbox 421 1034 490 1080; x_wconf 90' lang='lat' dir='ltr'>Sic</span> <span class='ocrx_word' id='word_1_74' title='bbox 512 1051 615 1093; x_wconf 88' lang='lat' dir='ltr'>ergo</span> <span class='ocrx_word' id='word_1_75' title='bbox 637 1033 800 1079; x_wconf 89' lang='lat' dir='ltr'>invitos</span> <span class='ocrx_word' id='word_1_76' title='bbox 823 1032 1097 1093; x_wconf 91' lang='lat' dir='ltr'>interpellare</span> <span class='ocrx_word' id='word_1_77' title='bbox 1119 1036 1319 1079; x_wconf 89' lang='lat' dir='ltr'>Menetes</span> 
     </span>
    </p>

    <p class='ocr_par' dir='ltr' id='par_1_11' title="bbox 422 1100 1739 1162">
     <span class='ocr_line' id='line_1_13' title="bbox 422 1100 1739 1162; baseline -0.001 -14"><span class='ocrx_word' id='word_1_78' title='bbox 422 1102 586 1162; x_wconf 90' lang='lat' dir='ltr'>Coepit</span> <span class='ocrx_word' id='word_1_79' title='bbox 610 1115 651 1148; x_wconf 92' lang='lat' dir='ltr'>et</span> <span class='ocrx_word' id='word_1_80' title='bbox 674 1100 860 1148; x_wconf 91' lang='lat' dir='ltr'>obticuit</span> <span class='ocrx_word' id='word_1_81' title='bbox 883 1100 978 1161; x_wconf 92' lang='lat' dir='ltr'>lyra</span> <span class='ocrx_word' id='word_1_82' title='bbox 999 1118 1104 1147; x_wconf 87' lang='lat' dir='ltr'>mox</span> <span class='ocrx_word' id='word_1_83' title='bbox 1127 1117 1389 1161; x_wconf 86' lang='lat' dir='ltr'>carmenque</span> <span class='ocrx_word' id='word_1_84' title='bbox 1412 1100 1639 1147; x_wconf 87' lang='lat' dir='ltr'>remissum</span> <span class='ocrx_word' id='word_1_85' title='bbox 1665 1114 1739 1147; x_wconf 91' lang='lat' dir='ltr'>est.</span> 
     </span>
    </p>
   </div>
   <div class='ocr_carea' id='block_1_4' title="bbox 336 1196 1905 1870">
    <p class='ocr_par' dir='ltr' id='par_1_12' title="bbox 336 1196 1905 1870">
     <span class='ocr_line' id='line_1_14' title="bbox 336 1196 1699 1252; baseline -0.001 -7"><span class='ocrx_word' id='word_1_86' title='bbox 336 1203 538 1245; x_wconf 90' lang='lat' dir='ltr'>Menetes</span> <span class='ocrx_word' id='word_1_87' title='bbox 576 1202 685 1244; x_wconf 89' lang='lat' dir='ltr'>Nox</span> <span class='ocrx_word' id='word_1_88' title='bbox 708 1198 795 1244; x_wconf 89' lang='lat' dir='ltr'>ruit</span> <span class='ocrx_word' id='word_1_89' title='bbox 818 1196 878 1244; x_wconf 93' lang='lat' dir='ltr'>oh</span> <span class='ocrx_word' id='word_1_90' title='bbox 901 1196 967 1244; x_wconf 90' lang='lat' dir='ltr'>eh!</span> <span class='ocrx_word' id='word_1_91' title='bbox 992 1197 1078 1244; x_wconf 92' lang='lat' dir='ltr'>iam</span> <span class='ocrx_word' id='word_1_92' title='bbox 1099 1196 1201 1244; x_wconf 90' lang='lat' dir='ltr'>valli</span> <span class='ocrx_word' id='word_1_93' title='bbox 1222 1196 1458 1244; x_wconf 89' lang='lat' dir='ltr'>incubuere</span> <span class='ocrx_word' id='word_1_94' title='bbox 1481 1196 1699 1252; x_wconf 88' lang='lat' dir='ltr'>tenebrae,</span> 
     </span>
     <span class='ocr_line' id='line_1_15' title="bbox 422 1264 1718 1326; baseline -0.001 -14"><span class='ocrx_word' id='word_1_95' title='bbox 422 1270 513 1312; x_wconf 89' lang='lat' dir='ltr'>Iam</span> <span class='ocrx_word' id='word_1_96' title='bbox 536 1266 781 1326; x_wconf 90' lang='lat' dir='ltr'>repetitque</span> <span class='ocrx_word' id='word_1_97' title='bbox 803 1283 938 1312; x_wconf 90' lang='lat' dir='ltr'>novas</span> <span class='ocrx_word' id='word_1_98' title='bbox 961 1264 1139 1311; x_wconf 88' lang='lat' dir='ltr'>frondes</span> <span class='ocrx_word' id='word_1_99' title='bbox 1161 1282 1295 1324; x_wconf 87' lang='lat' dir='ltr'>genus</span> <span class='ocrx_word' id='word_1_100' title='bbox 1317 1282 1450 1311; x_wconf 91' lang='lat' dir='ltr'>omne</span> <span class='ocrx_word' id='word_1_101' title='bbox 1472 1264 1718 1320; x_wconf 87' lang='lat' dir='ltr'>volucrum,</span> 
     </span>
     <span class='ocr_line' id='line_1_16' title="bbox 421 1331 1905 1393; baseline -0.001 -13"><span class='ocrx_word' id='word_1_102' title='bbox 421 1338 475 1380; x_wconf 90' lang='lat' dir='ltr'>Et</span> <span class='ocrx_word' id='word_1_103' title='bbox 497 1347 694 1380; x_wconf 89' lang='lat' dir='ltr'>saturum</span> <span class='ocrx_word' id='word_1_104' title='bbox 718 1332 772 1380; x_wconf 90' lang='lat' dir='ltr'>ad</span> <span class='ocrx_word' id='word_1_105' title='bbox 790 1332 960 1380; x_wconf 89' lang='lat' dir='ltr'>stabula</span> <span class='ocrx_word' id='word_1_106' title='bbox 981 1350 1114 1379; x_wconf 93' lang='lat' dir='ltr'>omne</span> <span class='ocrx_word' id='word_1_107' title='bbox 1135 1350 1268 1393; x_wconf 90' lang='lat' dir='ltr'>pecus</span> <span class='ocrx_word' id='word_1_108' title='bbox 1291 1331 1415 1379; x_wconf 89' lang='lat' dir='ltr'>redit.</span> <span class='ocrx_word' id='word_1_109' title='bbox 1439 1333 1597 1393; x_wconf 87' lang='lat' dir='ltr'>Aspice</span> <span class='ocrx_word' id='word_1_110' title='bbox 1621 1331 1758 1379; x_wconf 90' lang='lat' dir='ltr'>nubes</span> <span class='ocrx_word' id='word_1_111' title='bbox 1845 1346 1905 1378; x_wconf 84' lang='lat'>130</span> 
     </span>
     <span class='ocr_line' id='line_1_17' title="bbox 422 1399 1554 1461; baseline -0.002 -12"><span class='ocrx_word' id='word_1_112' title='bbox 422 1406 486 1449; x_wconf 90' lang='lat' dir='ltr'>Ut</span> <span class='ocrx_word' id='word_1_113' title='bbox 510 1401 694 1448; x_wconf 87' lang='lat' dir='ltr'>rubeant</span> <span class='ocrx_word' id='word_1_114' title='bbox 717 1402 829 1448; x_wconf 91' lang='lat' dir='ltr'>imae</span> <span class='ocrx_word' id='word_1_115' title='bbox 851 1400 906 1448; x_wconf 91' lang='lat' dir='ltr'>ad</span> <span class='ocrx_word' id='word_1_116' title='bbox 924 1400 1077 1457; x_wconf 82' lang='lat' dir='ltr'>solem3</span> <span class='ocrx_word' id='word_1_117' title='bbox 1101 1400 1200 1448; x_wconf 88' lang='lat' dir='ltr'>vide</span> <span class='ocrx_word' id='word_1_118' title='bbox 1223 1399 1393 1461; x_wconf 91' lang='lat' dir='ltr'>cingula</span> <span class='ocrx_word' id='word_1_119' title='bbox 1414 1399 1554 1447; x_wconf 88' lang='lat' dir='ltr'>lunae:</span> 
     </span>
     <span class='ocr_line' id='line_1_18' title="bbox 421 1468 1652 1529; baseline -0.002 -12"><span class='ocrx_word' id='word_1_120' title='bbox 421 1475 592 1517; x_wconf 90' lang='lat' dir='ltr'>Ventus</span> <span class='ocrx_word' id='word_1_121' title='bbox 615 1470 710 1526; x_wconf 83' lang='lat' dir='ltr'>erit3</span> <span class='ocrx_word' id='word_1_122' title='bbox 732 1484 889 1516; x_wconf 89' lang='lat' dir='ltr'>ventos</span> <span class='ocrx_word' id='word_1_123' title='bbox 910 1470 1101 1516; x_wconf 88' lang='lat' dir='ltr'>tonitrus</span> <span class='ocrx_word' id='word_1_124' title='bbox 1121 1468 1381 1529; x_wconf 88' lang='lat' dir='ltr'>pluviaeque</span> <span class='ocrx_word' id='word_1_125' title='bbox 1403 1483 1652 1529; x_wconf 88' lang='lat' dir='ltr'>sequentur.</span> 
     </span>
     <span class='ocr_line' id='line_1_19' title="bbox 421 1536 1550 1598; baseline -0.001 -13"><span class='ocrx_word' id='word_1_126' title='bbox 421 1541 668 1598; x_wconf 85' lang='lat' dir='ltr'>Surgamus3</span> <span class='ocrx_word' id='word_1_127' title='bbox 694 1552 868 1585; x_wconf 89' lang='lat' dir='ltr'>cantare</span> <span class='ocrx_word' id='word_1_128' title='bbox 889 1552 1038 1584; x_wconf 90' lang='lat' dir='ltr'>tamen</span> <span class='ocrx_word' id='word_1_129' title='bbox 1057 1551 1184 1598; x_wconf 91' lang='lat' dir='ltr'>potes</span> <span class='ocrx_word' id='word_1_130' title='bbox 1207 1537 1322 1584; x_wconf 91' lang='lat' dir='ltr'>inter</span> <span class='ocrx_word' id='word_1_131' title='bbox 1342 1536 1550 1593; x_wconf 91' lang='lat' dir='ltr'>eundum,</span> 
     </span>
     <span class='ocr_line' id='line_1_20' title="bbox 422 1604 1656 1667; baseline -0.002 -14"><span class='ocrx_word' id='word_1_132' title='bbox 422 1607 464 1653; x_wconf 92' lang='lat' dir='ltr'>Si</span> <span class='ocrx_word' id='word_1_133' title='bbox 486 1605 594 1667; x_wconf 91' lang='lat' dir='ltr'>quid</span> <span class='ocrx_word' id='word_1_134' title='bbox 616 1606 746 1653; x_wconf 91' lang='lat' dir='ltr'>habes</span> <span class='ocrx_word' id='word_1_135' title='bbox 770 1620 937 1662; x_wconf 92' lang='lat' dir='ltr'>contra,</span> <span class='ocrx_word' id='word_1_136' title='bbox 960 1605 1137 1662; x_wconf 90' lang='lat' dir='ltr'>Gedon,</span> <span class='ocrx_word' id='word_1_137' title='bbox 1161 1605 1282 1666; x_wconf 93' lang='lat' dir='ltr'>quod</span> <span class='ocrx_word' id='word_1_138' title='bbox 1305 1604 1473 1652; x_wconf 90' lang='lat' dir='ltr'>molliat</span> <span class='ocrx_word' id='word_1_139' title='bbox 1497 1605 1656 1665; x_wconf 88' lang='lat' dir='ltr'>ignem,</span> 
     </span>
     <span class='ocr_line' id='line_1_21' title="bbox 423 1672 1904 1735; baseline -0.002 -13"><span class='ocrx_word' id='word_1_140' title='bbox 423 1674 649 1735; x_wconf 91' lang='lat' dir='ltr'>Quodque</span> <span class='ocrx_word' id='word_1_141' title='bbox 674 1673 822 1721; x_wconf 90' lang='lat' dir='ltr'>audire</span> <span class='ocrx_word' id='word_1_142' title='bbox 844 1674 971 1721; x_wconf 88' lang='lat' dir='ltr'>novis</span> <span class='ocrx_word' id='word_1_143' title='bbox 994 1673 1166 1721; x_wconf 90' lang='lat' dir='ltr'>rithmis</span> <span class='ocrx_word' id='word_1_144' title='bbox 1189 1673 1327 1720; x_wconf 92' lang='lat' dir='ltr'>modo</span> <span class='ocrx_word' id='word_1_145' title='bbox 1348 1673 1522 1720; x_wconf 89' lang='lat' dir='ltr'>Nencia</span> <span class='ocrx_word' id='word_1_146' title='bbox 1542 1672 1679 1729; x_wconf 88' lang='lat' dir='ltr'>malit;</span> <span class='ocrx_word' id='word_1_147' title='bbox 1845 1687 1904 1719; x_wconf 83' lang='lat'>135</span> 
     </span>
     <span class='ocr_line' id='line_1_22' title="bbox 423 1742 1515 1803; baseline -0.002 -13"><span class='ocrx_word' id='word_1_148' title='bbox 423 1743 641 1802; x_wconf 90' lang='lat' dir='ltr'>Quamvis</span> <span class='ocrx_word' id='word_1_149' title='bbox 666 1742 738 1789; x_wconf 88' lang='lat' dir='ltr'>illa</span> <span class='ocrx_word' id='word_1_150' title='bbox 759 1742 938 1803; x_wconf 91' lang='lat' dir='ltr'>quidem</span> <span class='ocrx_word' id='word_1_151' title='bbox 959 1743 1102 1789; x_wconf 90' lang='lat' dir='ltr'>varios</span> <span class='ocrx_word' id='word_1_152' title='bbox 1123 1756 1313 1789; x_wconf 88' lang='lat' dir='ltr'>sectatur</span> <span class='ocrx_word' id='word_1_153' title='bbox 1332 1759 1515 1798; x_wconf 88' lang='lat' dir='ltr'>amores,</span> 
     </span>
     <span class='ocr_line' id='line_1_23' title="bbox 421 1809 1524 1870; baseline -0.002 -11"><span class='ocrx_word' id='word_1_154' title='bbox 421 1816 521 1858; x_wconf 93' lang='lat' dir='ltr'>Nec</span> <span class='ocrx_word' id='word_1_155' title='bbox 543 1825 686 1858; x_wconf 90' lang='lat' dir='ltr'>certos</span> <span class='ocrx_word' id='word_1_156' title='bbox 708 1811 832 1857; x_wconf 90' lang='lat' dir='ltr'>novit</span> <span class='ocrx_word' id='word_1_157' title='bbox 856 1810 1073 1857; x_wconf 87' lang='lat' dir='ltr'>thalamos</span> <span class='ocrx_word' id='word_1_158' title='bbox 1094 1810 1350 1870; x_wconf 87' lang='lat' dir='ltr'>vagabunda</span> <span class='ocrx_word' id='word_1_159' title='bbox 1369 1809 1524 1870; x_wconf 88' lang='lat' dir='ltr'>puella.</span> 
     </span>
    </p>
   </div>
   <div class='ocr_carea' id='block_1_5' title="bbox 767 1987 1473 2096">
    <p class='ocr_par' dir='ltr' id='par_1_13' title="bbox 767 1987 1473 2096">
     <span class='ocr_line' id='line_1_24' title="bbox 1112 1987 1137 2027; baseline 0 -11"><span class='ocrx_word' id='word_1_160' title='bbox 1112 1987 1137 2027; x_wconf 93' lang='lat'>4</span> 
     </span>
     <span class='ocr_line' id='line_1_25' title="bbox 767 2057 1473 2096; baseline -0.001 -1"><span class='ocrx_word' id='word_1_161' title='bbox 767 2059 833 2096; x_wconf 96' lang='lat' dir='ltr'>IN</span> <span class='ocrx_word' id='word_1_162' title='bbox 852 2058 1152 2096; x_wconf 89' lang='lat' dir='ltr'>AMORBAM</span> <span class='ocrx_word' id='word_1_163' title='bbox 1172 2057 1473 2095; x_wconf 84' lang='lat' dir='ltr'>NYMPHAM</span> 
     </span>
    </p>
   </div>
   <div class='ocr_carea' id='block_1_6' title="bbox 300 2147 1943 2372">
    <p class='ocr_par' dir='ltr' id='par_1_14' title="bbox 300 2147 1943 2372">
     <span class='ocr_line' id='line_1_26' title="bbox 300 2147 1943 2202; baseline -0.002 -11"><span class='ocrx_word' id='word_1_164' title='bbox 300 2153 371 2199; x_wconf 90' lang='lat' dir='ltr'>Str,</span> <span class='ocrx_word' id='word_1_165' title='bbox 389 2150 474 2191; x_wconf 83' lang='lat' dir='ltr'>fols.</span> <span class='ocrx_word' id='word_1_166' title='bbox 493 2153 670 2191; x_wconf 87' lang='lat' dir='ltr'>58r-59v.</span> <span class='ocrx_word' id='word_1_167' title='bbox 688 2151 818 2202; x_wconf 88' lang='lat' dir='ltr'>Paper.</span> <span class='ocrx_word' id='word_1_168' title='bbox 833 2148 1060 2202; x_wconf 90' lang='lat' dir='ltr'>Autograph</span> <span class='ocrx_word' id='word_1_169' title='bbox 1077 2149 1320 2190; x_wconf 89' lang='lat' dir='ltr'>corrections.</span> <span class='ocrx_word' id='word_1_170' title='bbox 1338 2148 1406 2189; x_wconf 91' lang='lat' dir='ltr'>Ed.</span> <span class='ocrx_word' id='word_1_171' title='bbox 1425 2147 1698 2201; x_wconf 86' lang='lat' dir='ltr'>G.Bottiglioni</span> <span class='ocrx_word' id='word_1_172' title='bbox 1718 2147 1830 2200; x_wconf 89' lang='lat' dir='ltr'>(Bot)‚</span> <span class='ocrx_word' id='word_1_173' title='bbox 1847 2150 1943 2188; x_wconf 83' lang='lat'>223-</span> 
     </span>
     <span class='ocr_line' id='line_1_27' title="bbox 300 2203 1943 2259; baseline -0.001 -13"><span class='ocrx_word' id='word_1_174' title='bbox 300 2211 359 2248; x_wconf 84' lang='lat'>24.</span> <span class='ocrx_word' id='word_1_175' title='bbox 374 2206 571 2247; x_wconf 87' lang='lat' dir='ltr'>Emended</span> <span class='ocrx_word' id='word_1_176' title='bbox 587 2206 639 2259; x_wconf 93' lang='lat' dir='ltr'>by</span> <span class='ocrx_word' id='word_1_177' title='bbox 654 2206 765 2247; x_wconf 88' lang='lat' dir='ltr'>Silvia</span> <span class='ocrx_word' id='word_1_178' title='bbox 779 2207 911 2246; x_wconf 85' lang='lat' dir='ltr'>Rizzo.</span> <span class='ocrx_word' id='word_1_179' title='bbox 930 2205 1084 2258; x_wconf 89' lang='lat' dir='ltr'>English</span> <span class='ocrx_word' id='word_1_180' title='bbox 1097 2205 1319 2246; x_wconf 84' lang='lat' dir='ltr'>translation</span> <span class='ocrx_word' id='word_1_181' title='bbox 1337 2206 1377 2245; x_wconf 90' lang='lat' dir='ltr'>in</span> <span class='ocrx_word' id='word_1_182' title='bbox 1390 2208 1497 2254; x_wconf 87' lang='lat' dir='ltr'>Ross,</span> <span class='ocrx_word' id='word_1_183' title='bbox 1514 2208 1669 2245; x_wconf 82' lang='lat'><strong>256-58.</strong></span> <span class='ocrx_word' id='word_1_184' title='bbox 1684 2203 1808 2245; x_wconf 83' lang='lat' dir='ltr'>Dated</span> <span class='ocrx_word' id='word_1_185' title='bbox 1827 2207 1943 2245; x_wconf 85' lang='lat'>1483-</span> 
     </span>
     <span class='ocr_line' id='line_1_28' title="bbox 301 2260 1942 2315; baseline -0.002 -12"><span class='ocrx_word' id='word_1_186' title='bbox 301 2267 347 2303; x_wconf 85' lang='lat'>84</span> <span class='ocrx_word' id='word_1_187' title='bbox 365 2262 565 2315; x_wconf 88' lang='lat' dir='ltr'>according</span> <span class='ocrx_word' id='word_1_188' title='bbox 581 2276 623 2303; x_wconf 89' lang='lat' dir='ltr'>to</span> <span class='ocrx_word' id='word_1_189' title='bbox 640 2262 706 2303; x_wconf 85' lang='lat' dir='ltr'>the</span> <span class='ocrx_word' id='word_1_190' title='bbox 723 2263 1021 2315; x_wconf 86' lang='lat' dir='ltr'>accompanying</span> <span class='ocrx_word' id='word_1_191' title='bbox 1037 2261 1147 2302; x_wconf 88' lang='lat' dir='ltr'>letter</span> <span class='ocrx_word' id='word_1_192' title='bbox 1161 2275 1203 2302; x_wconf 89' lang='lat' dir='ltr'>to</span> <span class='ocrx_word' id='word_1_193' title='bbox 1222 2265 1395 2302; x_wconf 88' lang='lat' dir='ltr'>Lorenzo</span> <span class='ocrx_word' id='word_1_194' title='bbox 1411 2261 1469 2302; x_wconf 93' lang='lat' dir='ltr'>de&#39;</span> <span class='ocrx_word' id='word_1_195' title='bbox 1486 2260 1638 2309; x_wconf 91' lang='lat' dir='ltr'>Medici,</span> <span class='ocrx_word' id='word_1_196' title='bbox 1661 2264 1702 2301; x_wconf 88' lang='lat'>15</span> <span class='ocrx_word' id='word_1_197' title='bbox 1718 2260 1830 2313; x_wconf 88' lang='lat' dir='ltr'>April</span> <span class='ocrx_word' id='word_1_198' title='bbox 1850 2263 1942 2301; x_wconf 88' lang='lat'>1484</span> 
     </span>
     <span class='ocr_line' id='line_1_29' title="bbox 302 2318 1043 2372; baseline -0.001 -13"><span class='ocrx_word' id='word_1_199' title='bbox 302 2319 411 2372; x_wconf 90' lang='lat' dir='ltr'>(I,no.</span> <span class='ocrx_word' id='word_1_200' title='bbox 436 2319 530 2372; x_wconf 86' lang='lat'>187).</span> <span class='ocrx_word' id='word_1_201' title='bbox 552 2318 615 2359; x_wconf 90' lang='lat' dir='ltr'>Cf.</span> <span class='ocrx_word' id='word_1_202' title='bbox 633 2318 746 2367; x_wconf 87' lang='lat' dir='ltr'>Scala,</span> <span class='ocrx_word' id='word_1_203' title='bbox 767 2321 908 2359; x_wconf 84' lang='lat'>272-73</span> <span class='ocrx_word' id='word_1_204' title='bbox 931 2321 1043 2367; x_wconf 60' lang='lat'>[1861</span> 
     </span>
    </p>
   </div>
   <div class='ocr_carea' id='block_1_7' title="bbox 418 2414 1824 3226">
    <p class='ocr_par' dir='ltr' id='par_1_15' title="bbox 418 2414 1824 3226">
     <span class='ocr_line' id='line_1_30' title="bbox 419 2414 1694 2477; baseline -0.002 -13"><span class='ocrx_word' id='word_1_205' title='bbox 419 2417 644 2476; x_wconf 85' lang='lat' dir='ltr'>Quaeritis</span> <span class='ocrx_word' id='word_1_206' title='bbox 666 2416 783 2464; x_wconf 89' lang='lat' dir='ltr'>unde</span> <span class='ocrx_word' id='word_1_207' title='bbox 805 2434 952 2477; x_wconf 90' lang='lat' dir='ltr'>genus,</span> <span class='ocrx_word' id='word_1_208' title='bbox 978 2434 1144 2464; x_wconf 88' lang='lat' dir='ltr'>nomen</span> <span class='ocrx_word' id='word_1_209' title='bbox 1167 2415 1276 2462; x_wconf 93' lang='lat' dir='ltr'>mihi</span> <span class='ocrx_word' id='word_1_210' title='bbox 1299 2415 1420 2476; x_wconf 94' lang='lat' dir='ltr'>quod</span> <span class='ocrx_word' id='word_1_211' title='bbox 1440 2416 1494 2463; x_wconf 89' lang='lat' dir='ltr'>sit</span> <span class='ocrx_word' id='word_1_212' title='bbox 1517 2429 1558 2463; x_wconf 92' lang='lat' dir='ltr'>et</span> <span class='ocrx_word' id='word_1_213' title='bbox 1578 2414 1694 2462; x_wconf 92' lang='lat' dir='ltr'>unde</span> 
     </span>
     <span class='ocr_line' id='line_1_31' title="bbox 503 2483 1422 2545; baseline -0.001 -13"><span class='ocrx_word' id='word_1_214' title='bbox 503 2484 685 2532; x_wconf 90' lang='lat' dir='ltr'>Defluat</span> <span class='ocrx_word' id='word_1_215' title='bbox 706 2499 934 2532; x_wconf 88' lang='lat' dir='ltr'>aeternum</span> <span class='ocrx_word' id='word_1_216' title='bbox 956 2484 1078 2532; x_wconf 89' lang='lat' dir='ltr'>calda</span> <span class='ocrx_word' id='word_1_217' title='bbox 1095 2483 1276 2532; x_wconf 91' lang='lat' dir='ltr'>salubris</span> <span class='ocrx_word' id='word_1_218' title='bbox 1300 2502 1422 2545; x_wconf 89' lang='lat' dir='ltr'>aqua.</span> 
     </span>
     <span class='ocr_line' id='line_1_32' title="bbox 418 2552 1690 2614; baseline -0.001 -14"><span class='ocrx_word' id='word_1_219' title='bbox 418 2553 636 2614; x_wconf 91' lang='lat' dir='ltr'>Nympha</span> <span class='ocrx_word' id='word_1_220' title='bbox 659 2553 722 2601; x_wconf 92' lang='lat' dir='ltr'>fui</span> <span class='ocrx_word' id='word_1_221' title='bbox 746 2553 811 2600; x_wconf 91' lang='lat' dir='ltr'>his</span> <span class='ocrx_word' id='word_1_222' title='bbox 833 2553 949 2600; x_wconf 85' lang='lat' dir='ltr'>silvis</span> <span class='ocrx_word' id='word_1_223' title='bbox 970 2552 1277 2614; x_wconf 89' lang='lat' dir='ltr'>pulcherrima.</span> <span class='ocrx_word' id='word_1_224' title='bbox 1303 2552 1506 2600; x_wconf 91' lang='lat' dir='ltr'>Phoebus</span> <span class='ocrx_word' id='word_1_225' title='bbox 1530 2553 1690 2599; x_wconf 88' lang='lat' dir='ltr'>amavit</span> 
     </span>
     <span class='ocr_line' id='line_1_33' title="bbox 503 2620 1474 2682; baseline -0.001 -13"><span class='ocrx_word' id='word_1_226' title='bbox 503 2626 580 2669; x_wconf 92' lang='lat' dir='ltr'>Me</span> <span class='ocrx_word' id='word_1_227' title='bbox 602 2621 720 2678; x_wconf 90' lang='lat' dir='ltr'>deus,</span> <span class='ocrx_word' id='word_1_228' title='bbox 744 2636 786 2669; x_wconf 91' lang='lat' dir='ltr'>et</span> <span class='ocrx_word' id='word_1_229' title='bbox 807 2621 988 2668; x_wconf 92' lang='lat' dir='ltr'>morbos</span> <span class='ocrx_word' id='word_1_230' title='bbox 1010 2620 1170 2682; x_wconf 91' lang='lat' dir='ltr'>pellere</span> <span class='ocrx_word' id='word_1_231' title='bbox 1190 2639 1316 2682; x_wconf 90' lang='lat' dir='ltr'>posse</span> <span class='ocrx_word' id='word_1_232' title='bbox 1341 2620 1474 2668; x_wconf 90' lang='lat' dir='ltr'>dedit.</span> 
     </span>
     <span class='ocr_line' id='line_1_34' title="bbox 418 2688 1822 2750; baseline -0.001 -13"><span class='ocrx_word' id='word_1_233' title='bbox 418 2690 623 2737; x_wconf 89' lang='lat' dir='ltr'>Venabar</span> <span class='ocrx_word' id='word_1_234' title='bbox 644 2689 871 2737; x_wconf 91' lang='lat' dir='ltr'>volucrem</span> <span class='ocrx_word' id='word_1_235' title='bbox 895 2707 1073 2736; x_wconf 90' lang='lat' dir='ltr'>cervum</span> <span class='ocrx_word' id='word_1_236' title='bbox 1096 2707 1356 2750; x_wconf 90' lang='lat' dir='ltr'>capramque</span> <span class='ocrx_word' id='word_1_237' title='bbox 1379 2688 1575 2749; x_wconf 88' lang='lat' dir='ltr'>fugacem</span> <span class='ocrx_word' id='word_1_238' title='bbox 1803 2703 1822 2734; x_wconf 89' lang='lat'><strong>5</strong></span> 
     </span>
     <span class='ocr_line' id='line_1_35' title="bbox 504 2755 1550 2818; baseline -0.001 -14"><span class='ocrx_word' id='word_1_239' title='bbox 504 2762 557 2805; x_wconf 88' lang='lat' dir='ltr'>Et</span> <span class='ocrx_word' id='word_1_240' title='bbox 578 2772 781 2818; x_wconf 92' lang='lat' dir='ltr'>poteram</span> <span class='ocrx_word' id='word_1_241' title='bbox 804 2775 930 2804; x_wconf 89' lang='lat' dir='ltr'>cursu</span> <span class='ocrx_word' id='word_1_242' title='bbox 953 2758 1127 2804; x_wconf 88' lang='lat' dir='ltr'>vincere</span> <span class='ocrx_word' id='word_1_243' title='bbox 1147 2771 1378 2817; x_wconf 87' lang='lat' dir='ltr'>utramque</span> <span class='ocrx_word' id='word_1_244' title='bbox 1400 2755 1550 2803; x_wconf 91' lang='lat' dir='ltr'>feram.</span> 
     </span>
     <span class='ocr_line' id='line_1_36' title="bbox 418 2824 1477 2885; baseline -0.001 -13"><span class='ocrx_word' id='word_1_245' title='bbox 418 2830 518 2872; x_wconf 91' lang='lat' dir='ltr'>Nec</span> <span class='ocrx_word' id='word_1_246' title='bbox 540 2825 622 2872; x_wconf 90' lang='lat' dir='ltr'>fuit</span> <span class='ocrx_word' id='word_1_247' title='bbox 645 2825 843 2872; x_wconf 90' lang='lat' dir='ltr'>Oreades</span> <span class='ocrx_word' id='word_1_248' title='bbox 864 2826 979 2872; x_wconf 92' lang='lat' dir='ltr'>inter</span> <span class='ocrx_word' id='word_1_249' title='bbox 998 2824 1284 2885; x_wconf 90' lang='lat' dir='ltr'>Dryadesque</span> <span class='ocrx_word' id='word_1_250' title='bbox 1305 2842 1477 2871; x_wconf 89' lang='lat' dir='ltr'>sorores</span> 
     </span>
     <span class='ocr_line' id='line_1_37' title="bbox 505 2891 1420 2953; baseline -0.001 -14"><span class='ocrx_word' id='word_1_251' title='bbox 505 2893 682 2940; x_wconf 88' lang='lat' dir='ltr'>Clarior</span> <span class='ocrx_word' id='word_1_252' title='bbox 702 2892 790 2940; x_wconf 90' lang='lat' dir='ltr'>ulla</span> <span class='ocrx_word' id='word_1_253' title='bbox 811 2896 969 2953; x_wconf 88' lang='lat' dir='ltr'>Dryas,</span> <span class='ocrx_word' id='word_1_254' title='bbox 992 2893 1156 2953; x_wconf 88' lang='lat' dir='ltr'>gratior</span> <span class='ocrx_word' id='word_1_255' title='bbox 1175 2891 1262 2939; x_wconf 89' lang='lat' dir='ltr'>ulla</span> <span class='ocrx_word' id='word_1_256' title='bbox 1283 2910 1420 2939; x_wconf 91' lang='lat' dir='ltr'>soror.</span> 
     </span>
     <span class='ocr_line' id='line_1_38' title="bbox 419 2959 1615 3022; baseline -0.003 -13"><span class='ocrx_word' id='word_1_257' title='bbox 419 2961 503 3009; x_wconf 86' lang='lat' dir='ltr'>Sed</span> <span class='ocrx_word' id='word_1_258' title='bbox 524 2979 656 3022; x_wconf 92' lang='lat' dir='ltr'>quam</span> <span class='ocrx_word' id='word_1_259' title='bbox 679 2960 859 3008; x_wconf 86' lang='lat' dir='ltr'>difficile</span> <span class='ocrx_word' id='word_1_260' title='bbox 881 2975 942 3008; x_wconf 92' lang='lat' dir='ltr'>est</span> <span class='ocrx_word' id='word_1_261' title='bbox 965 2978 1183 3021; x_wconf 90' lang='lat' dir='ltr'>quamque</span> <span class='ocrx_word' id='word_1_262' title='bbox 1206 2959 1439 3007; x_wconf 91' lang='lat' dir='ltr'>illuctabile</span> <span class='ocrx_word' id='word_1_263' title='bbox 1462 2959 1615 3016; x_wconf 85' lang='lat' dir='ltr'>fatum3</span> 
     </span>
     <span class='ocr_line' id='line_1_39' title="bbox 505 3027 1824 3089; baseline -0.002 -13"><span class='ocrx_word' id='word_1_264' title='bbox 505 3029 646 3089; x_wconf 87' lang='lat' dir='ltr'>Quod</span> <span class='ocrx_word' id='word_1_265' title='bbox 668 3044 867 3076; x_wconf 89' lang='lat' dir='ltr'>constare</span> <span class='ocrx_word' id='word_1_266' title='bbox 890 3028 998 3075; x_wconf 92' lang='lat' dir='ltr'>nihil</span> <span class='ocrx_word' id='word_1_267' title='bbox 1023 3046 1088 3076; x_wconf 85' lang='lat' dir='ltr'>res</span> <span class='ocrx_word' id='word_1_268' title='bbox 1110 3028 1298 3076; x_wconf 91' lang='lat' dir='ltr'>didicere</span> <span class='ocrx_word' id='word_1_269' title='bbox 1319 3027 1406 3075; x_wconf 89' lang='lat' dir='ltr'>diu.</span> <span class='ocrx_word' id='word_1_270' title='bbox 1786 3041 1824 3073; x_wconf 91' lang='lat'>10</span> 
     </span>
     <span class='ocr_line' id='line_1_40' title="bbox 419 3096 1474 3154; baseline -0.002 -9"><span class='ocrx_word' id='word_1_271' title='bbox 419 3098 629 3145; x_wconf 88' lang='lat' dir='ltr'>Errabam</span> <span class='ocrx_word' id='word_1_272' title='bbox 654 3097 819 3154; x_wconf 79' lang='lat' dir='ltr'>infelix,</span> <span class='ocrx_word' id='word_1_273' title='bbox 843 3115 992 3144; x_wconf 90' lang='lat' dir='ltr'>arcum</span> <span class='ocrx_word' id='word_1_274' title='bbox 1015 3115 1168 3144; x_wconf 91' lang='lat' dir='ltr'>manus</span> <span class='ocrx_word' id='word_1_275' title='bbox 1190 3114 1277 3144; x_wconf 91' lang='lat' dir='ltr'>una</span> <span class='ocrx_word' id='word_1_276' title='bbox 1299 3096 1474 3143; x_wconf 90' lang='lat' dir='ltr'>tenebat</span> 
     </span>
     <span class='ocr_line' id='line_1_41' title="bbox 505 3164 1530 3226; baseline -0.003 -13"><span class='ocrx_word' id='word_1_277' title='bbox 505 3165 815 3226; x_wconf 90' lang='lat' dir='ltr'>Pendebatque</span> <span class='ocrx_word' id='word_1_278' title='bbox 837 3165 1029 3212; x_wconf 91' lang='lat' dir='ltr'>humeris</span> <span class='ocrx_word' id='word_1_279' title='bbox 1053 3179 1171 3212; x_wconf 90' lang='lat' dir='ltr'>certa</span> <span class='ocrx_word' id='word_1_280' title='bbox 1188 3164 1392 3225; x_wconf 89' lang='lat' dir='ltr'>pharetra</span> <span class='ocrx_word' id='word_1_281' title='bbox 1411 3164 1530 3211; x_wconf 90' lang='lat' dir='ltr'>meis.</span> 
     </span>
    </p>
   </div>
  </div>
 </body>
</html>
