2124 3458
133 181 306 216 POEMS
1840 175 1929 216 413

253 323 307 366 Et
330 336 475 366 rursus
499 319 706 366 miserum
730 319 847 379 potis
868 336 912 366 es
933 318 1139 366 damnare
1162 334 1397 366 nocentem
1775 334 1816 366 25

337 391 402 434 Ut
423 401 567 447 gemat
590 386 760 434 inferna
781 404 872 434 non
896 386 1164 434 miserandus
1186 404 1309 448 aqua,

252 459 316 503 Ut
338 455 483 502 videat
502 454 660 516 Sisiphi
683 472 835 502 saxum
857 455 1050 516 Titiique
1071 455 1271 502 volucres

336 526 390 570 Et
412 522 571 570 frustra
592 523 637 569 in
659 522 803 579 labris,
825 522 1022 579 Tantale,
1040 540 1176 583 poma
1197 524 1295 579 tuis,

250 595 445 638 Necnon
468 605 663 638 aeternas
682 590 861 638 dantem
882 590 1112 638 Salmonea
1132 609 1279 651 penas,

335 658 539 705 Fulmina
560 658 667 705 dum
689 658 863 705 simulat
887 675 979 705 non
1002 658 1214 706 imitanda
1234 659 1362 715 Iovis;
1774 675 1816 705 ³0

250 730 315 773 Ut
336 726 528 782 videant,
550 727 744 786 inquam,
765 740 914 773 sontes
935 725 1200 787 doleantque
1221 726 1428 783 videndo,

336 797 439 841 Heu
461 793 639 840 doleant
662 794 768 840 recti
789 793 1022 841 deseruisse
1044 795 1174 841 viam.

250 860 448 920 Quando
471 862 603 921 igitur
623 861 718 917 tibi,
740 879 911 908 summe
933 876 1071 922 pater,
1093 861 1193 909 data
1210 879 1383 909 summa
1403 877 1596 923 potestas

335 932 385 975 In
406 928 694 990 manibusque
716 929 799 990 piis
821 943 883 976 est
907 928 1140 976 hominum
1166 947 1299 977 omne
1321 947 1469 990 genus,

249 997 507 1045 Gaudemus
530 998 703 1045 merito:
727 997 834 1059 quid
854 998 973 1045 enim
997 1015 1088 1045 non
1109 997 1292 1059 gaudeat
1313 999 1458 1046 omnis
1772 1014 1813 1045 35

332 1065 537 1113 Mortalis
558 1080 685 1113 tanto
706 1084 887 1113 munere
910 1066 1187 1114 caelicolum?

249 1135 455 1195 Respexit
476 1134 657 1181 tandem
678 1149 813 1182 terras
833 1134 971 1182 modo
993 1149 1139 1182 rector
1157 1134 1345 1196 Olympi

333 1206 481 1263 Atque
503 1202 603 1250 tulit
626 1202 753 1250 nobis
777 1203 1107 1250 commiseratus
1131 1221 1277 1264 opem,

246 1275 347 1318 Nec
365 1271 513 1331 potuit
536 1272 669 1318 tantis
691 1271 924 1318 hominum
950 1271 1105 1318 durare
1127 1271 1312 1332 querelis

332 1342 424 1386 Aut
446 1356 569 1386 aures
588 1339 790 1399 precibus
813 1357 905 1386 non
928 1357 1132 1387 reserasse
1151 1341 1255 1400 pias.
1771 1356 1813 1387 4ο

245 1411 367 1454 Nam
391 1407 538 1454 miseri
560 1406 729 1454 dudum
750 1408 879 1454 sacris
900 1407 1179 1455 advolvimur
1200 1409 1282 1455 aris

330 1479 385 1522 Et
405 1493 559 1535 pacem
579 1476 771 1536 petimus
793 1475 867 1523 det
886 1476 1147 1537 veniamque
1168 1479 1301 1524 Deus.

246 1544 460 1603 Captivae
483 1558 656 1599 matres,
677 1543 834 1590 viduos
855 1543 1040 1591 lacerata
1057 1544 1236 1605 capillos

330 1615 461 1658 Uxor
481 1626 524 1658 et
545 1610 766 1658 infantum
789 1629 881 1658 non
903 1611 1108 1659 violanda
1129 1630 1283 1660 manus

246 1682 395 1740 Atque
417 1693 517 1726 ante
537 1697 615 1726 ora
633 1694 811 1740 patrum
831 1680 958 1740 pueri
980 1694 1213 1741 raptaeque
1231 1680 1400 1741 puellae
1770 1697 1810 1728 45

330 1747 542 1808 Pulsaque
565 1746 619 1795 de
637 1748 778 1809 patria
798 1748 927 1795 turba
946 1748 1136 1796 verenda
1154 1766 1323 1806 senum,

244 1816 450 1877 Denique
473 1816 679 1864 mortales
701 1817 849 1864 cuncti
869 1816 989 1864 velut
1010 1818 1182 1878 agmine
1205 1817 1323 1865 facto

328 1884 604 1946 Supplicibus
629 1884 795 1933 faciunt
815 1903 934 1933 sacra
951 1885 1190 1947 superciliis

243 1957 585 2014 Exposcuntque
610 1953 733 2001 malis
756 1953 893 2001 finem
916 1954 1213 2016 auxiliumque
1236 1955 1390 2012 labori3

327 2023 445 2068 Tum
466 2039 595 2082 prece
617 2022 879 2083 completur,
902 2037 998 2070 tum
1021 2022 1199 2070 lacrima
1219 2041 1353 2071 omne
1374 2024 1532 2071 solum.
1768 2040 1810 2071 50

242 2090 442 2149 Despicit
464 2090 510 2135 in
532 2104 667 2137 terras
687 2090 924 2151 oculosque
949 2091 1004 2138 ad
1021 2092 1212 2151 Virginis
1234 2092 1390 2139 urbem

327 2159 579 2218 Detorquet
599 2157 752 2205 divum
774 2172 881 2205 tunc
903 2158 1223 2220 hominumque
1247 2174 1373 2220 pater

243 2228 392 2286 Atque
414 2226 485 2272 ait:
510 2226 676 2273 “Haud
697 2226 826 2273 urbes
849 2227 964 2274 inter
983 2227 1269 2275 numerabere
1290 2230 1452 2276 Tuscas

326 2293 512 2349 Ultima,
536 2293 589 2340 de
608 2297 834 2341 Senonum
859 2296 1040 2342 nomine
1064 2295 1181 2342 dicta
1198 2299 1347 2352 Senae3

241 2364 434 2421 Nanque
456 2375 531 2408 tua
549 2362 648 2421 pius
671 2376 848 2422 exurget
870 2362 924 2409 de
943 2377 1070 2422 gente
1090 2363 1304 2419 sacerdos,
1766 2379 1807 2410 55

327 2429 414 2475 Cui
436 2446 661 2476 summum
687 2430 922 2490 imperium
945 2445 1200 2491 sceptraque
1219 2446 1367 2478 sancta
1386 2431 1514 2478 dabo.

242 2497 410 2543 Iustitia
431 2511 548 2557 reget
570 2496 640 2544 hic
659 2497 849 2558 populos
874 2516 1105 2559 rursusque
1130 2498 1306 2546 reducet

326 2567 483 2612 Pacem
506 2565 581 2625 (sic
599 2565 811 2626 placitum
834 2567 929 2627 est);
951 2584 1079 2614 aurea
1098 2567 1235 2614 saecla
1254 2566 1440 2615 fluent.''

240 2635 311 2680 De
332 2647 389 2689 te,
410 2648 558 2681 sancte
576 2651 747 2695 parens,
770 2634 823 2682 de
843 2650 900 2691 te,
922 2635 996 2683 Pie
1015 2653 1187 2683 summe
1209 2635 1423 2693 sacerdos,

326 2701 461 2748 Haud
482 2702 666 2749 obscura
687 2705 809 2750 Deus
831 2703 933 2750 talia
951 2703 1084 2751 verba
1104 2703 1237 2751 dedit.
1766 2720 1806 2751 60

240 2773 294 2815 Et
314 2770 514 2829 persistet
537 2770 679 2817 adhuc
699 2771 911 2831 Epicurus
934 2771 1087 2819 tollere
1109 2772 1247 2828 divos,

324 2839 448 2884 Dum
472 2837 579 2898 quid
598 2855 773 2885 securos
796 2839 1018 2899 invigilare
1042 2854 1167 2900 negat

241 2907 333 2951 Aut
354 2922 484 2951 voces
506 2905 654 2952 audire
676 2905 838 2967 aliquas
858 2906 926 2953 vel
949 2907 1059 2954 iusta
1077 2922 1351 2968 precantum,

325 2972 466 3031 Quod
486 2973 663 3034 paribus
685 2989 882 3034 spectent
903 2992 1039 3035 aequa
1058 2990 1100 3022 et
1122 2976 1270 3036 iniqua
1292 2976 1455 3023 modis?

239 3044 447 3101 Nanque,
469 3055 518 3088 ut
542 3041 703 3089 habent
725 3041 846 3089 docti
867 3044 1040 3090 Lucreti
1061 3044 1254 3091 carmina
1274 3045 1392 3100 Cari,
1765 3059 1804 3090 65

324 3112 545 3155 Naturam
567 3127 714 3156 rerum
737 3127 838 3156 cum
861 3111 977 3157 canit
998 3125 1127 3171 atque
1147 3111 1264 3158 deos:
