2118 3444
140 169 322 203 ESSAYS
1841 160 1927 200 271

223 303 437 366 Magna¹⁸⁷
475 305 579 352 haec
612 319 712 352 sunt
748 305 867 364 signa
904 305 1200 351 continentiae
1237 305 1280 350 in
1318 305 1548 365 virumque
1585 302 1812 351 amoris.¹⁸⁸
1854 308 1940 351 Lex

138 389 200 421 est
242 371 338 421 et¹⁸⁹
379 373 495 434 apud
535 372 679 428 Indos,
721 373 796 433 qui
835 372 979 432 plures
1022 372 1181 418 habent
1222 389 1392 428 uxores,
1434 370 1536 419 ut¹⁹⁰
1578 373 1795 419 carissima
1836 390 1936 419 cum

138 441 351 489 defuncto
382 441 543 488 marito
571 454 802 487 cremetur.
835 439 1126 487 Contendunt
1161 440 1304 500 itaque
1335 440 1449 486 inter
1475 457 1518 486 se
1550 439 1602 486 de
1633 437 1859 486 caritate¹⁹¹
1895 440 1938 485 in

139 510 347 556 maritum
377 508 583 555 barbarae
612 525 783 563 uxores3
815 522 856 554 et
884 525 992 567 quae
1022 508 1188 562 vicerit,
1219 508 1263 553 in
1295 507 1445 554 habitu
1477 522 1721 567 ornatuque
1751 508 1940 567 pristino

139 577 258 623 iuxta
287 575 471 622 cadaver
496 575 723 630 accubans,
753 574 1044 635 amplexando
1074 574 1455 634 deosculandoque
1484 575 1747 634 suppositos,
1781 574 1939 634 quibus

137 644 335 691 exuritur
367 643 484 703 ignes
514 642 750 703 pudicitiae
782 641 907 689 laude
938 639 1250 689 contemnit.¹⁹²
1284 641 1381 698 Sed,
1413 659 1466 689 ne
1497 659 1732 702 persequar
1762 641 1938 688 Penelo-

136 709 289 772 pen,¹⁹³
324 712 445 758 cuius
477 725 539 758 est
571 710 720 757 multis
751 711 836 757 iam
866 711 1008 771 poetis
1039 710 1267 757 decantata
1291 710 1515 770 pudicitia,
1549 727 1603 757 ne
1635 710 1937 766 Laodomiam‚

137 797 246 840 quae
276 794 457 826 mortuo
486 778 540 825 ad
564 775 798 825 Troiam¹⁹⁴
827 778 1066 825 Protesilao
1093 779 1190 825 viro
1218 795 1309 824 non
1336 778 1483 838 potuit
1510 778 1802 838 supervivere,
1831 775 1937 825 ne¹⁹⁵

138 851 518 908 Hypermestram,
545 864 654 907 quae
679 860 720 893 et
742 846 877 906 patris
901 847 1134 907 imperium
1161 860 1203 893 et
1225 845 1468 906 periculum
1496 860 1798 902 contemnens,
1825 847 1938 893 Lino

137 916 298 962 marito
331 914 423 961 sola
460 932 512 961 ex
549 914 864 974 quinquaginta
896 913 1051 974 puellis
1088 915 1232 961 Danai
1265 932 1441 974 parcere
1477 914 1630 961 maluit
1668 932 1800 974 quam
1837 932 1938 961 cum

137 983 312 1043 reliquis
329 982 477 1029 dilecti
491 983 573 1028 viri
588 982 795 1042 sanguine
812 983 1024 1042 virgineas
1042 999 1195 1029 manus
1211 982 1545 1038 commaculare,
1564 1000 1618 1029 ne
1636 982 1723 1038 has,
1742 983 1936 1043 inquam,

135 1069 184 1098 ac
209 1050 437 1097 Didonem
463 1049 645 1110 Sychaei
672 1067 721 1096 ac
746 1048 1109 1110 Rhodoginem¹⁹⁶
1138 1050 1350 1106 Nicerati‚
1378 1067 1510 1110 quem
1536 1047 1766 1110 triginta¹⁹⁷
1793 1065 1938 1110 tyran-

136 1119 181 1164 ni
206 1117 519 1165 interfecerunt
542 1118 789 1178 coniugem,
813 1135 1060 1178 persequar,
1085 1117 1405 1178 aliquandoque
1428 1117 1483 1164 ad
1502 1116 1722 1165 nostras¹⁹⁸
1748 1119 1938 1174 veniam,

135 1187 231 1247 quis
248 1200 310 1233 est
329 1186 404 1246 qui
422 1186 668 1232 Lucretiam
687 1203 779 1232 non
799 1186 930 1241 norit,
950 1186 1045 1246 quis
1063 1186 1138 1246 qui
1156 1185 1323 1242 Biliam,
1343 1186 1433 1232 eius
1450 1185 1590 1232 Duilii
1609 1187 1684 1246 qui
1699 1187 1868 1246 primus
1887 1204 1940 1233 ex

135 1251 400 1300 Romanis199
429 1254 538 1300 mari
561 1254 666 1300 vicit
690 1271 889 1309 uxorem,
914 1271 1006 1300 non
1030 1253 1236 1300 laudarit?
1259 1257 1409 1312 Quam
1435 1271 1536 1300 cum
1562 1269 1732 1314 rogaret
1757 1255 1938 1301 maritus

135 1339 213 1368 cur
238 1319 352 1367 illi²00
383 1339 610 1381 nunquam
640 1322 809 1368 animae
834 1322 991 1368 vitium
1023 1321 1230 1380 (audierat
1256 1322 1374 1368 enim
1402 1322 1447 1367 in
1475 1322 1616 1381 iurgio
1644 1321 1755 1368 male
1781 1321 1863 1368 sibi
1892 1339 1940 1368 os

135 1389 267 1449 olere)
310 1406 402 1435 non
443 1388 632 1444 dixisset,
672 1406 762 1449 quo
802 1388 863 1435 illi
903 1388 1233 1436 medicamentis
1269 1387 1586 1445 subveniret,²⁰¹
1631 1388 1855 1450 respondit
1894 1407 1937 1436 se

134 1458 398 1505 existimasse
430 1457 637 1504 omnibus
669 1458 772 1504 viris
803 1458 862 1504 ita
889 1475 938 1504 os
968 1457 1098 1505 olere.
1128 1457 1360 1514 Valeriam,
1390 1457 1692 1505 Messallamm
1722 1475 1936 1514 sororem,

134 1525 281 1573 ferunt
303 1526 475 1586 roganti
498 1525 686 1582 cuidam,
710 1544 788 1572 cur
807 1540 987 1573 mortuo
1010 1527 1107 1573 viro
1128 1525 1236 1573 nulli
1258 1526 1456 1582 nuberet,
1480 1524 1685 1573 dixisse²⁰²
1708 1526 1790 1573 sibi
1812 1527 1937 1573 mari-

133 1609 229 1642 tum
252 1595 451 1641 Servium
474 1595 634 1641 vivere.
658 1595 777 1641 Huic
798 1594 937 1641 simile
962 1609 1024 1641 est
1046 1594 1153 1641 illud
1175 1595 1375 1651 Martiae,
1396 1595 1579 1642 minoris
1602 1595 1787 1642 Catonis
1811 1594 1939 1651 filiae,

133 1680 157 1710 a
178 1680 265 1723 qua
288 1680 389 1709 cum
416 1677 673 1723 quaererent
696 1677 922 1710 matronae
945 1677 1045 1723 post
1070 1662 1328 1710 defunctum
1351 1664 1496 1710 virum
1522 1681 1653 1724 quem
1677 1663 1794 1710 diem
1820 1663 1937 1710 habi-

133 1745 231 1777 tura
251 1745 359 1777 esset
381 1730 523 1777 luctus
544 1730 767 1786 ultimum,
792 1748 923 1791 quem
946 1746 987 1778 et
1007 1732 1121 1778 vitae
1142 1731 1379 1791 respondit.

216 1799 324 1845 Dies
354 1816 423 1845 me
451 1798 655 1859 profecto
685 1798 859 1846 deficiat
886 1799 921 1846 si
951 1798 1110 1846 referre
1139 1814 1295 1846 cuncta
1322 1799 1454 1846 velim
1538 1817 1646 1860 quae
1677 1799 1729 1846 de
1759 1799 1938 1846 femina-

133 1884 231 1913 rum
282 1866 495 1927 pudicitia
544 1866 757 1927 laudeque
806 1882 989 1927 possunt
1044 1882 1085 1914 et
1134 1885 1235 1914 vera
1284 1867 1462 1928 quidem
1514 1865 1772 1915 enarrari.²⁰⁴
1824 1872 1935 1914 Non

132 1932 305 1981 enim²0⁵
349 1949 411 1981 est
452 1934 557 1981 haec
595 1934 686 1981 laus
725 1934 1017 1995 legitimarum
1059 1935 1373 1982 tantummodo
1412 1954 1602 1983 uxorum
1645 1934 1747 1983 ac²⁰⁶
1786 1936 1936 1983 libera-

132 2020 244 2049 rum.
276 2006 398 2048 Nam
429 2002 482 2049 de
511 2002 769 2049 concubinis
799 2000 1028 2063 quoque²0⁷
1061 2003 1311 2064 ancillisque
1342 2003 1494 2050 eadem
1523 2005 1568 2050 in
1600 2004 1790 2051 historiis
1822 2022 1939 2064 repe·

133 2071 319 2125 riuntur,
343 2084 390 2116 ut
412 2070 703 2130 intelligamus
727 2088 818 2117 non
842 2071 1157 2118 consuetudine
1181 2086 1253 2118 aut
1274 2071 1355 2118 alia
1375 2072 1579 2132 quapiam
1601 2070 1776 2118 causa²⁰⁸
1802 2073 1935 2132 magis

131 2137 264 2198 quam
295 2135 502 2184 natura²⁰⁹
534 2138 717 2185 virtutes
747 2138 821 2185 has
851 2139 986 2185 inesse
1019 2137 1205 2186 feminis.
1238 2137 1566 2186 Alcibiadem²¹⁰
1599 2139 1722 2186 illum
1755 2140 1938 2187 Socrati-

131 2223 232 2253 cum
263 2205 316 2253 ab
344 2205 688 2253 Atheniensibus
717 2207 904 2254 eiectum
933 2206 987 2254 ad
1012 2206 1369 2254 Pharnabazzum
1400 2207 1554 2268 fugisse
1583 2207 1870 2255 tradiderunt.
1899 2212 1936 2255 Is

131 2289 364 2335 corruptus
392 2292 500 2321 auro
527 2292 551 2322 a
578 2275 803 2335 Lysandro
832 2276 951 2322 iussit
980 2275 1183 2332 interfici3
1210 2294 1398 2337 cumque
1425 2275 1645 2323 suffocato
1672 2291 1802 2337 caput
1830 2291 1937 2324 esset

130 2342 324 2389 ablatum
359 2357 488 2403 atque
521 2344 566 2389 in
601 2343 742 2390 caedis
771 2344 942 2404 signum
978 2343 1032 2390 ad
1062 2344 1335 2404 Lysandrum
1371 2343 1616 2401 missum‚²¹¹
1656 2359 1799 2392 cetera
1827 2363 1934 2392 vero

130 2411 328 2471 corporis
367 2428 465 2471 pars
505 2411 733 2458 inhumata
770 2412 906 2458 iacere
941 2411 1033 2459 sola
1071 2412 1317 2459 concubina
1355 2412 1557 2460 adversus
1593 2411 1931 2460 crudelissimi²¹²

132 2479 239 2538 regis
268 2479 503 2538 imperium
534 2479 649 2526 inter
673 2494 902 2526 extraneos
928 2481 1078 2526 omnia
1106 2495 1394 2527 contemnens
1420 2481 1630 2528 derelicto
1656 2480 1799 2528 funeri
1826 2482 1937 2528 iusta

128 2546 352 2606 persolvit.
378 2550 452 2592 An
475 2564 567 2593 non
588 2547 689 2593 satis
710 2547 901 2594 ostendit
924 2565 1014 2607 quo
1036 2547 1166 2595 fuerit
1188 2565 1337 2595 amore
1359 2549 1404 2594 in
1426 2548 1716 2604 Alcibiadem,
1738 2566 1822 2609 pro
1845 2566 1935 2609 quo

130 2614 263 2660 etiarn
292 2628 473 2660 mortuo
505 2615 660 2661 mortis
686 2614 931 2675 periculum
963 2633 1054 2662 non
1083 2613 1303 2662 vitarit?²¹³
1333 2615 1507 2663 Ancilla
1532 2614 1822 2676 praeterea,²¹⁴
1850 2618 1935 2663 Tu-

130 2681 216 2728 tela
244 2682 334 2728 sive
366 2681 550 2729 Philotis
586 2683 702 2742 (narn
737 2682 790 2730 de
822 2684 1002 2730 nomine
1037 2701 1127 2730 non
1161 2698 1346 2739 constat,
1376 2698 1424 2731 ut
1457 2682 1569 2731 ait²¹⁵
1602 2684 1857 2731 Macrobius
1890 2685 1934 2731 in

130 2749 245 2796 libro
281 2752 348 2796 De
383 2749 733 2810 saturnalibus),cc
771 2749 872 2797 ut²¹⁶
912 2751 964 2798 de
1001 2750 1260 2798 fortitudine
1298 2751 1511 2811 quaedam
1549 2752 1786 2812 aliquando
1825 2752 1936 2799 dica-

132 2814 295 2872 mus,²¹⁷
319 2831 418 2876 post
443 2832 614 2877 captam
636 2818 791 2864 urbem
815 2822 1019 2874 Romam,
1043 2836 1143 2865 cum
1166 2834 1291 2865 nacta
1311 2820 1538 2866 occasione
1562 2819 1742 2866 finitimi
1765 2821 1934 2880 conspi-

131 2898 293 2930 rassent
313 2899 548 2944 creatoque
566 2884 779 2932 dictatore
797 2886 1026 2932 Postumio
1046 2887 1171 2932 Livio
1190 2886 1419 2933 Fidenatio
1434 2904 1514 2946 per
1530 2886 1693 2946 legatos
1712 2887 1764 2933 ab
1781 2901 1933 2933 senatu

129 2966 178 2998 ut
210 2966 370 2998 matres
399 2951 481 2998 sibi
514 2951 697 2999 familias
728 2953 1001 3013 virginesque
1034 2953 1298 3000 dederentur
1323 2954 1628 3014 postulassent,
1661 2969 1818 3015 sponte
1849 2972 1933 3015 pro

1455 1797 1506 1824 203

210 3170 237 3184 α
253 3168 379 3203 Saturn
398 3169 606 3210 1‚11‚37-40.
