2124 3458
196 167 288 209 346
1810 170 1949 204 PART
1974 171 2006 204 v

197 331 290 360 non
316 312 562 372 reliquerit?
586 310 725 358 Nulla
750 311 868 357 enim
895 328 960 357 ars
985 324 1047 357 est
1073 310 1134 370 (ni
1159 309 1300 370 fallor)
1326 308 1551 369 gignendis
1576 308 1696 356 libris
1722 308 2011 356 altercationi-

196 381 363 441 busque
387 378 667 427 conserendis
688 378 805 426 civili
825 378 904 425 hac
922 378 1102 425 scientia
1120 377 1317 425 feracior.
1337 382 1401 423 Ex
1423 395 1512 438 quo
1533 376 1598 433 fit,
1619 391 1837 424 crescente
1856 378 1902 423 in
1922 376 2012 424 dies

197 448 458 497 confusione
477 448 681 495 omnium
702 465 862 503 rerum,
879 461 927 494 ut
943 445 1228 507 disceptando
1243 460 1372 506 atque
1387 445 1639 493 altercando
1652 446 1755 492 anni
1770 463 1895 506 saepe
1911 446 2010 502 toti,

197 518 339 564 immo
366 531 485 564 totae
509 530 683 572 aetates,
707 533 795 562 una
820 514 1085 562 absolvenda
1110 532 1235 561 causa
1259 528 1556 561 conterantur.
1581 518 1693 560 Non
1716 531 1896 574 possum
1926 513 2011 561 hoc

195 585 298 632 loco
326 585 564 645 praeterire
591 583 767 631 silentio
796 583 996 643 Ulpianir
1023 582 1114 629 illas
1143 600 1248 643 quas
1275 582 1390 628 libro
1420 596 1577 642 quarto
1606 596 1647 628 et
1676 581 2007 641 quadragesimo

196 650 519 713 Digestorum51
559 652 839 711 exceptiones
873 650 1001 697 docte
1032 651 1320 710 persequitur.
1357 649 1440 696 Sed
1474 667 1525 696 ex
1559 649 1641 696 illis
1676 667 1852 709 quoque
1888 648 2012 696 facile

197 735 472 768 monstratur
491 734 655 780 quanta
672 720 726 766 sit
748 719 863 766 inter
881 718 1137 766 altercantes
1151 717 1460 779 producendae
1479 717 1566 764 litis
1586 716 2011 778 confundendaeque

196 789 385 836 licentia.
407 788 636 849 Exceptio,
659 788 816 848 inquit,
838 786 954 834 dicta
973 801 1034 834 est
1056 787 1176 847 quasi
1196 785 1410 847 quaedam
1431 785 1636 842 exclusio,
1659 803 1767 846 quae
1788 785 2013 846 interponi

197 858 362 905 actioni
381 857 589 917 cuiusque
609 857 670 903 rei
687 855 797 903 solet
815 855 870 903 ad
885 854 1208 902 excludendum
1225 854 1269 902 id
1286 854 1407 915 quod
1426 855 1471 900 in
1490 854 1786 901 intentionem
1804 853 2010 901 condem-

197 927 482 974 nationemve
501 924 741 972 deductum
760 939 835 971 est.
854 928 908 971 Et
928 923 1033 971 haec
1049 923 1228 984 quidem
1246 922 1300 970 ad
1317 941 1464 970 rerum
1481 923 1686 984 pertinet.
1706 921 1844 969 Addit
1863 936 2011 969 autern

198 994 505 1056 replicationes
536 1011 645 1055 quae
675 1007 776 1040 sunt
807 993 979 1049 actoris,
1010 992 1167 1053 quibus
1200 992 1478 1052 exceptiones
1506 991 1735 1038 diluuntur
1767 990 2010 1052 quibusque

198 1082 295 1111 reus
309 1062 525 1111 subinfert
542 1062 873 1123 triplicationes,
890 1079 1034 1109 rursus
1052 1075 1093 1108 et
1107 1060 1310 1121 deinceps
1324 1059 1674 1121 multiplicantur
1690 1060 1886 1116 nomina,
1904 1058 2011 1106 dum

198 1147 271 1180 aut
294 1150 391 1179 reus
413 1146 486 1179 aut
509 1146 633 1178 actor
653 1130 813 1178 deiicit.
834 1134 888 1177 Et
911 1129 965 1177 ad
985 1129 1375 1190 centuplicationes
1398 1128 1632 1184 dabuntur,
1653 1142 1778 1189 puto,
1802 1128 2010 1175 vicissitu-

198 1200 321 1248 dines
336 1199 722 1256 contendentibus,
738 1199 995 1260 praesertim
1011 1199 1045 1245 si
1062 1216 1115 1245 ne
1130 1216 1222 1245 uno
1240 1197 1418 1258 quidem
1434 1196 1572 1244 modo
1588 1210 1762 1244 tantum
1779 1196 2006 1257 excipitur.

197 1269 281 1317 Sed
297 1284 398 1316 sunt
419 1269 733 1329 exceptionum
752 1267 878 1328 plura
896 1285 1066 1328 genera,
1085 1267 1130 1313 in
1149 1266 1306 1327 quibus
1327 1280 1368 1313 et
1386 1265 1458 1313 illa
1473 1280 1574 1313 sunt
1595 1283 1704 1326 quae
1723 1283 1815 1312 non
1834 1264 1889 1312 ad
1906 1264 2012 1312 dilu-

199 1338 468 1385 cidationem
487 1354 728 1392 causarum,
749 1336 871 1396 quod
889 1337 1031 1396 ipsum
1054 1335 1168 1382 foret
1186 1334 1468 1390 tolerabilius,
1488 1333 1564 1381 sed
1581 1333 1635 1381 ad
1651 1334 1872 1380 actionem
1891 1332 2014 1380 diffe-

199 1406 382 1453 rendam
409 1420 538 1466 atque
566 1404 834 1452 extrahenda
858 1403 1017 1451 iudicia
1044 1403 1296 1450 introducta
1320 1402 1538 1449 videntur.
1567 1401 1695 1448 Adde
1720 1401 1775 1448 ad
1800 1402 2012 1448 iacturam

198 1489 470 1535 temporum,
489 1473 611 1534 quod
627 1490 798 1520 necesse
816 1486 877 1519 est
892 1486 940 1519 ut
955 1486 1155 1532 sumptus
1172 1470 1281 1518 fiant
1297 1470 1592 1518 intolerabiles
1608 1469 1945 1530 rediganturque
1961 1468 2016 1516 ad

199 1557 435 1604 egestatem
466 1541 639 1602 longius
673 1541 903 1601 litigantes.
936 1544 1096 1601 Neque
1130 1539 1325 1596 Cinthia,
1361 1556 1492 1600 quam
1524 1552 1685 1585 vocant
1715 1537 1885 1598 legem,s
1918 1555 2012 1584 non

199 1610 443 1659 admodum
468 1610 706 1658 necessaria
727 1609 823 1666 fuit,
847 1627 932 1670 qua
952 1623 1128 1656 cautum
1151 1623 1213 1655 est
1236 1607 1461 1669 quondam
1485 1625 1538 1654 ne
1562 1607 1656 1668 quis
1679 1604 1772 1654 ob⁵²
1798 1605 2011 1653 orandam

199 1698 373 1728 causam
405 1680 641 1741 pecuniam
677 1676 925 1739 acciperet53
961 1692 1033 1725 aut
1068 1677 1251 1734 donum3
1289 1677 1368 1724 etsi
1402 1675 1558 1724 deinde
1592 1674 1768 1723 Claudii
1803 1675 2011 1722 Caesarist

199 1749 346 1796 edicto
364 1748 531 1796 factum
550 1762 598 1795 ut
617 1765 753 1808 usque
777 1746 831 1794 ad
848 1746 960 1794 dena
975 1747 1170 1794 sestertia
1186 1745 1334 1793 liceret
1353 1746 1445 1792 sine
1466 1744 1616 1792 fraude
1635 1745 1846 1805 accepisse
1867 1743 2010 1791 indus—

198 1818 306 1865 triae
328 1835 376 1864 ac
395 1816 557 1864 laboris
581 1814 737 1876 ergo.⁵⁴

283 1890 421 1932 Nunc
446 1903 553 1931 vero
578 1902 680 1931 cum
705 1883 848 1931 multo
874 1883 1098 1930 laboratur
1123 1883 1257 1943 magis
1280 1896 1464 1943 propter
1488 1881 1633 1941 legum
1658 1881 2011 1941 scriptorumque

199 1953 534 2001 multitudinem
549 1953 893 2012 varietatemque
904 1969 1041 2012 paene
1056 1950 1416 2006 inextricabilem,
1431 1951 1466 1997 si
1481 1950 1647 1996 maiora
1659 1949 1801 2010 pretia
1814 1965 2014 2009 exposce-

200 2023 302 2079 rint,
323 2021 432 2068 nihil
455 2022 585 2082 egisse
607 2020 775 2081 indigni
797 2021 872 2081 qui
891 2038 1036 2067 causas
1057 2019 1194 2066 modo
1215 2018 1357 2066 multo
1379 2017 1601 2065 difficilius
1621 2031 1810 2064 tractant
1829 2016 2009 2063 fortasse

198 2091 481 2138 videbuntur.
518 2091 599 2137 Rei
632 2107 836 2149 namque,
870 2089 904 2135 si
938 2089 984 2134 in
1018 2106 1071 2135 eo
1102 2085 1296 2134 vitium⁵⁵
1330 2101 1406 2143 est,
1440 2104 1532 2133 non
1566 2085 1744 2133 artificis
1776 2085 1904 2145 culpa
1936 2099 2012 2131 est.

198 2163 330 2206 Suam
356 2159 475 2205 enim
500 2157 641 2204 labori
666 2157 822 2217 cuique
842 2174 926 2216 pro
950 2155 1110 2202 laboris
1135 2156 1266 2215 ipsius
1292 2151 1589 2201 condicione⁵⁶
1613 2153 1899 2200 constitutam
1925 2169 2012 2199 esse

200 2226 451 2274 mercedem
478 2243 693 2273 consensu
724 2225 856 2272 etiam
884 2225 1087 2271 omniurn
1120 2223 1353 2270 hominurn
1386 2222 1545 2269 rationi
1573 2235 1634 2268 est
1663 2238 1795 2282 quam
1823 2220 2012 2267 maxime

201 2309 562 2342 consentaneum.
589 2298 653 2340 Ita
674 2293 891 2353 contingit
914 2307 962 2339 ut
985 2292 1039 2339 ad
1056 2305 1360 2352 paupertatem
1384 2290 1507 2338 facile
1526 2289 1786 2351 plerumque
1810 2288 2015 2335 devener-

201 2361 303 2410 int⁵⁷
324 2378 372 2410 ut
395 2362 447 2409 de
468 2361 739 2422 litigantibus
763 2361 929 2408 factum
949 2361 1002 2408 sit
1025 2361 1111 2407 iam
1133 2360 1288 2407 tritum
1309 2373 1523 2406 vetustate
1541 2357 1841 2419 proverbium:
1870 2357 1945 2417 qui
1966 2357 2012 2402 in

201 2431 401 2479 civilibus
429 2430 740 2478 controversiis
766 2427 978 2477 fuerunt58
1008 2429 1210 2489 occupati
1235 2427 1410 2484 diutius,
1437 2427 1511 2488 qui
1536 2427 1667 2474 etiam
1693 2443 1795 2473 cum
1821 2425 2014 2485 ingentia

201 2518 379 2561 quoque
395 2516 736 2559 nonnumquam
753 2497 1052 2545 concertando
1061 2497 1330 2558 patrimonia
1343 2509 1723 2556 consumpserunt,
1740 2493 1920 2541 tandem
1931 2511 2012 2540 suo

199 2566 381 2629 pretio59
409 2567 513 2615 facti
534 2566 856 2628 prudentiores,
884 2567 962 2613 etsi
987 2565 1145 2612 frustra
1169 2579 1361 2612 erratum
1386 2577 1601 2619 accusant,
1627 2563 1701 2623 qui
1726 2562 1832 2609 dum
1859 2579 2012 2622 augere

202 2637 262 2683 ita
278 2654 371 2683 rem
390 2635 583 2691 student,
603 2635 754 2682 omnia
770 2653 850 2695 per
865 2634 1001 2694 litigia
1018 2634 1269 2689 amiserunt,
1289 2647 1438 2679 tamen
1457 2630 1621 2692 aliquid
1637 2630 1742 2678 fidei
1759 2648 1847 2677 esse
1865 2647 2012 2690 exper-

202 2706 256 2752 tis
291 2705 500 2751 convenit
537 2721 630 2750 non
663 2720 974 2764 usquequaque
1010 2719 1182 2749 morem
1220 2698 1371 2748 huncf’O
1409 2717 1634 2747 causarum
1670 2713 1711 2746 et
1745 2698 2011 2745 iudiciorum

203 2772 590 2834 comprobandum
616 2771 758 2819 fuisse.

283 2975 296 2990 Γ
315 2969 463 3019 Ulpian,
481 2969 584 3007 d.228
603 2979 672 3013 AD,
692 2982 738 3006 an
757 2967 987 3016 outstanding
1005 2966 1155 3005 classica]
1174 2967 1275 3015 jurist
1294 2965 1417 3003 whose
1434 2965 1594 3012 writings
1611 2963 1666 3001 fill
1684 2962 1807 3012 nearly
1825 2977 1845 3000 a
1860 2961 1960 3000 thind
1977 2961 2019 3000 of

202 3023 266 3062 the
282 3026 408 3072 Digesss
429 3023 524 3067 ibid„
544 3026 668 3060 31-32.

285 3086 294 3100 ⁸
310 3080 388 3119 The
403 3080 455 3118 lex
472 3082 605 3124 Cincia,
624 3083 723 3118 c.2oo
740 3089 800 3123 BC,
818 3078 981 3127 imposed
997 3078 1217 3115 restrictions
1231 3091 1283 3114 on
1297 3076 1360 3114 the
1373 3077 1444 3114 size
1460 3074 1501 3113 of
1514 3074 1605 3124 gifts,
1623 3073 1818 3118 Buckland‚
1839 3071 2018 3117 Textbook,

204 3138 272 3173 254
285 3138 391 3229 ‘Sibe
409 3205 577 3240 emperor
595 3189 776 3234 Claudius,
800 3193 841 3227 10
858 3199 987 3226 BC-AD
1010 3193 1063 3226 54.
