2124 3464
221 161 279 201 30
1852 168 1991 201 PART
2016 169 2030 202 1

305 305 454 353 Scriba
471 324 552 366 ego
568 323 665 352 sum
684 304 929 352 Florentini
946 304 1113 365 populi.
1138 306 1304 365 Rogavi
1322 323 1401 365 ego
1420 306 1719 365 magistratum
1738 320 1780 353 et
1797 305 2030 366 collegium

221 374 539 421 mandatumne
559 373 713 420 darent
731 372 838 420 illud
857 372 911 419 ad
925 391 1093 433 pacem,
1111 391 1203 419 non
1222 391 1292 420 me
1311 374 1584 433 magistratus
1603 387 1644 420 et
1661 373 1893 434 collegium
1914 392 2033 434 roga-

220 443 298 498 vit,
320 456 361 489 et
383 459 485 488 cum
508 440 833 501 respondissent
856 458 899 487 se
922 440 1022 487 dare
1043 455 1084 487 et
1103 440 1317 500 suffragiis
1340 440 1461 501 quod
1483 441 1805 501 respondissent
1829 459 2032 503 compro-

220 510 407 566 bassent,
431 510 581 570 scripsi
607 527 687 569 ego
709 509 985 569 rogationem
1009 508 1127 555 illam
1151 527 1203 555 ex
1226 526 1327 556 meo
1351 507 1505 556 officio
1528 523 1569 556 et
1592 527 1760 569 rogasse
1783 509 2027 570 subscripsi.

221 577 362 638 Quod
381 578 460 625 etsi
480 595 648 624 novum
670 591 746 633 est,
768 595 859 624 non
880 591 941 624 est
960 592 1109 624 tamen
1128 595 1151 624 a
1169 591 1285 624 recta
1301 576 1512 638 loquendi
1534 595 1690 624 norma
1709 578 1948 639 Latinaque
1967 577 2036 626 ab·

222 647 419 702 horrens,
450 664 591 707 neque
618 645 814 706 dignum,
844 646 959 692 inter
984 645 1139 692 doctos
1163 646 1432 706 praesertim,
1461 644 1614 706 quod⁴¹
1642 646 1744 693 risui
1772 660 1813 693 et
1838 646 2032 694 ludibrio

221 715 445 762 habeatur.
467 719 590 762 Nam
615 714 721 776 quid
743 713 911 761 indocti
932 715 1121 761 sentiant
1145 714 1196 761 de
1218 714 1419 761 doctrina
1439 732 1757 775 supervacanea
1779 733 1881 762 cura
1902 713 2013 762 est.⁴²

306 783 431 843 Quid
449 784 581 844 igitur
597 782 786 830 offendit
804 801 940 839 aures,
958 801 1066 843 quae
1084 800 1209 830 causa
1225 782 1306 830 fuit
1321 797 1369 830 ut
1387 782 1725 844 exploderemur
1740 801 1763 830 a
1778 783 2035 831 doctissimo

220 852 425 908 concilio,
451 851 541 908 ubi,
564 855 749 899 Summo
774 851 991 898 Pontifice
1013 851 1223 908 adstante,
1243 866 1310 898 tot
1333 851 1583 908 cardinales,
1605 866 1672 899 tot
1694 851 1945 912 legationes,
1967 867 2035 900 tot

219 922 301 967 viri
323 921 486 967 virtute
506 934 775 981 praestantes
797 921 1125 967 convenissent?
1148 918 1432 967 Recitatum⁴³
1454 935 1554 980 post
1577 935 1751 981 tempus
1774 935 1836 967 est
1859 920 2034 968 manda-

219 1004 329 1036 tum:
356 988 400 1036 id
422 988 565 1036 fateor
584 988 819 1036 ridiculum
843 986 957 1035 ests*4
979 987 1062 1035 Sed
1084 987 1192 1043 nihil
1216 988 1270 1035 ad
1290 1006 1391 1036 eum
1416 989 1491 1049 qui
1513 988 1770 1036 mandatum
1793 989 1962 1050 scripsit
1986 1007 2036 1037 ea

220 1057 347 1119 culpa
376 1058 584 1118 pertinet,
617 1055 727 1118 qui⁴5
758 1071 864 1104 tunc
896 1054 1054 1118 roget⁴⁶
1087 1071 1279 1118 tuncque
1309 1055 1504 1104 scribat⁴⁷
1535 1075 1636 1104 cum
1668 1058 1942 1118 magistratus
1974 1058 2034 1105 iu-

218 1124 368 1173 beat.⁴⁸
398 1130 520 1173 Nam
553 1125 674 1186 quod
706 1125 910 1172 nonnulli
943 1125 1153 1172 invidiam
1185 1140 1401 1182 accusant,
1431 1126 1503 1172 vix
1534 1126 1579 1171 in
1611 1143 1706 1172 eam
1735 1124 2031 1173 sententiam⁴⁹

219 1194 417 1241 adducor
445 1208 493 1241 ut
523 1208 697 1241 tantum
727 1193 892 1240 invidia
919 1194 1114 1254 potuerit
1146 1194 1190 1240 in
1221 1211 1280 1250 re,
1308 1194 1563 1254 praesertim
1594 1211 1695 1240 cum
1726 1193 1845 1241 nulla
1874 1191 2033 1241 causa⁵⁰

220 1281 307 1310 esse
335 1262 512 1310 videtur
540 1261 741 1309 invidiae.
770 1262 937 1309 Virtuti
967 1262 1085 1309 enlm
1113 1262 1251 1309 virtus
1281 1261 1399 1309 nulla
1427 1261 1606 1309 invidet.
1636 1260 1838 1309 Tamen⁵¹
1868 1263 1914 1308 in
1944 1260 2032 1309 eo⁵2

216 1345 414 1392 perstant
431 1330 636 1377 nonnulli
657 1349 709 1377 ex
725 1331 884 1377 nostris
902 1329 1204 1377 defensoribus
1223 1345 1264 1377 et
1281 1331 1484 1377 nituntur
1500 1331 1688 1377 maxime
1706 1330 1924 1391 exemplo,
1942 1348 2032 1391 quo

219 1399 327 1446 olim
350 1400 573 1460 principio
598 1398 725 1446 huius
750 1399 836 1446 mei
860 1399 1065 1455 muneris,
1093 1417 1193 1446 cum
1218 1399 1365 1460 inepta
1387 1398 1599 1460 quaedam
1623 1413 1664 1446 et
1686 1416 1797 1446 vana
1818 1399 2034 1460 corrigere

220 1469 264 1514 in
294 1467 488 1529 epistolis
516 1465 738 1529 publicis53
770 1482 1051 1529 temptassem
1081 1482 1122 1515 et
1149 1467 1340 1528 redigere
1367 1467 1422 1515 ad
1447 1468 1728 1515 Latinitatem
1754 1465 1919 1528 atque5⁴
1945 1485 2034 1528 gra-

218 1538 402 1584 vitatem
425 1536 648 1597 republica
674 1536 865 1597 dignam,
893 1537 1055 1583 incurri
1081 1536 1132 1583 ab
1159 1536 1322 1583 invidia
1346 1537 1391 1582 in
1418 1536 1776 1597 reprehensiones
1802 1537 1952 1583 varias.
1978 1540 2032 1583 Et

219 1623 320 1652 cum
340 1623 528 1652 numero
545 1604 751 1665 singulari
770 1619 917 1652 uterer
928 1604 1120 1652 scribens
1138 1604 1192 1652 ad
1203 1623 1357 1661 unum,
1376 1619 1424 1651 ut
1441 1605 1583 1651 Latini
1599 1622 1772 1665 semper
1787 1605 2034 1665 Graecique

217 1675 453 1734 scriptores
475 1691 630 1720 omnes
654 1673 866 1729 fecerunt,
888 1674 977 1720 ausi
999 1687 1100 1720 sunt
1123 1673 1301 1733 quidam
1323 1691 1375 1719 ex
1398 1671 1511 1729 his,55
1535 1674 1609 1733 qui
1630 1672 1785 1719 doctos
1806 1691 1849 1719 se
1869 1672 2032 1720 scilicet

218 1742 336 1788 viros
370 1741 520 1788 haberi
551 1741 723 1797 volunt,
758 1759 930 1788 morem
965 1740 1088 1788 illum
1122 1740 1339 1788 scribendi
1373 1741 1641 1788 rusticanum
1674 1740 1831 1797 dicere,
1863 1741 1909 1787 in
1942 1758 2032 1801 quo

218 1824 369 1857 tamen
403 1810 488 1857 iam
522 1810 707 1870 pervicit
742 1807 935 1856 veritas⁵⁶
970 1824 1011 1856 et
1044 1809 1161 1856 laudi
1193 1807 1366 1856 vortit⁵⁷
1401 1809 1521 1870 quod
1555 1810 1819 1870 vituperavit
1854 1808 2031 1856 invidia.

218 1883 329 1925 Non
349 1896 447 1925 sum
469 1896 549 1938 ego
569 1879 615 1934 is,
636 1877 940 1924 colendissime
960 1892 1097 1938 pater,
1118 1878 1192 1938 qui
1210 1877 1373 1924 famam
1393 1877 1620 1937 negligam,
1641 1877 1716 1924 sed
1735 1878 1768 1924 is
1786 1891 1936 1924 tamen
1955 1878 2031 1937 qui

219 1964 312 1993 non
333 1945 577 1993 admodum
596 1945 830 2006 perturber
845 1946 879 1992 si
900 1946 995 2006 quis
1016 1946 1061 1991 in
1082 1963 1151 1992 me
1171 1945 1350 2006 quidem
1366 1959 1540 2006 praeter
1556 1946 1764 1992 meritum
1786 1962 1935 1992 meum
1956 1944 2031 1991 ob—

218 2014 438 2075 loquatur.
465 2015 507 2061 Si
531 2013 638 2074 quid
661 2013 792 2061 audio
817 2013 869 2061 de
891 2011 1163 2074 republica,58
1189 2013 1233 2060 id
1255 2031 1361 2060 vero
1383 2013 1670 2060 vehementer
1689 2027 1959 2069 commovet,
1984 2027 2032 2060 ut

220 2082 358 2129 modo
374 2097 560 2143 propter
576 2082 709 2129 talem
727 2082 914 2129 scribam
933 2083 1064 2129 etiam
1082 2081 1133 2129 ab
1152 2081 1373 2142 republica
1390 2096 1431 2129 et
1448 2082 1537 2128 eius
1555 2080 1920 2142 gubernatoribus
1940 2099 2033 2128 non

219 2151 475 2198 abstinuisse
501 2150 715 2211 quosdam
739 2150 814 2198 sed
836 2151 1053 2197 incessisse
1078 2150 1318 2197 maledictis
1340 2150 1625 2211 reprobatum
1649 2164 1723 2197 est.

1100 2294 1153 2335 36

620 2363 697 2403 TO
721 2363 1015 2403 TOMMASO
1039 2364 1321 2403 SODERINI
1343 2365 1408 2403 IN
1427 2365 1631 2402 MILAN³

803 2431 1028 2478 Florence‚
1054 2435 1101 2471 15
1126 2431 1322 2471 October
1347 2434 1448 2471 1471

303 2527 375 2573 Str,
398 2524 464 2565 fol.
488 2529 571 2565 244.
595 2525 780 2577 Original.
803 2527 1026 2577 Secretary's
1048 2524 1150 2565 hand
1172 2524 1214 2577 (?)
1242 2528 1358 2565 Verso:
1382 2524 1599 2577 ‘Magnifico
1624 2525 1751 2577 Equiti
1773 2524 1947 2564 Domino

305 2582 526 2621 Tommasio
549 2581 733 2622 Soderino
757 2582 915 2621 Oratori
933 2581 1155 2621 Florentino
1175 2580 1385 2621 Mediolani
1406 2594 1475 2621 etc.
1494 2594 1687 2633 tamquam
1709 2580 1807 2632 patri
1827 2579 1949 2620 hono-

304 2637 451 2677 rando.'
472 2637 586 2677 Recd.
608 2641 651 2676 21
676 2637 850 2677 October
872 2640 975 2677 1471.
994 2636 1106 2685 Scala,
1132 2640 1197 2677 145
1218 2640 1306 2685 [99].

219 2741 458 2802 Magnifice
486 2756 612 2802 pater
638 2742 710 2788 mi.
742 2745 895 2802 Sapete
923 2741 949 2787 il
980 2742 1072 2788 mio
1100 2756 1310 2788 costume:
1343 2759 1434 2787 non
1462 2741 1605 2787 scrivo
1635 2739 1689 2787 ad
1714 2739 2030 2787 ambasciadori

219 2827 349 2856 senza
369 2811 562 2870 cagione.
587 2810 643 2856 Al
663 2824 864 2870 presente
886 2827 1065 2857 occorre
1087 2810 1278 2870 cagione.
1301 2814 1468 2856 Messer
1487 2809 1756 2864 Christiano,
1780 2808 2029 2855 tristissimo

222 2877 405 2934 huomo,
426 2878 546 2938 piglo
566 2877 820 2938 Vergoletta
836 2892 877 2924 et
893 2878 1033 2924 uccise
1051 2882 1218 2924 Messer
1233 2877 1445 2924 Galeotto
1462 2895 1542 2924 suo
1559 2894 1779 2937 compare,
1799 2875 1843 2923 di
1860 2875 1939 2922 che
1958 2876 2034 2936 qui

301 3086 313 3100 ²
330 3081 496 3119 Soderini
512 3081 582 3119 had
600 3082 691 3119 been
709 3081 905 3130 appointed
924 3081 1130 3118 Florentiae
1145 3080 1369 3118 ambassador
1387 3092 1426 3118 to
1446 3079 1561 3117 Milan
1578 3081 1616 3116 in
1633 3082 1772 3127 August
1794 3082 1892 3123 1471;
1910 3092 1963 3116 on
1980 3077 2034 3116 his

220 3133 404 3223 {33³3}
411 3133 502 3221 ἶνῙίΞΙι
515 3147 534 3171 a
549 3133 727 3171 reference
740 3145 780 3171 to
794 3133 865 3171 this
878 3133 993 3177 letter,
1008 3147 1064 3170 see
1080 3132 1309 3176 P.C.Clarke,
1328 3132 1393 3170 The
1405 3132 1560 3170 Soderini
1572 3131 1646 3169 and
1659 3131 1712 3169 the
1722 3131 1856 3175 Medici,
1873 3129 2029 3174 Oxford,
