2124 3458
189 180 281 221 366
1802 187 1939 220 PART
1965 188 1995 220 v

189 339 313 371 teret.
334 325 470 383 Igitur
490 341 590 370 curn
614 323 718 370 haec
738 324 933 383 Cynicus
954 323 1121 370 videret
1140 323 1406 383 paulumque
1429 323 1746 383 cogitabundus
1769 324 1875 384 quid
1897 323 2002 372 haec

188 407 311 439 tanta
324 391 406 438 sibi
425 391 650 438 diversitas
665 390 810 447 vellet,
825 409 1054 451 suspensus
1075 391 1209 437 animi
1226 392 1424 447 stetisset,
1442 391 1494 438 de
1512 406 1689 452 repente
1704 392 1845 438 variae
1862 406 1999 439 muta—

189 461 332 508 tiones
350 474 659 520 apparuerunt.
679 462 842 506 Porcos
859 459 976 506 enim
994 459 1204 520 spectavit
1218 477 1301 520 pro
1319 459 1671 516 obsonatoribus,
1691 478 1774 520 pro
1790 474 2000 507 scortato-

189 528 307 575 ribus
340 532 510 589 [equos]
542 528 799 584 emissarios,
829 545 913 588 pro
945 527 1009 574 his
1039 528 1113 588 qui
1141 527 1260 575 lucra
1286 542 1557 575 sectarentur
1582 527 1746 588 vulpes,
1778 529 2001 576 venaticos

187 615 443 657 sagacesque
468 614 607 652 canes,
633 611 674 643 et
699 595 825 656 lupos
853 596 1079 643 immixtos
1106 596 1297 652 canibus,
1325 611 1372 643 ut
1397 595 1519 643 facile
1544 597 1795 644 coniuratos
1821 596 1997 644 diceres.

188 669 274 712 Pro
297 664 450 712 studiis
475 682 652 725 quoque
678 679 926 711 ceterorum
949 682 1155 724 pavones,
1180 665 1416 724 Harpyiae,
1441 664 1589 711 leones
1613 679 1654 711 et
1678 664 1996 712 indomitarum

188 751 365 794 quoque
389 732 580 780 ferarum
601 732 682 779 alia
699 750 857 792 genera
875 732 1269 792 conspiciebantur.
1292 737 1402 779 Non
1421 750 1577 793 parurn
1599 733 1743 793 itaque
1762 732 2000 780 admiratus

188 819 290 848 cum
311 800 491 848 tandem
513 800 567 847 ad
583 818 626 847 se
649 800 838 847 redisset.
862 804 942 846 ‘En
964 804 1139 856 autem,’
1162 801 1317 860 inquit,
1342 800 1586 860 ‘quomodo
1608 800 1763 847 fallunt
1784 801 1994 848 incautos.

188 870 437 916 Hominem
461 886 656 930 praeesse
679 866 796 915 feris²
821 867 979 915 ferunt.
1004 869 1192 915 Animus
1216 886 1322 915 vero
1346 886 1436 915 non
1460 883 1520 915 est
1545 867 1711 915 homo.'

981 1009 1020 1051 2.
1044 1009 1211 1061 [Aetas]

959 1074 1021 1129 Bi,
1043 1077 1236 1120 42v-43r

187 1181 427 1224 ‹A›etatem
444 1176 625 1223 Desidia
644 1176 909 1237 querebatur
926 1176 1047 1236 quod
1066 1194 1114 1223 ea
1132 1175 1270 1223 multa
1285 1176 1366 1223 sibi
1385 1175 1605 1236 praeclara
1621 1193 1753 1236 opera
1772 1177 1999 1237 intercipe-

188 1260 267 1302 ret,
292 1264 373 1293 nec
397 1245 518 1292 daret
540 1244 801 1306 perficiendi
823 1245 1012 1305 spatium
1037 1259 1084 1292 ut
1107 1262 1196 1291 sese
1220 1244 1291 1291 illa
1314 1244 1493 1291 reddere
1513 1259 1659 1305 posset
1684 1244 1832 1291 labore
1858 1244 2000 1292 indus-

187 1316 357 1375 triaque
379 1332 455 1362 sua
480 1313 759 1361 nobiliorem.
790 1313 1033 1374 Respondit
1059 1317 1204 1370 Aetas,
1230 1313 1465 1361 ‘Bacchum
1489 1313 1679 1361 arbitror
1697 1314 1845 1374 potius
1871 1316 2000 1361 Cere·

188 1401 369 1444 remque
397 1397 438 1430 et
464 1387 684 1429 Venerem
713 1397 753 1429 et
780 1386 969 1429 Somnos
997 1397 1199 1443 questum
1228 1383 1440 1442 oportuit,
1471 1397 1512 1429 et
1537 1382 1571 1429 si
1598 1400 1683 1442 qua
1710 1381 1790 1429 alia
1816 1382 1999 1429 numina

186 1466 287 1499 sunt
313 1451 474 1512 gloriae
500 1451 755 1498 mortalium
782 1450 937 1497 infesta
960 1468 1155 1511 quaeque
1178 1450 1284 1497 dum
1310 1450 1579 1510 indulgentia
1600 1450 1738 1497 videri
1761 1449 1932 1506 volunt,
1957 1467 2001 1497 re

187 1538 290 1567 vera
307 1519 469 1566 habent
491 1519 726 1566 hominum
748 1533 923 1578 gentem
943 1518 1230 1565 inclementer
1247 1533 1294 1565 ut
1313 1519 1445 1565 etiam
1463 1518 1689 1578 voluptate
1708 1519 1870 1565 comite
1891 1536 1999 1565 non-

188 1605 417 1648 nunquam
443 1588 663 1648 perimant
691 1601 763 1634 aut
790 1601 904 1634 certe
928 1586 1104 1647 plenam
1130 1586 1332 1633 laborum
1360 1587 1497 1633 vitam
1523 1587 1882 1647 miseriarumque
1911 1585 2003 1633 effi-

188 1657 318 1704 ciant.
338 1660 460 1703 Nam
482 1657 573 1717 ipsa
593 1674 685 1702 non
705 1673 805 1702 vere
824 1656 1013 1711 incusor,
1035 1673 1143 1716 quae
1163 1670 1204 1702 et
1224 1655 1350 1702 rebus
1370 1655 1615 1702 viventium
1636 1651 1819 1702 faveam³
1841 1669 1883 1702 et
1902 1653 2000 1702 faci-

188 1743 259 1772 am
275 1743 360 1786 pro
379 1724 545 1771 viribus
566 1724 781 1771 meliores.
801 1724 885 1771 Sed
901 1721 1084 1771 luditur⁴
1103 1742 1236 1784 opera
1253 1738 1381 1784 atque
1401 1741 1480 1784 ego
1498 1723 1636 1770 aliena
1654 1723 1780 1784 culpa
1796 1723 1996 1784 plector.’

907 1865 944 1907 3.
969 1859 1284 1907 Praestabilitas

987 1930 1049 1985 Bi,
1071 1933 1206 1976 43r-v

186 2032 451 2091 ‹Q>uoniam
488 2031 656 2091 indigni
690 2049 866 2092 quoque
899 2045 1116 2091 praestare
1147 2030 1403 2078 insolentius
1439 2029 1780 2086 contendebant,
1812 2033 1999 2077 Praesta-

187 2100 330 2148 bilitas
352 2119 372 2147 e
395 2099 544 2147 medio
563 2118 652 2147 sese
671 2100 920 2160 proripiens
942 2100 1153 2146 concessit
1174 2100 1219 2145 in
1240 2099 1349 2146 altos
1370 2114 1542 2146 montes
1565 2117 1704 2159 neque
1726 2099 1806 2146 nisi
1828 2097 1999 2159 expedi-

187 2170 357 2216 tissimo
387 2168 664 2215 accessibiles.
695 2168 799 2215 Inde
827 2168 937 2215 ridet
962 2186 1073 2215 vana
1096 2167 1239 2215 studia
1264 2167 1518 2214 mortalium
1549 2185 1657 2228 quae
1685 2185 1764 2214 nec
1788 2166 1886 2227 plus
1913 2184 2001 2214 una

187 2251 399 2283 contenta
419 2237 582 2283 comite
604 2236 844 2296 gloriosum
871 2254 1027 2282 aevum
1050 2236 1147 2295 agit.

981 2377 1018 2418 4.
1042 2371 1206 2431 Vulgus

958 2440 1020 2496 Bi,
1042 2444 1234 2486 43v-44r

186 2543 431 2590 Molestum
448 2542 601 2602 vulgus
618 2557 707 2589 erat
723 2542 857 2602 quod,
874 2542 1084 2602 fingendo
1100 2542 1300 2588 licentius
1315 2541 1704 2601 maledicendoque
1718 2541 1998 2601 proterviter,

188 2626 346 2658 cuncta
359 2629 443 2672 pro
460 2610 643 2658 arbitrio
659 2609 964 2657 confunderet.
983 2609 1122 2669 Quod
1138 2609 1316 2671 quidem
1331 2624 1504 2670 praeter
1517 2623 1684 2656 ceteros
1701 2608 1923 2669 indignata
1938 2625 1998 2655 re-

186 2681 287 2740 gina
318 2697 465 2726 rerum
497 2678 795 2740 Philosophia,
832 2697 923 2726 non
955 2678 1103 2726 multis
1134 2696 1234 2725 cum
1267 2678 1478 2725 militibus
1512 2678 1556 2724 in
1587 2677 1765 2738 vulgum
1799 2677 1995 2737 insurgit,

188 2749 405 2808 aequitate
433 2747 543 2794 freta
570 2765 719 2794 causae
748 2752 953 2807 Veroque
984 2746 1224 2794 fortissimo
1256 2746 1364 2793 duce
1392 2747 1645 2806 invictoque
1674 2744 1728 2792 ad
1755 2763 1850 2792 eam
1879 2744 1996 2791 diem

189 2817 467 2877 imperatore.
503 2819 621 2862 Cum
655 2815 709 2862 ad
739 2833 858 2862 arma
888 2829 1071 2862 ventum
1105 2829 1211 2862 esset
1246 2832 1396 2875 resque
1427 2828 1648 2874 gereretur
1678 2831 1824 2869 manu,
1857 2830 1881 2860 a
1910 2813 1996 2860 suis

188 2903 365 2945 quoque
390 2884 571 2940 deserta,
595 2883 878 2944 Philosophia
902 2898 1142 2944 superatur.
1168 2886 1272 2930 Dux
1294 2883 1425 2930 etiam
1450 2883 1537 2943 ipse
1560 2883 1633 2928 vix
1657 2880 1809 2942 effugit
1831 2881 1997 2942 pericu-

188 2953 295 3009 lum,
324 2953 640 3013 praerogativa,
669 2970 754 3012 qua
782 2948 1063 3007 immortale,⁵
1092 2951 1293 2998 mortalia
1320 2951 1565 2997 contemnit
1594 2967 1725 2997 arma.
1752 2949 1918 3009 Vulgus
1949 2966 1998 2996 ea

189 3021 325 3068 elatus
346 3021 532 3067 victoria
554 3019 791 3066 immodice
816 3020 861 3065 in
884 3019 1041 3066 ducem
1064 3020 1342 3079 reginamque
1367 3017 1670 3065 debacchatur.
