2118 3444
189 157 279 198 322
1799 163 1936 196 PART
1962 164 1993 196 V

188 301 435 361 gloriolam,
466 300 845 360 indulgentissimo
874 300 1059 360 parenti,
1089 300 1363 359 ingratissimi
1394 300 1484 346 nati
1512 299 1776 347 inviderunt.
1807 305 1870 347 Ita
1895 318 1997 347 cum

190 370 305 416 inter
323 387 366 416 se
388 368 656 429 aliquamdiu
679 368 1098 424 obmurmurassent‚
1124 367 1226 415 facti
1246 367 1602 424 confidentiores,
1624 367 1802 415 tandem
1822 386 1998 416 secesse-

190 452 291 485 runt
317 439 490 498 iamque
514 436 752 498 prodibant
779 437 823 482 in
847 436 1074 497 publicum
1102 436 1289 484 liberius.
1319 440 1436 483 Cum
1462 451 1607 484 autem
1634 437 1678 483 in
1702 436 1998 484 litteratorum

190 524 344 553 manus
365 505 645 566 quorundam
670 505 935 560 incidissent,
957 505 1232 551 ambitiosior
1254 523 1305 551 ex
1326 504 1389 551 his
1410 522 1522 551 unus
1544 522 1597 551 ne
1616 523 1795 565 pausam
1818 504 1997 565 quidem

189 588 262 620 aut
279 573 514 634 periodum
537 573 581 618 in
600 574 658 619 eis
677 572 1028 633 irreprehensum
1049 572 1440 632 indamnatumque
1460 572 1646 632 reliquit.
1667 576 1770 631 Qua
1789 572 1841 619 de
1859 590 1902 619 re
1919 587 2001 620 ter-

191 642 275 698 riti,
299 641 493 702 Apologi
518 659 618 688 cum
641 658 684 687 se
708 641 766 687 ita
784 640 1011 701 pueriliter
1031 640 1241 687 lascIvisse
1263 641 1504 701 paeniteret
1526 644 1791 701 Vestamque
1815 641 1900 687 iam
1923 655 1995 688 aut

187 709 438 757 Vulcanum
472 708 777 765 formidarent,
810 706 1129 768 refugerunt.¹25
1164 711 1313 764 ‘Atat,’
1346 709 1539 769 inquam,
1573 708 1694 769 ‘quid
1725 709 1785 755 rei
1816 723 1877 755 est
1907 723 1998 756 tan-

189 778 312 825 dem?
334 777 460 836 Quid
481 777 752 824 erubescitis?
778 776 902 836 Quid
923 777 1121 823 timetis?'
1146 776 1224 832 Illi,
1245 791 1292 823 ut
1315 794 1379 823 res
1400 775 1570 823 fuerant
1594 794 1694 823 cum
1716 777 1997 837 aperuissent3

191 849 358 902 ‘Heus,’
381 847 575 906 inquam,
597 849 744 906 ‘quam
762 845 872 892 bene
890 859 1193 905 comparatum
1213 859 1287 892 est:
1308 844 1459 892 invido
1478 844 1641 891 invidia
1658 844 1838 901 invidet,
1857 863 1997 906 neque

188 915 274 961 suis
297 915 436 975 parcit
460 928 589 974 atque
612 914 701 974 ipsa
722 913 803 960 sibi
827 912 1135 960 excarnificina
1156 927 1230 960 est.
1252 918 1343 959 Vos
1368 913 1489 960 domi
1515 916 1715 959 manete.'

966 1054 1031 1096 52.
1058 1053 1229 1096 Rumor

190 1153 461 1201 Advenienti
484 1167 699 1209 monstro,
723 1152 926 1213 populus,
954 1152 1074 1213 quod
1097 1153 1130 1199 is
1151 1170 1324 1213 semper
1346 1166 1407 1199 est
1430 1170 1576 1199 rerum
1599 1170 1814 1199 novarum
1836 1151 1999 1199 studio-

188 1240 272 1278 sus,
295 1222 473 1269 obviam
497 1239 597 1268 cum
619 1235 726 1268 esset
745 1239 1008 1281 progressus,
1033 1221 1105 1267 vix
1123 1221 1276 1268 satiare
1292 1239 1394 1281 prae
1415 1220 1595 1267 libidine
1617 1221 1787 1267 animos
1807 1235 2000 1281 spectan-

190 1290 248 1337 do
270 1304 458 1350 poterat.
483 1294 740 1336 Monstrum
766 1288 956 1336 informe
982 1303 1023 1335 et
1044 1290 1214 1336 varium
1239 1303 1279 1336 et
1302 1288 1555 1335 vultuosum
1584 1302 1673 1335 erat
1695 1289 1996 1349 continuoque

189 1358 399 1405 luxuriari
424 1358 469 1403 in
494 1357 659 1417 linguas
684 1374 846 1417 oraque
870 1356 1161 1403 multiformia
1185 1356 1416 1403 videbatur
1438 1371 1494 1412 et,
1518 1355 1639 1417 quod
1662 1357 1810 1403 cuncti
1830 1370 2005 1416 praeter

190 1441 334 1473 cetera
353 1426 631 1481 mirarentur,
655 1443 921 1485 quamquam
946 1439 1052 1472 esset
1073 1443 1244 1471 summa
1267 1425 1311 1470 in
1332 1424 1571 1485 gradiendo
1593 1424 1787 1471 celeritas
1806 1438 1848 1471 et
1868 1441 2000 1484 quarn

191 1493 308 1541 haud
329 1493 513 1541 absurde
537 1494 684 1540 avium
706 1493 955 1554 pernicitati
978 1493 1241 1553 aequiperes‚
1262 1507 1424 1548 tamen,
1448 1493 1542 1552 quis
1565 1492 1805 1548 inveheret,
1828 1506 1918 1539 erat
1939 1493 1999 1538 in-

191 1577 374 1609 certum.
395 1566 448 1608 Et
470 1561 606 1608 hostis
627 1561 813 1608 instabat
834 1579 856 1608 a
874 1575 1011 1622 tergo,
1032 1561 1151 1608 cuius
1172 1560 1349 1621 quidem
1370 1561 1448 1607 etsi
1466 1559 1604 1607 videri
1624 1559 1791 1607 tardior
1809 1560 1997 1607 incessus

188 1627 403 1691 posset‚¹²⁶
431 1630 553 1691 quod
577 1629 831 1677 incredibile
855 1629 968 1677 forte
992 1629 1111 1676 dictu
1133 1630 1201 1685 sit,
1227 1644 1374 1676 tamen
1398 1643 1696 1689 assequeretur
1716 1646 1764 1675 ac
1784 1627 1999 1689 perderet.

191 1700 326 1759 Igitur
352 1698 417 1745 his
442 1698 616 1759 stupida
642 1699 762 1745 miris
788 1698 916 1745 turba
940 1699 1181 1744 maximum
1209 1712 1386 1744 venerat
1412 1698 1456 1743 in
1483 1696 1744 1744 desiderium
1772 1693 1929 1757 quid¹²⁷
1956 1696 2000 1743 id

190 1767 370 1814 tandem
396 1767 584 1813 monstri
612 1781 719 1813 esset
744 1765 1049 1826 cognoscendi.
1079 1765 1322 1826 Respondit
1348 1766 1564 1821 Gravitas,
1589 1765 1643 1812 ad
1666 1783 1797 1825 quam
1821 1764 2000 1825 quidem

191 1836 338 1882 cuncti
370 1831 659 1895 sapientiae128
693 1834 886 1895 palmam
919 1852 998 1894 per
1029 1833 1072 1880 id
1104 1848 1276 1894 tempus
1310 1833 1576 1880 deferebant:
1611 1834 1807 1889 ‘Mirum,
1843 1833 1887 1878 ni
1920 1850 1998 1879 vos

192 1904 412 1964 hospitem
437 1918 646 1959 vestrum,
671 1921 802 1963 quem
826 1920 904 1949 vos
927 1902 1052 1959 alitis,
1078 1903 1398 1962 recognoscitis.
1423 1906 1572 1948 Vanus
1596 1902 1629 1948 is
1654 1915 1715 1948 est
1738 1905 1922 1948 Rumor:
1949 1900 2004 1948 ad

191 1990 344 2033 operas
368 1971 614 2019 abscedite.’

891 2111 956 2154 53.
982 2107 1305 2153 Perseverantia

191 2213 422 2269 Quattuor
455 2210 555 2270 equi
587 2208 710 2265 Solis,
747 2209 1041 2264 continuatos,
1076 2223 1122 2255 ut
1156 2208 1358 2264 arbitror,
1393 2207 1490 2255 fessi
1523 2206 1783 2267 refugientes
1815 2206 1998 2263 labores,

190 2277 531 2338 transfugerunt.
567 2282 630 2324 Ita
661 2277 840 2337 evagati,
869 2276 1049 2337 paulum
1086 2276 1332 2323 inciderunt
1366 2277 1410 2322 in
1443 2275 1615 2323 raedam
1649 2275 1998 2322 caementariam.

190 2350 319 2406 Ergo,
341 2360 523 2406 accepto
540 2346 655 2405 iugo,
677 2363 777 2392 cum
795 2345 1099 2405 pertraherent
1116 2359 1244 2405 atque
1261 2344 1332 2391 illa
1349 2359 1496 2391 tamen
1515 2362 1675 2404 magno
1694 2361 1794 2390 cum
1813 2342 2000 2390 stridore

192 2415 280 2461 axis
296 2428 337 2461 et
352 2428 549 2461 rotarum
566 2414 750 2474 strepitu
765 2428 1083 2474 cantorumque
1101 2412 1260 2460 crebris
1276 2411 1633 2460 concussionibus
1651 2426 1906 2472 sequeretur
1918 2425 2000 2459 tar-

192 2482 304 2538 dior,
339 2483 539 2529 conversi
576 2481 871 2542 increpabant.
908 2485 968 2528 At
1002 2481 1218 2528 raedarius
1252 2499 1325 2528 eos
1360 2481 1523 2527 interea
1556 2480 1842 2527 nihilominus
1882 2478 2000 2526 fusti-

191 2548 412 2610 busque129
444 2565 484 2596 et
511 2549 697 2596 stimulis
727 2550 989 2596 incessanter
1015 2549 1214 2609 agitabat.
1243 2552 1359 2596 Cum
1390 2549 1599 2609 coepisset
1629 2545 1828 2608 coepti¹³⁰
1854 2548 1998 2608 paeni-

192 2633 282 2665 tere
299 2617 544 2678 frustraque
561 2636 584 2665 a
600 2618 794 2678 capistris
812 2618 929 2665 mitti
945 2617 1018 2665 diu
1035 2616 1375 2673 contendissent,
1394 2617 1538 2664 miseri
1557 2617 1615 2663 ita
1630 2630 1758 2677 atque
1774 2615 1999 2663 indecores

192 2700 518 2733 consenuerunt
546 2704 696 2746 resque
720 2687 810 2746 ipsa
831 2684 1060 2733 tandem¹³l
1087 2685 1261 2733 edocuit
1284 2685 1426 2732 multo
1450 2684 1576 2732 fuisse
1600 2684 1716 2745 apud
1737 2683 1883 2731 Solem
1904 2701 1998 2744 per—

191 2772 404 2801 severasse
427 2769 556 2814 atque
579 2754 857 2801 obduravisse
882 2755 1024 2800 satius.
