2072 3450
101 183 354 218 TEXTUAL
378 182 552 216 NOTES
1094 173 1151 213 V:
1185 174 1202 213 1
1805 172 1894 212 533

185 316 214 339 ⁴²
228 331 278 356 est
292 333 358 356 om.
376 315 418 355 1.²
432 320 497 355 Mo

185 368 213 391 ⁴³
227 383 267 408 ut
282 400 289 407 .
304 400 312 407 .
329 400 336 407 .
350 370 551 407 habeamus:
568 383 639 406 esse
653 368 823 417 triplicari
837 382 1027 405 numerum
1043 367 1206 416 efficique
1221 379 1327 404 sectas
1342 366 1489 404 lxxxviii
1501 381 1605 415 supra
1620 370 1683 403 cc²⁵
1697 368 1762 402 Mo

185 422 214 443 ⁴⁴
227 426 495 460 Verumtamen:
512 422 572 459 sed
587 424 653 459 Mo

185 473 213 495 ⁴⁵
227 487 308 512 tres:
323 474 398 512 illas
411 486 480 511 tres
494 488 533 511 ex
545 474 676 522 primas
692 473 765 510 illas
779 484 932 521 quatuor
945 486 1027 509 corr.
1044 474 1109 509 Mo

185 526 214 548 ⁴⁶
227 542 281 565 ex:
295 542 334 565 α
347 527 390 565 ab
404 541 486 564 corr.
504 529 570 564 Mo

185 577 214 600 ⁴⁷
228 580 345 629 inquit
358 579 427 616 dici
442 593 534 616 vere:
548 593 630 616 vere
643 578 712 615 dici
727 580 792 615 Mo

184 630 213 653 ⁴⁸
227 633 323 670 haec:
339 632 409 670 hoc
423 634 489 670 Mo

184 682 213 705 ⁴⁹
226 684 294 722 fuit
308 699 375 722 om.
392 681 434 722 L²

185 736 214 759 ⁵⁰
185 738 350 812 ⁵¹studiis
365 740 442 782 Mo;
457 750 606 775 aetatem
620 748 702 775 ante
715 738 751 774 in
764 736 826 774 del.
819 766 839 780 .,
849 747 925 786 post
937 736 1060 774 studiis
1073 748 1229 786 suprascr.
1247 738 1313 773 Mo

185 789 348 840 ⁵¹paene:
363 790 435 828 fere
448 805 487 828 α
499 805 591 839 pene
603 804 686 827 corr.
703 792 769 827 Mo

184 842 212 865 ⁵²
226 844 450 892 eosdemque:
467 855 623 892 suprascr.
642 845 719 886 Mo,
733 842 876 880 eosdem
893 839 933 879 L²

184 894 211 916 ⁵³
226 896 309 933 fere:
323 910 414 945 pene
428 898 494 932 Mo

184 948 212 970 ⁵⁴
225 950 377 986 Socratis
390 948 582 997 discipulus
595 959 677 985 ante
689 949 744 984 vir
754 947 816 984 del.
834 950 899 984 Mo

184 999 211 1021 ⁵⁵
226 1015 308 1038 cum
324 1000 437 1038 multa
448 1011 530 1037 ante
542 1014 624 1037 cum
638 999 700 1037 del.
717 1002 783 1036 Mo

184 1052 212 1075 ⁵⁶
226 1054 413 1091 audivisset
426 1053 548 1091 addidi

184 1104 212 1126 ⁵⁷
226 1106 406 1154 malisque:
424 1120 463 1143 ac
476 1102 576 1142 malis
591 1107 657 1142 Mo

184 1157 211 1179 ⁵⁸
225 1171 285 1196 aut
297 1170 380 1196 ante
392 1171 538 1195 naturae
549 1158 626 1195 add.
644 1160 710 1195 Mo

184 1208 212 1231 ⁵⁹
225 1210 420 1247 edocuisset
432 1221 508 1258 post
522 1209 608 1246 alios
620 1209 683 1246 del.
700 1212 765 1246 Mo

183 1261 213 1283 ⁶0
224 1262 417 1312 discipulos
431 1263 668 1311 Speusippum
685 1265 751 1299 Mo

183 1313 210 1335 ⁶¹
226 1317 466 1352 Xenocratem
480 1314 741 1352 calcedonium
756 1326 790 1352 et
803 1314 1035 1351 Aristotelem
1048 1315 1247 1363 Stagiritem
1256 1325 1332 1363 post
1344 1328 1468 1351 sorore
1479 1313 1542 1351 del.
1559 1316 1625 1350 Mo

183 1366 211 1388 ⁶²
225 1369 322 1418 quasi
336 1379 419 1406 ante
430 1367 645 1405 hereditario
656 1367 732 1405 add.
750 1370 816 1405 Mo

182 1418 211 1441 ⁶³
225 1432 259 1458 et
273 1435 339 1458 om.
356 1423 422 1458 Mo

182 1472 211 1494 ⁶⁴
224 1474 356 1512 docens
370 1473 553 1523 disputans
563 1484 639 1522 post
652 1488 811 1511 seorsum
825 1472 887 1511 del.
905 1475 970 1511 Mo

182 1524 210 1547 ⁶⁵
224 1525 463 1576 praecipiendi
478 1538 523 1563 et:
537 1525 690 1563 docendi
706 1540 744 1563 ac
758 1528 823 1563 Mo

182 1578 211 1600 ⁶⁶
224 1592 460 1617 commutato:
477 1581 668 1617 immutato
684 1582 750 1616 Mo

182 1630 211 1652 ⁶⁷
224 1631 370 1669 fuerunt
383 1643 538 1680 suprascr.
557 1634 623 1668 Mo

182 1683 575 1744 ⁶⁸philosophorum..
591 1684 825 1722 .sediti0nem
840 1699 878 1721 ex
891 1684 1070 1733 quoddam
1086 1684 1273 1722 discidium
1289 1684 1377 1733 phil.
1392 1699 1474 1721 corr.
1491 1687 1557 1721 Mo

225 1749 318 1774 mter
330 1751 365 1774 se
379 1736 458 1774 solo
474 1738 623 1774 nomine
637 1734 689 1780 L²,
704 1736 782 1774 solo
798 1751 897 1774 nom.
914 1737 1007 1773 inter
1018 1751 1053 1774 se
1068 1739 1134 1773 Mo

183 1788 212 1810 ⁷⁰
224 1790 288 1827 de.
328 1802 443 1839 .:p0st
459 1791 519 1838 qui
534 1789 641 1838 paulo
655 1802 737 1838 post
752 1789 885 1827 fuerint
898 1792 963 1827 Mo

183 1840 209 1862 ⁷¹
224 1841 323 1890 quod
335 1853 491 1890 suprascr.
510 1844 576 1879 Mo

183 1892 210 1914 ⁷²
225 1895 398 1932 inveniri.
415 1925 422 1931 .
438 1925 445 1931 .
460 1909 597 1931 verum:
613 1895 766 1931 inveniri
778 1894 820 1932 ab
835 1894 1044 1932 hominibus
1058 1892 1112 1938 L²‚
1126 1909 1252 1932 verum
1266 1895 1363 1931 enim
1377 1894 1570 1931 hominum
1586 1895 1735 1943 ingeniis
1750 1895 1903 1931 inveniri

182 1735 233 1757 ⁶⁹·

223 1949 289 1983 Mo

183 1997 210 2019 ⁷³
223 2011 391 2048 putarent
403 2014 442 2036 ex
454 1999 595 2048 putabit
608 2014 691 2036 corr.
708 2001 774 2036 Mo

182 2049 211 2071 ⁷⁴
223 2066 310 2088 vero
323 2063 479 2100 suprascr.
498 2054 564 2088 Mo

182 2102 210 2124 ⁷⁵
224 2105 284 2153 qui
294 2115 370 2153 post
384 2104 421 2141 hi
434 2104 496 2142 del.
514 2107 580 2141 Mo

182 2154 210 2176 ⁷⁶
225 2156 428 2193 iudicantes:
445 2157 583 2205 opinati
596 2159 662 2193 Mo

182 2207 210 2229 ⁷⁷
223 2224 291 2259 pro
305 2240 313 2247 .
328 2240 336 2247 .
352 2240 360 2247 .
373 2209 632 2247 confirmarent
645 2224 684 2247 ex
696 2222 866 2259 tanquam
881 2222 979 2247 certo
993 2210 1219 2248 affirmabant
1232 2225 1315 2248 corr.
1332 2213 1397 2248 Mo

181 2259 209 2281 ⁷⁸
223 2263 286 2299 etsi
302 2263 433 2299 imitari
448 2262 548 2299 Plato
562 2262 713 2299 videtur.
729 2262 829 2299 Plato
844 2263 880 2299 in
895 2263 964 2300 suis
979 2262 1078 2300 libris
1086 2273 1162 2312 post
1174 2262 1438 2300 dubitationem
1450 2262 1512 2300 del.
1529 2265 1595 2300 Mo

181 2313 210 2335 ⁷⁹
223 2315 349 2353 melius
362 2327 445 2353 ante
456 2317 573 2353 verius
584 2315 647 2353 del.
664 2318 730 2353 Mo

181 2365 210 2387 ⁸⁰
223 2368 398 2416 exprimat
411 2382 450 2405 ex
463 2369 631 2416 exprimit
645 2382 727 2405 corr.
744 2370 810 2405 Mo

181 2418 207 2440 51
222 2433 346 2469 postea
360 2435 426 2458 om.
443 2423 509 2458 Mo

181 2469 209 2492 ⁸²
181 2473 343 2545 ⁸³primo
357 2485 441 2509 erat:
457 2484 530 2509 erat
543 2473 663 2521 primo
677 2475 743 2509 Mo

181 2523 331 2574 ⁸³qu.od
348 2540 454 2574 quam
470 2525 614 2574 quidem
629 2525 868 2563 differentiam
883 2528 949 2563 Mo

181 2575 210 2597 ⁸⁴
222 2577 449 2626 disputando:
466 2577 516 2614 bis
529 2580 595 2614 Mo
604 2581 720 2626 priore
730 2577 807 2622 del.;
821 2577 1023 2661 disputandi
1039 2576 1080 2615 L²

181 2628 209 2650 ⁸⁵
223 2630 322 2667 locus
332 2641 408 2679 post
423 2630 521 2667 illinc
531 2630 594 2667 del.
611 2633 676 2668 Mo

182 2679 209 2701 ⁸⁶
223 2681 342 2719 fece..
358 2681 550 2719 .effecisset
563 2693 646 2719 ante
658 2681 785 2719 fecerat
797 2682 859 2720 del.
876 2685 942 2720 Mo

181 2732 210 2754 ⁸⁷
224 2734 315 2772 ideas
330 2747 370 2772 ut
384 2736 432 2772 ait
446 2737 588 2772 Marcus
602 2735 740 2773 Tullius
755 2738 821 2773 Mo

181 2784 208 2806 ⁸⁸
222 2787 370 2835 primus:
386 2787 506 2836 primo
521 2784 577 2824 Μ2

181 2837 210 2859 ⁸⁹
223 2839 356 2877 multis:
372 2840 563 2889 multisque
578 2843 644 2878 Mo

180 2889 210 2912 ⁹⁰
222 2891 308 2929 dicit
323 2922 330 2929 .
345 2922 353 2929 .
369 2922 377 2929 .
391 2891 496 2929 libro:
513 2891 546 2939 (.
561 2922 569 2929 .
585 2922 593 2929 .
607 2893 643 2929 in
658 2893 766 2930 tertio
779 2892 872 2930 libro
887 2923 894 2930 .
910 2923 917 2930 .
934 2923 941 2930 .
955 2890 1008 2941 L²)
1023 2905 1142 2930 tamen
1158 2894 1276 2930 nescio
1291 2907 1334 2930 an
1350 2894 1457 2942 magis
1472 2908 1598 2930 verum
1611 2894 1655 2930 sit
1669 2893 1767 2942 quod
1782 2894 1829 2930 ait

221 2944 323 2982 divus
338 2946 559 2994 Augustinus
575 2945 708 2983 inlibro
721 2958 847 2983 contra
860 2946 1091 2984 Academicos
1108 2949 1174 2983 Mo

180 2994 208 3016 ⁹¹
223 2996 327 3034 fuisse
343 3026 350 3034 .
367 3027 374 3034 .
390 3026 397 3034 .
410 2997 612 3034 discrimen:
628 2997 732 3035 fuisse
746 2997 847 3035 discr.
865 2999 958 3035 inter
970 2998 1036 3035 hos
1049 2998 1138 3035 duos
1153 2998 1241 3047 phil.
1256 2995 1309 3042 L²,
1325 2999 1418 3035 inter
1430 3012 1489 3035 eos
1504 2997 1608 3035 fuisse
1623 2998 1724 3035 discr.
1742 3001 1807 3035 Mo

180 3047 210 3069 ⁹²
223 3064 325 3098 posse
335 3061 411 3099 post
424 3064 591 3099 apparere
603 3050 666 3087 del.
682 3053 748 3088 Mo

180 3099 209 3121 ⁹³
222 3113 365 3139 tantum
377 3113 533 3150 suprascr.
551 3104 618 3139 Mo

181 3152 210 3174 ⁹⁴
223 3154 402 3192 differant:
416 3154 589 3193 differunt
603 3153 645 3192 L²
