2118 3444
204 167 294 208 308
1816 175 1954 209 PART
1979 176 2011 208 v

947 316 984 358 8.
1007 313 1278 372 Tempestasc

204 415 372 470 Olitor‚
392 414 594 474 agricola,
612 429 776 474 pastor,
798 429 930 461 nauta
948 414 1062 461 forte
1081 430 1383 461 convenerunt
1405 429 1461 471 et,
1481 433 1581 462 cum
1602 430 1709 462 esset
1728 433 1874 462 sermo
1894 430 2016 463 ortus

204 482 256 529 de
272 482 400 529 rebus
418 482 745 538 communibus,
767 482 895 528 simul
915 500 1069 529 omnes
1086 482 1382 542 querebantur
1394 497 1706 543 tempestatum
1723 501 1867 530 mores
1885 497 2014 544 atque

203 551 362 598 acriter
376 550 635 597 accusabant
654 549 792 597 modo
809 550 1090 597 continuatos
1108 564 1236 611 atque
1252 549 1433 597 infestos
1450 550 1624 607 imbres,
1644 550 1782 598 modo
1799 550 2017 599 ferventes

204 619 394 665 nimium
417 633 547 678 atque
566 619 717 665 omnia
737 632 967 665 exurentes
987 632 1028 665 et
1045 632 1214 678 pestem
1234 618 1360 665 rebus
1380 617 1612 666 afferentes
1627 618 1752 675 soles,
1775 633 2013 666 ventorum

204 687 337 734 etiam
361 686 599 747 aliquando
624 687 975 733 concertationes
998 687 1272 747 impetusque
1297 686 1560 734 immodicos
1585 701 1626 734 et
1649 686 1825 734 foedam
1849 686 2015 735 rabiem

204 755 487 803 damnabant.
508 759 558 801 In
576 773 672 802 eam
692 754 871 802 tandem
892 769 1193 802 concesserant
1211 755 1488 812 sententiam,
1508 770 1556 803 ut
1575 755 1629 803 ad
1645 773 1721 803 sua
1740 756 1901 816 quique
1921 773 2015 803 rem

203 823 426 871 deferrent
446 824 643 880 numina,
668 824 961 884 Priapumque
984 838 1056 870 aut
1075 828 1318 870 Mutunum
1343 838 1384 871 et
1403 824 1630 884 Segetiam,
1650 823 1826 871 Floram
1847 825 1954 871 item
1974 838 2016 872 et

203 896 453 939 Pomonam
484 906 526 939 et
553 891 700 939 Palem
729 906 770 939 et
796 891 1017 939 Salaciam.
1047 896 1158 939 Iuno
1186 893 1329 952 igitur,
1358 910 1459 939 cum
1489 910 1562 939 eos
1588 893 1786 940 sensisset
1813 892 2014 940 subnasci

204 975 366 1016 motus,
392 960 504 1007 Iride
525 956 687 1007 missa²⁴
713 959 945 1007 admonuit
968 959 1128 1007 limites
1152 978 1243 1007 non
1266 959 1538 1007 excederent.
1556 961 1681 1008 Mitti
1701 975 1850 1008 tamen
1870 961 2013 1008 visum

203 1028 256 1076 de
284 1029 514 1076 communi
546 1028 600 1075 ad
628 1033 778 1075 Iovem
808 1046 933 1075 causa
960 1028 1136 1089 legatos,
1167 1029 1431 1089 Priapusque
1460 1043 1501 1076 et
1528 1028 1658 1076 Flora
1685 1029 1815 1076 missi.
1848 1028 2014 1076 Audita

202 1097 435 1158 legatione,
462 1096 689 1158 respondit
718 1097 914 1158 Iuppiter
938 1097 1114 1157 coniugi
1142 1096 1187 1144 id
1210 1093 1361 1144 sorte²⁵
1390 1115 1572 1158 regnum
1599 1097 1816 1158 obtigisse3
1846 1115 1920 1145 eos
1946 1115 2015 1145 co-

203 1167 344 1226 niugis
369 1167 448 1213 etsi
469 1183 618 1226 graves
641 1183 786 1212 mores
808 1180 856 1213 ut
879 1180 920 1212 et
943 1166 1022 1226 ipsi
1043 1164 1265 1226 perferant
1287 1183 1456 1213 necesse
1479 1184 1579 1213 esse.

979 1306 1015 1348 9.
1039 1301 1245 1349 Vindicta

202 1408 410 1460 Passeres,
438 1404 629 1464 argutius
653 1421 800 1464 genus,
828 1421 953 1464 saepe
978 1421 1191 1464 aucupem
1218 1403 1460 1451 fefellerant
1484 1418 1526 1451 et
1548 1404 1737 1451 vitarant
1762 1404 1881 1451 retia.
1905 1405 2017 1451 Tan-

203 1472 304 1520 dem
329 1490 430 1520 cum
455 1473 607 1519 omnia
631 1473 730 1519 nive
754 1486 893 1519 essent
918 1471 1108 1533 oppleta,
1132 1471 1186 1519 ad
1204 1486 1437 1533 purgatum
1464 1471 1516 1519 de
1538 1471 1750 1519 industria
1772 1471 1922 1519 locum
1943 1472 2014 1520 sti-

203 1541 399 1589 mulante
419 1541 564 1588 inedia
580 1559 681 1588 cum
699 1540 753 1588 ad
768 1559 909 1588 escam
927 1540 1291 1598 convolavissent,
1312 1540 1559 1588 inciderunt
1578 1541 1623 1587 in
1641 1558 1798 1602 capses3
1817 1559 1841 1588 a
1856 1540 2013 1602 quibus

202 1628 304 1657 cum
329 1609 535 1670 explicari
557 1627 699 1670 neque
722 1624 812 1657 arte
833 1609 920 1656 ulla
943 1627 1023 1656 nec
1043 1609 1208 1657 viribus
1229 1624 1407 1670 possent
1431 1624 1560 1670 atque
1581 1624 1688 1656 esset
1711 1609 1905 1656 trucibus
1928 1610 2015 1657 iam

203 1678 469 1725 insidiatoris
494 1678 696 1725 manibus
718 1677 1009 1739 pereundum,
1033 1677 1264 1725 Vindictae
1287 1696 1375 1725 sese
1395 1696 1585 1739 passeres
1609 1677 1896 1725 devoverunt.
1919 1680 2016 1725 Dea

202 1748 262 1794 ita
283 1761 344 1794 est
369 1746 555 1793 devotos
578 1746 814 1793 consolata:
843 1750 1032 1806 ‘Auceps
1055 1746 1244 1806 captabit
1268 1764 1495 1806 aucupem3
1519 1764 1660 1806 neque
1684 1746 1868 1793 deerunt
1891 1746 2012 1793 retia.

202 1815 324 1862 Laeti
345 1815 628 1861 emorimini.'

975 1955 1036 1997 10.
1060 1951 1253 1997 Divitiae

201 2058 430 2100 Mercator
449 2053 601 2100 eadem
624 2068 664 2100 et
684 2052 975 2114 philosophus
1003 2053 1116 2109 navi,
1140 2052 1210 2100 hic
1232 2052 1470 2109 doctrinae,
1494 2052 1563 2099 ille
1585 2052 1693 2099 lucri
1716 2053 1864 2112 gratia,
1887 2051 2014 2099 vehe-

201 2122 375 2169 bantur.
405 2125 525 2169 Cum
552 2139 659 2168 vero
685 2122 805 2181 signa
830 2121 1120 2182 philosophus
1151 2121 1504 2182 deprehendisset
1531 2120 1701 2168 futurae
1729 2120 2012 2181 tempestatis,

202 2186 474 2237 mercatori²⁶
499 2204 547 2236 ut
574 2204 822 2236 moraretur
846 2190 890 2235 in
916 2204 1049 2250 portu
1074 2189 1293 2236 suadebat.
1321 2192 1438 2236 Cum
1465 2188 1758 2249 adnavigasset
1783 2203 1933 2235 tamen
1957 2202 2013 2244 et,

202 2257 333 2305 foeda
365 2273 519 2305 coorta
552 2272 800 2318 tempestas,
836 2254 1031 2305 navem²7
1065 2257 1256 2318 fregisset
1291 2271 1332 2304 et
1366 2257 1598 2318 deperisset
1633 2275 1734 2304 cum
1770 2270 2013 2304 mercatore

202 2326 394 2383 divitiae,
426 2326 648 2387 nymphae
684 2344 792 2387 quae
825 2340 1099 2373 accurrerant
1130 2326 1459 2373 commiseratae
1491 2343 1637 2373 casum
1671 2324 2012 2386 ingemiscebant

201 2396 357 2442 tristes.
379 2399 498 2441 Inter
512 2395 656 2441 varios
676 2409 822 2441 autem
841 2412 951 2454 quos
970 2394 1155 2441 edebant
1173 2408 1361 2454 questus,
1382 2393 1494 2441 hanc
1509 2393 1799 2454 philosophus
1821 2411 1843 2440 e
1859 2407 2008 2454 portu,

201 2463 277 2509 ubi
304 2463 518 2509 restiterat
539 2480 728 2518 securus,
755 2461 1053 2522 nympharum
1081 2480 1237 2508 vocem
1262 2462 1416 2517 hausit,
1442 2479 1573 2522 quam
1597 2461 1754 2508 deinde
1777 2460 2008 2508 columnae

202 2530 443 2591 adscripsit,
472 2548 581 2591 quae
608 2548 630 2577 e
657 2548 877 2577 marmore
905 2529 1019 2577 forte
1046 2530 1091 2576 in
1116 2544 1250 2590 portu
1276 2529 1415 2576 stabat
1442 2529 1580 2585 altius,
1609 2546 1740 2590 quam
1768 2528 2014 2576 hebetiores

202 2599 313 2646 acies
330 2613 674 2659 assequerentur:
695 2599 888 2645 ‘Divitiis
906 2612 967 2645 est
983 2597 1037 2645 ad
1050 2601 1223 2645 Orcum
1240 2598 1322 2654 via3
1339 2597 1564 2653 abstinete,
1582 2596 1801 2653 mortales,
1818 2596 2009 2644 divitiis.’

942 2738 1003 2780 11.
1029 2733 1283 2780 Concordia

201 2835 409 2883 Membra
430 2835 612 2882 humani
637 2836 848 2896 corporis,
872 2849 918 2882 ut
941 2834 1047 2882 olim
1072 2835 1117 2881 in
1138 2849 1352 2890 ventrem,
1375 2835 1434 2881 ita
1453 2835 1497 2880 in
1519 2848 1647 2894 caput
1671 2851 1856 2889 rursum,
1880 2832 2012 2880 corde

203 2918 403 2965 excepto,
431 2904 806 2964 conspiraverunt.
838 2907 1022 2950 Mutuos
1049 2921 1098 2950 ea
1123 2903 1394 2963 magistratus
1422 2902 1572 2963 capitis
1597 2915 1860 2962 perpetuum
1889 2900 2010 2962 quasi

204 2990 387 3032 regnum
410 2971 671 3019 detestantia
687 2971 768 3018 sibi
790 2971 1097 3032 deposcebant.
1121 2970 1254 3018 Pedes
1275 2984 1396 3017 erant
1416 2969 1732 3017 discordiarum
1754 2965 2008 3029 imprimis²⁸

284 3192 297 3206 ⁶
315 3186 376 3224 Ed.
397 3186 468 3224 and
485 3186 606 3224 transl.
627 3188 701 3230 Par,
724 3189 798 3223 119.
