2118 3444
225 151 311 192 158
1852 159 1990 194 PART
2015 160 2029 194 1

1093 301 1171 342 194

575 370 652 410 ΤΟ
676 372 981 410 GIOVANNI
1002 372 1362 410 LANFREDINI
1384 373 1449 411 IN
1469 373 1684 411 NAPLES

979 441 1029 478 29
1047 438 1148 490 July
1171 441 1275 478 1485

304 530 374 580 N³‚
395 531 462 572 fol.
484 535 543 572 70.
565 531 751 584 Original.
773 531 890 572 Hand
910 531 954 572 of
969 532 1144 572 Antonio
1166 531 1260 572 della
1280 531 1397 572 Valle.
1424 535 1540 573 Verso:
1563 532 1781 585 ‘Magnifico
1804 534 1949 574 oratori

304 588 528 629 Florentino
549 587 716 641 Neapoli
737 587 898 628 Iohanni
918 587 1147 628 Lanfredino
1167 589 1314 637 maiori,
1336 590 1418 629 etc.'
1440 588 1553 629 Recd.
1575 592 1595 629 3
1616 591 1824 641 Aug.1485.

220 692 459 753 Magnifice
479 707 630 740 orator
648 693 789 739 maior
808 692 1081 749 honorande,
1102 707 1181 740 etc.
1199 697 1247 739 Io
1265 693 1496 740 desiderrei
1512 712 1619 754 pure
1640 689 1866 741 intendere
1883 694 2031 755 quello

221 761 300 809 che
320 761 341 808 ὲ
359 776 475 808 stato
494 760 562 808 del
581 775 848 808 testamento
867 761 990 822 quale
1010 762 1053 807 vi
1073 761 1246 808 mandai
1266 779 1350 808 con
1369 779 1456 808 una
1476 762 1576 818 mia,
1597 762 1728 809 credo
1746 780 1770 809 a
1786 767 1840 809 25
1859 762 1927 810 del
1945 780 2036 824 pas-

219 837 347 886 sato,³
367 829 446 876 che
466 830 718 890 appartiene
738 847 761 876 a
778 847 869 876 uno
890 844 1079 889 cognato
1098 829 1142 876 di
1161 829 1494 890 Christophano
1516 831 1778 890 Buonaguisi
1800 831 1892 877 mio
1910 849 2034 891 gene-

220 916 283 945 ro.
303 897 521 958 Preghovi
538 915 619 958 per
634 898 727 944 Dio
744 898 787 944 vi
803 898 968 958 piaccia
984 897 1281 945 advisarmene
1300 897 1482 959 qualche
1500 916 1612 955 cosa,
1632 898 1711 946 che
1729 899 1772 945 io
1792 917 1845 946 ne
1861 913 1931 946 sto
1950 917 2036 946 con

219 966 512 1014 admiratione
538 981 579 1013 et
604 965 799 1022 affanno,
827 965 1071 1013 dubitando
1098 984 1189 1013 non
1214 967 1275 1013 sia
1299 966 1383 1014 mal
1409 967 1612 1027 capitato.
1640 971 1680 1013 A
1704 968 1778 1014 voi
1803 968 1865 1014 mi
1891 985 2033 1015 racco-

220 1034 398 1081 mando.
423 1039 487 1080 Ex
509 1034 733 1081 Florentia
755 1034 823 1081 die
845 1039 898 1081 29
922 1034 1018 1081 Iulii
1045 1039 1162 1082 1485.
1187 1039 1342 1082 Vester
1363 1034 1698 1082 Bartholomeus
1721 1035 1841 1082 Scala
1861 1054 2003 1096 eques.

1091 1176 1167 1217 195

410 1246 488 1285 TO
512 1247 817 1285 GIOVANNI
839 1246 1118 1285 LORENZO
1141 1248 1554 1286 BUONINSEGNI
1576 1249 1642 1286 IN
1663 1248 1838 1286 SIENA²

831 1312 1000 1362 [before
1023 1313 1295 1366 September]
1317 1317 1424 1354 ’1486

302 1406 436 1456 Marc¹‚
475 1406 559 1447 fols.
602 1410 824 1448 113v-114r.
862 1409 989 1460 Copy.
1027 1407 1194 1448 Headed:
1236 1407 1508 1456 ‘Barth⁰.Scala‚
1545 1423 1668 1460 eques,
1707 1407 1946 1448 cancellarius

303 1463 466 1504 excelsae
503 1463 744 1516 Reipublicae
783 1463 1034 1512 Florentinae,
1074 1463 1118 1504 ad
1156 1465 1455 1504 Io.Laurentium
1494 1465 1771 1516 Boninsegnam
1810 1465 1946 1504 Civem

303 1522 519 1568 Senensem,
540 1522 623 1560 etc.’
643 1519 756 1568 Scala,
778 1523 848 1561 299
868 1523 1074 1568 [211-12].”

217 1624 355 1680 Salve,
377 1625 436 1670 mi
460 1623 689 1671 Io<hanne>
710 1624 928 1671 Laurenti.
952 1623 1159 1671 Reddidit
1180 1623 1288 1670 mihi
1308 1623 1472 1671 litteras
1491 1639 1584 1671 tuas
1603 1639 1702 1672 tuus
1724 1624 1926 1672 Gentilis.
1949 1628 2030 1672 Eas

218 1693 301 1753 legi
318 1692 556 1754 percupide
576 1711 624 1740 ac
644 1692 758 1753 (vide
778 1707 993 1753 quantum
1014 1692 1138 1740 aliter
1154 1711 1285 1753 quam
1303 1693 1358 1740 sis
1377 1694 1540 1740 veritus
1559 1693 1767 1753 evenerit)
1787 1693 1919 1740 etiam
1937 1711 2028 1740 suc-

218 1762 367 1808 censui
387 1761 592 1808 brevitati
611 1775 787 1811 tuarum
809 1761 1067 1808 litterarum.
1091 1760 1166 1808 Illa
1185 1762 1318 1821 magis
1338 1761 1477 1808 videri
1495 1761 1736 1822 prolixiora
1757 1761 1899 1808 solent
1922 1779 2031 1822 quae

218 1829 437 1876 delectant
460 1830 618 1875 minus.
647 1829 731 1876 Sed
754 1843 802 1875 tu
826 1828 940 1885 vide,
964 1827 1049 1885 sis‚¹
1078 1847 1132 1876 ne
1159 1829 1268 1875 mihi
1292 1829 1388 1889 plus
1415 1829 1579 1876 tribuas
1605 1847 1736 1890 quam
1760 1847 1936 1889 gravem
1961 1847 2030 1876 ve-

219 1915 405 1957 rumque
428 1897 574 1944 virum
597 1896 760 1944 deceat.
780 1899 950 1944 Tamen
973 1897 1090 1944 iuvat
1112 1896 1277 1944 laudari
1298 1915 1321 1944 a
1341 1911 1398 1953 te,
1421 1911 1462 1944 et
1484 1915 1507 1944 a
1527 1898 1613 1944 mei
1635 1911 1808 1944 amante
1828 1896 1911 1957 legi
1932 1914 2030 1944 mea

217 1966 378 2026 scripta
408 1964 686 2012 fortunatum
716 1979 840 2026 puto.
872 1969 992 2012 Nam
1023 1966 1057 2012 si
1087 1965 1269 2012 subeant
1302 1965 1373 2012 illa
1402 1965 1580 2026 quidem
1609 1966 1827 2012 severiora
1856 1964 2028 2022 iudicia,

218 2047 375 2080 eventa
402 2051 570 2080 vereor.
603 2033 832 2094 Apologos
866 2051 988 2080 meos
1018 2051 1104 2080 esse
1135 2033 1251 2094 apud
1279 2034 1530 2080 Antonium
1562 2033 1790 2081 Vitellium
1824 2047 2025 2081 nostrum

218 2095 351 2149 reor.b
382 2102 425 2148 Si
452 2102 485 2148 is
514 2101 595 2148 tibi
622 2100 772 2149 fecerit
802 2101 979 2148 illorum
1010 2102 1197 2163 copiam,
1224 2116 1475 2162 pergratum
1504 2101 1614 2148 mihi
1643 2101 1786 2149 fuerit.
1815 2105 2028 2149 Ceterum

218 2171 300 2217 nisi
322 2170 423 2217 inde
444 2171 499 2217 sis
521 2170 642 2231 quod
664 2170 782 2217 deest
803 2185 954 2218 nactus
975 2185 1015 2217 et
1037 2170 1080 2217 id
1100 2169 1251 2217 feceris
1270 2188 1339 2217 me
1361 2171 1608 2227 certiorem,
1631 2171 1805 2218 mittam
1825 2170 1880 2217 ad
1898 2184 1940 2218 te
1960 2188 2027 2217 ex-

218 2238 387 2299 emplar
410 2238 531 2299 quod
555 2238 670 2299 apud
694 2257 763 2285 me
788 2253 862 2286 est.
887 2243 1054 2286 Nostra
1079 2238 1216 2286 modo
1242 2238 1421 2286 historia
1444 2239 1488 2285 in
1513 2239 1714 2286 manibus
1740 2246 1832 2286 est.c
1853 2239 1896 2285 Si
1919 2253 2027 2286 esset

297 2476 309 2490 ²
327 2475 389 2510 See
406 2472 512 2510 letter
530 2476 604 2517 193,
624 2485 711 2511 note
729 2472 760 2521 a)
780 2473 904 2511 above.

297 2535 309 2549 ²
325 2533 366 2566 In
379 2529 508 2567 March
524 2534 610 2568 1489
628 2531 814 2568 Giovanni
826 2531 1070 2578 Buoninsegni
1083 2544 1153 2568 was
1170 2531 1209 2567 in
1222 2530 1528 2578 correspondence
1542 2529 1632 2567 with
1647 2533 1810 2567 Lorenzo
1824 2529 1880 2567 de‘
1894 2529 2029 2567 Medici

215 2583 328 2621 about
352 2597 461 2621 seven
488 2583 653 2631 medaglie
678 2583 723 2621 he
749 2583 1026 2621 recommended
1055 2587 1217 2621 Lorenzo
1244 2595 1283 2621 to
1311 2583 1395 2632 buy,
1423 2583 1543 2621 which
1569 2583 1614 2621 he
1639 2583 1710 2621 had
1733 2582 1909 2620 discussed
1936 2581 2028 2620 with

216 2634 387 2673 Bertoldo
415 2636 454 2672 in
480 2635 662 2680 Florence‚
685 2637 868 2684 J.Draper‚
896 2635 1053 2673 Bertoldo
1078 2635 1116 2673 di
1143 2637 1328 2673 Giovanni.
1360 2635 1513 2684 Sculptor
1537 2635 1582 2683 of
1598 2635 1651 2673 the
1673 2634 1797 2673 Medici
1820 2633 2026 2679 Household,

217 2688 429 2735 University
446 2687 487 2725 of
502 2689 674 2725 Missouri
694 2690 801 2732 Press,
823 2687 1018 2725 Columbia
1036 2687 1106 2725 and
1124 2687 1290 2732 London,
1312 2691 1409 2731 1992,
1433 2691 1484 2731 15,
1503 2687 1573 2725 and
1589 2689 1686 2735 App.
1706 2690 1746 2724 II.

295 2740 311 2765 '²
329 2748 395 2783 On
410 2745 518 2784 Scala’
520 2760 535 2784 s
551 2746 708 2795 Apologi‚
728 2745 771 2784 cf.
788 2746 894 2784 letter
911 2750 985 2790 179,
1003 2758 1089 2784 note
1106 2745 1136 2794 a)
1155 2746 1279 2784 above
1298 2748 1363 2784 On
1379 2749 1422 2783 22
1439 2745 1603 2783 October
1621 2749 1706 2783 1485
1722 2745 1784 2783 the
1802 2744 1971 2783 Cardinal
1987 2743 2029 2783 of

215 2799 319 2836 Siena
332 2810 448 2836 wrote
462 2810 502 2836 to
517 2799 685 2836 Antonio
700 2798 878 2836 Vitellios
890 2799 1027 2836 Pienza:
1045 2798 1263 2836 ‘Habbiamo
1279 2799 1371 2836 visto
1387 2797 1434 2836 ali
1446 2798 1565 2846 giorni
1578 2798 1705 2846 passati
1717 2796 1745 2834 li
1757 2796 1918 2845 Apologi
1930 2795 2026 2834 dello

215 2849 312 2888 Scala
325 2850 391 2888 che
405 2864 450 2888 ne
465 2862 634 2898 prestaste
649 2849 793 2899 quando
810 2864 930 2888 eramo
946 2864 966 2888 a
981 2851 1097 2894 Torri‚
1111 2849 1138 2887 li
1151 2850 1247 2898 quali
1259 2864 1278 2888 a
1294 2851 1357 2888 noi
1369 2851 1567 2898 piacqueno
1583 2849 1845 2898 grandemente,
1861 2849 1901 2886 in
1913 2847 2026 2886 modo

216 2903 281 2941 che
303 2903 426 2941 hanno
444 2918 556 2941 messe
578 2903 708 2952 grande
727 2916 800 2941 sete
821 2916 854 2941 et
874 2903 1048 2941 desiderio
1068 2903 1106 2941 di
1126 2903 1245 2941 volere
1265 2903 1390 2941 vedere
1408 2903 1472 2952 piu
1492 2917 1571 2941 cose
1591 2902 1681 2941 delle
1700 2916 1772 2940 sue
1794 2904 1962 2940 Pertanto
1981 2915 2027 2939 ne

215 2955 325 2994 farete
341 2955 575 3004 grandissimo
594 2957 733 3004 piacere
749 2970 785 2993 se
803 2957 835 2993 ci
850 2968 1041 3004 prestarete
1057 2955 1173 3004 quella
1190 2955 1277 2993 altra
1292 2969 1401 3004 opera
1417 2955 1482 2993 che
1500 2955 1625 2993 havete
1640 2954 1678 2993 di
1692 2968 1823 2992 messer
1843 2953 2028 2992 Bartholo-

215 3022 298 3046 meo
328 3007 434 3052 Scala,
462 3007 496 3045 la
523 3007 624 3056 quale
654 3009 717 3045 Pio
746 3020 871 3046 nostro
900 3007 1003 3045 vidde
1032 3022 1141 3045 essere
1169 3022 1308 3056 apresso
1338 3019 1457 3045 vostra
1483 3006 1775 3055 Magnificentia.’
1804 3006 1929 3055 (Siena,
1956 3008 2025 3050 AS,

217 3060 424 3097 Particolari
444 3061 672 3104 Fam.Senesi,
693 3059 907 3103 Vitelli,l95,
928 3059 990 3097 the
1011 3059 1188 3097 reference
1206 3072 1245 3097 to
1267 3059 1388 3097 which
1407 3059 1477 3097 and
1494 3059 1751 3107 transcription
1770 3062 1784 3095 I
1804 3072 1885 3095 owe
1902 3069 1942 3095 to
1962 3057 2025 3095 the

216 3113 386 3151 kindness
404 3112 445 3150 of
460 3115 565 3150 Dott.
586 3114 685 3150 Gino
706 3113 835 3161 Corti).

297 3175 310 3189 ⁰
324 3170 449 3208 Scala’s
465 3173 618 3208 Historia
635 3170 922 3213 Florentinorum,
939 3173 1064 3214 Rome,
1085 3173 1170 3207 1677
1186 3170 1290 3218 (repr.
1307 3171 1346 3206 in
1358 3169 1420 3207 the
1439 3169 1619 3207 Thacaurus
1633 3171 1882 3217 antiquitatum
1897 3167 2025 3212 Italiae,
