2118 3444
95 174 285 207 PUBLIC
313 172 594 206 ORATIONS
1808 168 1900 209 215

179 311 399 358 Ferrariae
418 328 596 371 quoque
617 309 818 357 inclitum
838 304 1028 357 Ducemf
1043 310 1220 358 eaedem
1239 326 1475 371 coegerunt
1496 329 1647 359 causae
1665 327 1714 359 ut
1733 312 1907 360 auxilia-

95 396 161 426 res
179 379 341 439 copias‚
360 396 466 439 quas
484 379 633 439 etipse
654 379 829 425 miserat
847 377 902 425 ad
917 382 1125 434 Venetos,
1145 380 1429 426 revocaverit.
1448 383 1512 426 Ita
1527 379 1693 427 factum
1712 395 1760 427 ut
1779 398 1905 428 occu-

92 447 206 508 patis
233 464 310 493 sua
340 445 595 494 defensione
624 446 845 503 omnibus,
879 446 986 493 dum
1018 447 1087 494 isti
1116 447 1357 494 Christiani
1385 448 1605 508 principes
1636 449 1696 495 ita
1723 449 1903 496 turbant

93 515 246 562 omnia
263 515 550 575 miscentque,
567 514 743 575 publica
760 514 980 575 religionis
999 529 1172 562 nostrae
1189 533 1314 563 causa
1328 515 1552 563 deseratur
1565 530 1606 563 et
1621 518 1791 564 Turcus
1809 516 1905 564 hos—

93 584 148 630 tis
177 601 268 644 quo
297 582 402 630 velit
431 600 582 630 secura
609 600 730 629 arma
755 583 892 643 possit
926 582 1099 630 inferre.
1129 583 1305 643 Quibus
1337 583 1390 631 de
1418 584 1546 631 rebus
1577 583 1701 632 facile
1728 600 1907 646 apparet

93 668 226 712 quam
247 651 302 698 sit
325 651 405 698 ista
426 648 603 698 vestra⁵²
626 650 785 711 legatio
807 651 934 698 rebus
958 666 1000 698 et
1021 651 1351 699 conditionibus
1375 666 1631 713 temporum
1657 670 1906 700 accommo-

93 718 207 775 data,
236 737 369 780 quam
401 719 691 766 necessarium
721 719 775 766 sit
806 733 855 766 ut
886 719 1284 767 Christianissimus
1318 724 1589 768 Francorum
1622 725 1716 768 Rex
1747 722 1791 767 in
1823 739 1904 769 suo

92 785 212 835 isto⁵³
235 802 390 834 sancto
411 787 652 848 divinoque
674 787 859 835 consilio
881 803 1142 848 perseveret,
1163 803 1211 835 ut
1231 803 1611 849 perseveraturum
1635 804 1678 836 et
1697 789 1904 837 daturum

92 855 238 903 Italiae
256 873 411 916 pacem
434 870 476 902 et
497 854 773 902 Christianae
797 855 996 916 religioni
1017 855 1216 913 salutem,
1239 857 1298 904 ita
1318 857 1496 904 iubente
1517 872 1647 918 atque
1669 857 1904 905 auxiliante

90 926 193 971 Deo
215 938 384 980 nostro,
410 941 502 970 non
525 923 789 971 dubitamus.

985 1067 1010 1107 3

281 1135 558 1175 ORATION
578 1135 924 1175 BESTOWING
946 1136 1062 1175 THE
1082 1137 1285 1176 BATON
1306 1138 1382 1177 OF
1405 1138 1718 1178 COMMAND

653 1205 742 1243 ΟΝ
763 1204 1080 1244 COSTANZO
1102 1205 1342 1245 SFORZA²

811 1275 835 1311 4
857 1272 1055 1313 October
1078 1275 1181 1313 1481

173 1363 245 1412 Sc²,
266 1362 329 1404 Rif·
353 1364 588 1417 (apparently
609 1365 744 1418 copied
765 1366 805 1405 in
826 1367 1058 1419 manuscript
1080 1366 1182 1407 from
1202 1366 1268 1407 the
1287 1367 1438 1420 printed
1460 1367 1603 1408 edition
1626 1366 1713 1420 Sc²),
1735 1368 1818 1417 Bol,

174 1419 259 1460 fols.
278 1424 404 1460 1r-6v.
420 1421 507 1460 Tit.:
525 1422 677 1461 ‘Oratio
694 1421 954 1462 Bartholomei
969 1422 1092 1462 Scalae
1106 1437 1179 1475 pro
1195 1423 1446 1475 imperatoriis
1464 1423 1687 1464 militaribus
1705 1425 1818 1477 signis

172 1476 304 1517 dandis
336 1477 566 1517 Constantio
596 1476 756 1518 Sfortiae
785 1477 1044 1531 imperatori.’¹
1075 1478 1157 1519 The
1185 1480 1418 1520 corrections
1446 1480 1563 1520 noted
1593 1496 1630 1521 as
1658 1478 1730 1521 Sc²²
1759 1496 1821 1521 are

173 1534 406 1586 manuscript
429 1535 663 1574 corrections
684 1547 726 1574 to
749 1534 814 1575 the
835 1534 987 1587 printed
1009 1535 1152 1575 edition
1176 1537 1258 1576 Sc2.
1278 1535 1392 1584 Scala,
1416 1540 1550 1584 99,154
1570 1540 1819 1586 [60-61,102],

172 1592 242 1629 288
262 1592 376 1638 [208],
397 1603 488 1630 note
508 1593 568 1630 24.

86 1697 198 1740 Non
221 1692 399 1740 debebit
422 1694 585 1754 opinor
607 1693 747 1741 videri
769 1694 821 1741 ab
845 1712 889 1741 re
911 1695 1130 1756 cuiquam,
1154 1695 1414 1752 Florentini‚
1436 1697 1471 1743 si
1493 1697 1749 1744 titubaverit
1772 1698 1902 1745 initio

88 1759 216 1807 mihi²
245 1760 421 1808 dicendi
448 1763 633 1818 animus3
665 1777 707 1809 et
733 1777 882 1810 tamen
910 1763 1066 1810 orandi
1093 1763 1319 1811 fortunam
1349 1764 1647 1812 confidentius
1674 1765 1899 1822 subierim,

87 1847 197 1890 quae
215 1844 360 1876 vestra
374 1829 619 1890 benignitas
639 1845 716 1886 est,
736 1849 845 1891 quae
864 1846 926 1878 est
944 1846 1088 1878 vestra
1101 1831 1343 1892 sapientia;³
1365 1851 1550 1893 quarum
1572 1833 1751 1894 quidem
1769 1834 1905 1881 altera

86 1896 191 1944 facit
205 1912 254 1944 ut
272 1898 419 1945 minus
437 1899 613 1945 veniam
630 1898 684 1945 ad
700 1898 936 1946 dicendum
953 1899 1160 1960 trepidus.
1180 1900 1363 1948 Solitam
1383 1902 1503 1948 enim
1520 1901 1631 1948 mihi
1650 1902 1695 1948 in
1715 1920 1785 1949 me
1804 1901 1903 1950 faci-

86 1965 256 2013 litatem
274 1965 484 2013 vestram⁴
506 1966 873 2028 clementiamque
894 1968 1115 2028 quandam
1135 1968 1438 2016 admirabilem
1461 1988 1510 2017 ac
1526 1988 1666 2031 prope
1688 1970 1900 2027 divinam,

86 2051 173 2094 qua
199 2034 265 2080 uti
292 2034 338 2080 in
366 2052 522 2081 omnes
550 2033 822 2091 consuestis‚⁵
852 2035 976 2083 facile
1000 2036 1237 2097 pollicetur
1262 2037 1519 2098 benignitas.
1548 2039 1769 2099 Sapientia
1794 2057 1902 2086 vero

86 2101 349 2149 dehortatur
366 2103 695 2163 propemodum
720 2121 769 2151 ac
788 2103 991 2152 deterret.
1011 2106 1125 2164 Quis
1145 2106 1263 2152 enim
1285 2120 1376 2153 tam
1397 2105 1545 2163 firmo,
1567 2121 1659 2154 tam
1680 2109 1901 2155 constanti

86 2187 175 2217 esse
207 2171 359 2217 animo
390 2186 536 2231 potest
570 2172 645 2232 qui
678 2190 770 2219 non
802 2188 1140 2220 commoveatur
1171 2192 1272 2221 cum
1305 2174 1422 2235 apud
1453 2174 1731 2223 doctissimos
1763 2177 1896 2233 viros,

87 2256 233 2285 rerum
266 2257 346 2286 usu
381 2238 584 2287 doctrina
615 2241 962 2302 auctoritateque
994 2241 1104 2289 adeo
1134 2257 1390 2303 prestantes,
1423 2258 1545 2291 tanta
1574 2244 1627 2291 de
1659 2262 1704 2292 re
1736 2262 1779 2292 se
1813 2263 1901 2292 esse

84 2305 236 2354 verba⁶
256 2306 476 2354 facturum
497 2308 730 2369 intelligat?
747 2313 869 2356 Nam
890 2310 997 2370 quid
1017 2325 1078 2357 est
1098 2311 1292 2367 tandem,
1312 2311 1433 2372 quod
1454 2313 1593 2359 maius
1613 2313 1659 2359 in
1677 2331 1721 2360 se
1742 2313 1901 2360 habere

83 2375 260 2435 pondus
283 2377 421 2436 possit
448 2394 580 2436 quam
604 2394 713 2437 quae
738 2377 791 2424 de
814 2378 1078 2438 imperatore
1102 2393 1144 2426 et
1166 2379 1276 2426 duce
1300 2379 1494 2436 militiae,
1520 2380 1660 2441 deque
1682 2382 1773 2428 eius
1797 2381 1899 2428 deli-

83 2442 215 2503 gendi
235 2444 365 2490 variis
387 2444 631 2491 rationibus
656 2444 842 2492 habetur
861 2447 1026 2493 oratio?

169 2515 330 2558 Fateor
346 2530 447 2559 cum
469 2513 514 2558 in
535 2530 605 2560 me
623 2531 764 2560 unum
786 2532 863 2561 ora
881 2514 1119 2576 oculosque
1142 2516 1345 2563 omnium
1367 2531 1562 2564 vestrum
1583 2535 1795 2565 conversa
1813 2536 1902 2565 esse

83 2579 230 2636 video,
259 2595 308 2627 ut
339 2581 429 2641 ipse
461 2580 605 2628 multo
636 2581 860 2629 indoctior
890 2582 1184 2644 incultiorque
1215 2584 1456 2632 audiendus
1485 2586 1582 2641 sim,
1614 2586 1690 2646 qui
1718 2604 1827 2633 vero
1856 2601 1898 2633 et

84 2808 278 2843 Francoeco
295 2805 448 2844 Sforza's
467 2806 649 2856 nephews,
666 2809 799 2856 against
815 2808 878 2846 the
893 2823 1018 2857 young
1036 2809 1294 2858 Giangalaezzo
1313 2811 1352 2847 in
1370 2812 1499 2849 Genoa
1514 2811 1586 2849 and
1602 2814 1751 2856 Savona,
1769 2812 1840 2850 and
1855 2824 1896 2850 to

82 2871 205 2906 marry
217 2857 280 2895 the
293 2857 470 2906 daughter
481 2858 523 2896 of
534 2859 597 2897 the
610 2861 771 2909 Marquis
786 2860 828 2898 of
839 2860 1078 2906 Monferrato‚
1095 2865 1271 2906 Lorenzo,
1285 2865 1424 2907 Latere,
1439 2866 1497 2907 111,
1513 2867 1660 2907 381-82,
1676 2875 1779 2902 notes
1795 2868 1815 2902 5
1829 2864 1901 2902 and

83 2909 210 2999 ῗοῗὲιξ
215 2921 255 2947 to
268 2909 332 2948 the
346 2913 472 2959 pope's
486 2923 655 2960 attempts
670 2924 710 2950 to
724 2924 781 2960 get
795 2912 858 2950 the
870 2914 974 2951 Swiss
988 2925 1028 2951 to
1044 2914 1163 2951 attack
1175 2914 1302 2958 Milan,
1319 2914 1400 2958 ibid,
1415 2918 1563 2959 323-24,
1580 2927 1668 2953 note
1681 2919 1736 2960 21,
1752 2919 1900 2960 359-60,

163 3013 175 3039 s
191 3019 317 3058 Ercole
333 3020 463 3059 d’Este.

164 3083 176 3097 ²
189 3078 382 3117 Delivered
396 3093 448 3117 on
462 3085 484 3117 4
499 3080 665 3118 October
681 3084 764 3119 1481
780 3094 820 3119 to
836 3094 931 3130 grmt
945 3082 1101 3131 popular
1112 3083 1258 3121 acclaim
1274 3083 1383 3121 when
1397 3086 1580 3122 Costanzo
1595 3084 1729 3129 Sfoma,
1748 3085 1845 3123 Lord
1858 3085 1900 3123 of

84 3131 223 3174 Paearo,
248 3144 319 3168 was
343 3132 450 3179 given
470 3131 533 3169 the
555 3132 670 3170 baton
691 3132 733 3170 of
753 3133 947 3172 command
971 3148 1007 3172 as
1031 3134 1239 3172 Florentine
1260 3137 1415 3184 Captain
1438 3136 1604 3180 General,
1626 3150 1683 3174 see
1711 3137 1778 3174 ‘Ibe
1797 3137 1902 3174 Libro

85 3182 331 3226 Cerimoniale,
349 3182 403 3220 ed
424 3183 581 3227 Trexler‚
600 3187 655 3228 94,
673 3184 779 3228 Scala,
802 3188 866 3222 154
882 3188 988 3231 [1021
