2124 3464
214 181 270 223 72
1840 187 1978 221 PART
2003 188 2017 222 1

300 331 416 373 Luca
436 325 490 372 da
510 325 640 381 Rieti‚
662 324 699 372 el
723 324 847 385 quale
869 325 914 370 in
934 323 1073 371 verita
1091 325 1126 371 si
1145 338 1274 385 porta
1295 324 1438 371 molto
1459 324 1583 381 bene,
1607 325 1646 371 ci
1666 324 1690 372 ὲ
1707 339 1888 385 pregato
1908 326 1953 372 vi
1973 325 2024 371 ri-

214 394 443 442 cordiamo
480 393 538 454 gli
576 392 797 440 mandiate
833 392 1015 453 qualche
1053 392 1224 448 denaio‚
1262 407 1303 439 et
1340 393 1415 439 noi
1451 410 1504 439 ve
1540 392 1585 439 lo
1623 392 2019 440 raccomandiamo.

213 466 421 509 Domane
445 461 540 508 dice
562 460 770 508 mandera
791 460 901 508 costi
923 460 959 507 el
981 478 1061 507 suo
1085 460 1348 508 cancelliere.

300 530 623 590 Ingegnerenci,
641 547 722 590 per
739 529 883 576 insino
905 528 984 576 che
1004 546 1096 575 non
1117 546 1266 575 arerno
1283 528 1396 576 altro
1414 528 1469 576 da
1484 529 1572 585 voi,
1593 546 1617 576 a
1635 529 1821 576 ritenere
1839 529 2020 576 insieme

214 613 366 660 questa
387 598 648 658 compagnia
670 597 739 644 del
759 596 943 653 Savello,
966 597 1006 644 13
1027 596 1151 658 quale
1174 596 1195 644 ὲ
1218 596 1361 644 molto
1381 596 1494 644 bella
1514 612 1556 644 et
1577 597 1725 644 buona
1748 598 2019 658 compagnia.

213 666 476 727 Preghiamo
499 665 538 712 le
561 666 758 726 Signorie
782 669 940 712 Vostre
963 666 1007 711 vi
1028 666 1089 712 sia
1110 665 1445 712 raccomandata
1465 679 1506 712 et
1528 666 1686 712 avisate
1708 665 1856 726 quello
1877 665 2022 713 volete

212 753 255 782 se
288 752 342 781 ne
376 734 498 781 faeci.
529 737 736 781 Domane
770 751 957 781 saranno
991 734 1065 794 qui
1097 737 1132 780 e’
1167 732 1302 780 bufali
1332 737 1401 794 pe’
1436 732 1551 794 quali
1583 733 1821 781 mandamo
1854 751 1878 781 a
1909 734 2021 791 Lari,

211 802 373 863 perche
403 817 563 849 stasera
592 802 620 849 ὸ
650 801 803 848 lettere
833 801 887 848 da
915 801 1144 848 Gambassi
1175 801 1243 848 dal
1276 802 1593 848 Commissario
1627 801 1706 848 che
1736 819 1849 849 sono
1880 802 2021 862 giunti

213 871 348 932 quivi,
370 885 412 917 et
428 869 624 917 secondo
644 887 802 917 avamo
819 869 1000 926 chiesto;
1022 884 1063 916 et
1081 887 1173 916 non
1193 884 1431 916 resteremo
1449 869 1493 916 di
1510 884 1694 917 mettere
1711 869 1923 930 legname,
1942 869 2022 917 che

212 953 358 1000 sapete
384 953 552 999 quanto
578 938 600 985 ὲ
624 938 730 985 utile
757 937 869 985 nelle
893 952 1021 994 terre,
1047 952 1088 985 et
1112 939 1187 998 qui
1211 956 1303 985 non
1330 937 1366 994 ὲ,
1392 956 1420 985 o
1444 937 1722 998 pochissirna‚
1751 956 1862 985 cosa.
1890 937 1963 986 Ne
1987 939 2023 986 si

213 1022 326 1054 resta
344 1006 551 1054 d’andare
570 1006 714 1053 drieto
734 1005 813 1066 agl’
835 1005 933 1053 altri
953 1005 1286 1053 fortificamenti
1306 1005 1418 1053 della
1434 1020 1561 1062 terra,
1580 1005 1749 1053 benche
1770 1007 1815 1052 in
1835 1007 1976 1067 questi
1996 1011 2019 1053 3

213 1075 257 1122 di
277 1075 435 1136 passati
458 1075 493 1121 si
515 1075 576 1121 sia
596 1088 759 1135 potuto
780 1092 898 1134 poco
921 1073 1033 1121 altro
1056 1073 1144 1121 fare
1166 1073 1245 1121 che
1266 1088 1377 1121 stare
1398 1091 1568 1134 sempre
1590 1073 1630 1121 le
1651 1075 1770 1134 genti
1792 1073 1958 1121 d’arme
1980 1088 2023 1121 et

212 1143 251 1190 le
274 1142 458 1190 fanterie
476 1157 625 1203 parate
647 1141 684 1189 al
706 1160 911 1189 soccorso
934 1141 978 1189 di
1000 1141 1142 1198 Colle,
1163 1141 1221 1202 gli
1242 1142 1415 1189 nomini
1438 1141 1550 1189 della
1567 1156 1682 1189 terra
1702 1156 1743 1189 et
1763 1141 1921 1202 gl'altri
1941 1141 2023 1189 alla

212 1211 391 1271 guardia
412 1210 525 1257 della
546 1225 674 1266 terra,
693 1209 854 1271 perche
877 1228 969 1257 non
992 1211 1031 1257 ci
1050 1228 1209 1270 pareva
1229 1209 1389 1257 dovere
1413 1227 1537 1257 avere
1559 1228 1692 1257 meno
1714 1209 1880 1257 l'ochio
1904 1228 1928 1257 a
1947 1209 2023 1257 sal-

212 1297 313 1326 vare
331 1293 496 1339 questa,
515 1278 594 1325 che
613 1296 637 1325 a
654 1296 746 1325 non
763 1277 945 1339 perdere
962 1277 1116 1338 quella.
1135 1282 1214 1325 Ma
1227 1279 1366 1338 giusta
1383 1292 1532 1325 nostra
1548 1295 1688 1338 possa,
1710 1295 1802 1325 non
1821 1277 1842 1325 ὲ
1861 1291 2024 1325 restato

213 1347 267 1394 ne
288 1346 449 1394 restera
467 1364 567 1394 cosa
585 1346 740 1394 alcuna
759 1364 782 1394 a
800 1345 889 1394 fare
905 1364 986 1407 per
1003 1345 1108 1393 farci
1127 1345 1233 1393 forti
1250 1364 1329 1407 per
1346 1345 1570 1393 difendere
1588 1360 1739 1407 questa
1757 1360 1873 1394 terra
1889 1364 2021 1407 quan-

213 1415 272 1463 do
295 1415 555 1475 bisognasse.
583 1419 636 1462 Et
661 1414 839 1476 quando
862 1414 955 1462 sara
977 1414 1063 1462 ben
1086 1413 1249 1462 fornita
1272 1414 1316 1462 di
1339 1415 1586 1462 munitione
1611 1429 1653 1462 et
1675 1414 1719 1462 di
1741 1414 2024 1475 vectuvaglie,

211 1502 325 1531 sono
349 1484 395 1529 in
415 1483 615 1544 migliore
636 1484 848 1544 opinione
870 1482 915 1530 di
934 1482 989 1530 lei
1008 1482 1087 1530 che
1107 1501 1199 1529 non
1220 1501 1296 1529 ero
1314 1484 1457 1543 prima
1476 1483 1515 1530 ci
1533 1483 1702 1530 venissi.
1726 1486 1766 1528 A
1785 1483 1860 1529 voi
1880 1483 1919 1530 ci
1938 1500 2024 1530 rac-

213 1551 539 1599 comandiamo.
565 1556 629 1597 Ex
651 1555 812 1598 Sancto
834 1552 1105 1598 Geminiano
1127 1550 1195 1598 die
1217 1552 1323 1597 xviii
1344 1551 1556 1598 Octobris
1583 1555 1702 1607 1479,
1727 1550 1836 1598 hora
1857 1550 1946 1598 fere
1967 1555 2024 1598 3.-

213 1619 552 1667 Bartholomeus
576 1619 696 1667 Scala
716 1634 758 1666 et
779 1620 906 1666 Piero
926 1620 1119 1666 Vectori.

1094 1763 1147 1803 77

577 1831 655 1871 TO
678 1832 793 1870 THE
814 1832 975 1871 DIECI
994 1832 1059 1892 DI
1081 1822 1248 1870 BALiA
1270 1833 1335 1871 IN
1356 1832 1663 1871 FLORENCE

411 1901 580 1939 FROM
601 1899 1008 1939 BARTOLOMEO
1032 1901 1210 1939 SCALA
1230 1900 1357 1939 AND
1378 1900 1552 1939 PIERO
1575 1899 1828 1939 VETTORI

666 1970 748 2008 San
771 1968 1059 2020 [Gimignano
1083 1969 1151 2016 ?]²,
1173 1971 1224 2008 20
1248 1967 1444 2008 October
1468 1970 1572 2007 1479

298 2062 408 2102 Dieci
434 2065 608 2114 Resp.25,
637 2061 721 2102 fols.
748 2064 903 2102 339-40.
932 2060 1116 2114 Original.
1145 2063 1366 2114 Secretary’s
1393 2060 1506 2101 hand.
1539 2063 1655 2101 Verso:
1683 2059 1937 2113 ‘[Magnificis]

297 2118 478 2159 Dominis
495 2118 745 2167 Decem[viris
762 2117 875 2167 BJalie
894 2118 1065 2158 Civitatis
1083 2117 1301 2167 [Florent]ie
1318 2118 1497 2158 Dominis
1513 2118 1651 2158 nostris
1667 2116 1938 2166 observ]andis-

297 2175 425 2215 simis.’
449 2174 609 2215 Recd.2l
635 2176 835 2215 Oct.1479.

212 2278 443 2340 Magnifici
467 2278 639 2326 domini
664 2279 804 2326 nostri
830 2278 1223 2326 observandissimi.
1253 2279 1368 2339 Oggi
1393 2278 1431 2326 le
1455 2296 1553 2325 cose
1578 2297 1602 2325 a
1624 2278 1751 2326 Colle
1776 2296 1889 2325 sono
1913 2292 2022 2325 state

213 2349 372 2408 quiete.
393 2352 497 2394 Una
515 2347 760 2394 bombarda
780 2347 1017 2394 medesima
1036 2346 1219 2395 aftracto
1235 2348 1391 2408 cinque
1411 2346 1541 2408 colpi,
1562 2346 1784 2394 crediamo
1800 2347 1862 2394 sia
1879 2345 2023 2407 quella

212 2415 292 2463 che
318 2430 409 2463 trae
433 2415 513 2462 alle
539 2434 631 2463 case
656 2415 724 2462 dal
748 2416 909 2476 poggio
936 2415 1284 2476 dell'Arciprete3
1310 2430 1351 2462 et
1375 2414 1398 2462 3
1421 2429 1563 2462 tracto
1586 2414 1768 2476 qualche
1792 2414 1914 2462 volta
1935 2432 2024 2462 una

212 2483 524 2531 bombardetta
542 2483 713 2544 piccola
728 2485 924 2544 piantata
943 2484 997 2530 da
1014 2487 1098 2530 San
1117 2488 1369 2530 Francesco.
1392 2483 1542 2530 Credo
1559 2501 1639 2544 per
1658 2497 1813 2543 questo
1831 2483 1894 2530 sia
1911 2500 2019 2530 vero

212 2551 361 2612 quello
389 2551 468 2598 che
495 2552 539 2597 vi
564 2552 844 2608 scrivemmo,
875 2551 954 2598 che
979 2551 1118 2603 l'altre
1144 2552 1266 2598 sieno
1293 2550 1404 2598 male
1431 2569 1454 2598 a
1481 2550 1634 2598 ordine
1661 2565 1702 2598 et
1729 2550 1800 2597 chi
1824 2551 1950 2597 viene
1978 2549 2023 2597 di

213 2638 372 2680 campo
396 2619 560 2666 dicono
584 2619 663 2666 che
685 2619 943 2667 sollecitano
967 2619 1110 2666 molto
1131 2637 1210 2680 per
1232 2618 1448 2666 condurre
1471 2618 1614 2679 quella
1635 2618 1704 2666 del
1726 2621 1854 2679 Papa,
1877 2617 2023 2665 ch'era

213 2706 236 2735 3
264 2689 453 2735 camino.
485 2691 533 2734 E'
566 2688 705 2735 nostri
735 2688 810 2748 qui
836 2702 959 2748 parte
987 2688 1085 2748 oggi
1113 2705 1225 2734 sono
1256 2688 1305 2734 iti
1333 2686 1414 2734 alla
1440 2701 1584 2734 scorta
1611 2686 1721 2734 delle
1747 2685 1970 2746 vectuagle
1998 2703 2022 2733 a

213 2756 459 2812 Gambassi‚
477 2770 601 2816 parte
619 2755 825 2803 habiamo
843 2755 1053 2803 mandato
1070 2755 1186 2802 fuori
1204 2773 1227 2802 a
1242 2773 1427 2816 provare
1444 2754 1488 2802 di
1506 2754 1594 2802 fare
1610 2754 1792 2815 qualche
1810 2771 1923 2810 cosa,
1941 2753 2022 2801 che

214 2823 476 2880 riusciendo,
499 2824 757 2884 piacerebbe
779 2823 859 2871 alla
876 2824 1074 2884 Signoria
1093 2827 1264 2871 Vostra.
1286 2827 1397 2870 Non
1416 2822 1474 2883 gli
1494 2822 1747 2870 lascieremo
1766 2822 1905 2882 giusta
1924 2839 2020 2869 nos-

212 2907 280 2939 tra
302 2910 430 2953 possa
459 2893 641 2939 marcire
668 2892 869 2939 nell'otio
894 2910 974 2953 per
998 2891 1141 2938 infino
1168 2891 1278 2939 ch’el
1305 2909 1463 2952 campo
1490 2905 1643 2938 nostro
1669 2889 1829 2951 venghi
1856 2907 1954 2951 qua,
1981 2888 2020 2936 el

294 3152 306 3166 ²
319 3146 511 3195 Although
522 3146 585 3184 the
598 3146 704 3184 letter
717 3147 743 3184 is
753 3146 959 3184 subscribed
975 3148 1055 3184 ‘San
1070 3146 1267 3190 Casciano‚'
1282 3146 1326 3183 its
1339 3157 1505 3183 contents
1516 3156 1653 3193 suggest
1668 3143 1746 3182 that
1757 3146 1827 3182 San
1840 3143 2021 3192 Gimigna-

213 3213 262 3236 no
282 3200 309 3237 is
328 3198 510 3243 intended,
529 3213 564 3236 as
584 3199 622 3235 in
639 3198 744 3236 letter
759 3203 802 3236 75
821 3198 945 3242 above3
964 3197 1008 3235 cf.
1026 3197 1088 3235 the
1105 3197 1294 3245 following
1310 3196 1424 3235 letter.
