2118 3444
151 164 333 198 ESSAYS
1856 158 1947 199 317

930 305 995 347 35.
1020 305 1175 347 Fatum

149 407 268 451 Cum
297 403 412 450 Fatis
439 402 631 464 Apologi
658 421 777 450 sacra
802 402 992 450 facerent
1015 418 1063 450 ut
1091 421 1244 450 eorum
1270 403 1352 451 sibi
1379 403 1497 451 bona
1522 405 1649 451 venia
1675 404 1823 452 liceret
1848 423 1948 452 cum

149 472 407 519 Posteritate
423 471 749 527 contubernari,
768 471 1086 532 responderunt
1103 475 1219 519 Fata:
1237 475 1325 518 ‘An
1343 473 1515 519 nescitis
1530 473 1844 520 inexorabilem
1863 491 1950 520 esse

149 540 421 586 maiestatem
440 541 673 586 Fatorum?
695 543 786 586 Vos
810 553 957 586 tamen
979 554 1120 586 vestra
1140 539 1333 586 manebit
1354 557 1458 587 sors.
1484 540 1610 586 Nihil
1635 541 1785 601 agitis.'

854 679 919 721 36.
943 668 1249 735 Neglegentiah

147 779 266 823 Cum
303 775 357 822 ad
392 793 530 822 annos
566 776 751 822 venisset
786 775 1028 836 pubertatis
1062 776 1362 837 Neglegentia,
1398 777 1519 838 quod
1556 793 1663 824 esset
1698 779 1949 825 venustiore

147 858 322 903 aspectu
338 858 379 890 et
396 843 592 890 indolem
607 847 716 903 prae'
726 861 770 890 se
787 843 1006 904 quandam
1023 843 1154 891 ferret
1169 845 1304 904 quieti
1320 844 1629 905 tranquillique
1647 846 1822 905 ingenii,
1842 846 1949 893 mul-

146 911 179 958 ti
199 911 325 971 proci
347 910 570 971 petebant.
592 915 653 957 Ea
676 912 821 971 nupsit
845 914 1027 967 Somno,
1052 929 1103 958 ex
1127 929 1216 972 quo
1237 912 1413 972 gravida
1432 911 1558 968 facta,
1581 930 1681 959 cum
1706 913 1951 960 mirandam

147 979 191 1025 in
226 978 575 1039 magnitudinem
610 980 865 1026 excrevisset
896 994 1062 1035 venter,
1096 979 1269 1026 decimo
1301 979 1480 1027 demum
1515 998 1662 1028 mense
1696 999 1788 1028 uno
1822 996 1951 1042 atque

146 1046 303 1094 eodem
333 1061 462 1107 partu
493 1061 686 1093 turmam
719 1046 914 1094 filiorum
947 1046 1095 1094 edidit:
1127 1048 1302 1104 Otium,
1334 1048 1575 1104 Desidiam,
1607 1050 1948 1106 Oscitationem‚

145 1115 367 1171 Inertiam,
381 1115 611 1171 Ieiunium,
629 1118 877 1171 Carcerem,
892 1115 1146 1172 Paedorem,
1160 1117 1394 1176 Ignaviam,
1409 1116 1747 1174 ConfusIOnem,
1767 1120 1951 1179 Pauper·

145 1198 296 1239 tatem,
317 1184 617 1239 Securitatem,
638 1184 1004 1244 Desperationem
1029 1199 1157 1245 atque
1180 1184 1286 1232 alios
1307 1200 1530 1246 praeterea
1548 1185 1810 1246 complures,
1837 1204 1947 1247 quos

144 1269 400 1298 enumerare
421 1251 474 1298 ab
494 1269 538 1298 re
559 1266 634 1298 est.
656 1256 720 1298 Ex
741 1251 806 1298 his
827 1267 973 1299 autem
994 1255 1226 1313 Paupertas
1245 1271 1345 1300 cum
1368 1253 1635 1301 mendicaret
1655 1254 1709 1301 ad
1726 1254 1947 1315 Apollinis

141 1320 380 1380 porticum,
402 1318 516 1366 forte
532 1320 758 1367 Mercurio
776 1319 857 1367 fuit
875 1320 1064 1367 obviam.
1085 1325 1269 1368 Numen
1287 1321 1430 1368 adesse
1448 1340 1549 1368 cum
1566 1323 1763 1369 sensisset
1783 1341 1835 1369 ex
1851 1323 1951 1370 tala-

144 1387 262 1434 ribus
282 1405 501 1448 opemque
522 1387 794 1448 implorasset
815 1388 1024 1445 divinam,
1043 1389 1268 1449 respondit
1286 1390 1544 1437 Mercurius:
1569 1391 1624 1437 ‘Si
1642 1390 1779 1438 oblita
1797 1409 1949 1451 paren-

142 1469 239 1502 tum
262 1473 332 1502 me
353 1456 558 1516 sequeriS,
582 1473 674 1502 non
698 1455 993 1503 mendicabis.'

902 1597 967 1639 37.
993 1595 1186 1639 Carmen

142 1696 260 1740 Cum
281 1693 391 1739 milii
411 1711 528 1753 seges
547 1694 592 1740 in
613 1712 716 1754 agro
735 1695 820 1741 iam
842 1709 1149 1742 maturesceret
1168 1695 1297 1756 idque
1316 1714 1414 1743 aves
1432 1693 1711 1753 sensissent,⁹¹
1735 1698 1945 1758 gregatim

141 1758 519 1808 convolaverant92
545 1761 599 1808 ad
619 1762 840 1823 praedam.
864 1763 1070 1823 Agricola
1095 1760 1282 1811 contra⁹³
1309 1764 1494 1812 instabat
1519 1783 1703 1826 avesque
1728 1780 1770 1812 et
1792 1765 1948 1813 terrifi-

141 1829 200 1876 cis
216 1829 480 1876 clamoribus
500 1844 542 1877 et
558 1830 709 1877 crebra
725 1831 1011 1878 concussione
1028 1831 1274 1892 palmarum
1294 1831 1600 1893 frequentique
1615 1833 1810 1894 lapidum
1830 1835 1945 1881 iactu

140 1897 351 1958 abigebat.
376 1901 437 1944 At
461 1897 557 1945 illae
579 1899 855 1959 procaciores
879 1917 979 1946 cum
1005 1899 1142 1947 modo
1167 1899 1278 1947 hanc
1301 1900 1438 1948 modo
1462 1900 1580 1948 illam
1607 1902 1694 1962 agri
1718 1903 1942 1962 regionem

140 1965 429 2013 nihilominus
467 1965 669 2014 infestam
702 1966 948 2024 redderent,
978 1967 1141 2015 bonam
1177 1965 1390 2016 tandem⁹⁴
1423 1969 1533 2016 milii
1564 1985 1735 2031 partem
1766 1970 1944 2018 sustule-

140 2049 255 2081 runt.
283 2037 431 2090 Poeta,
456 2035 599 2095 igitur,
625 2036 700 2095 qui
723 2036 858 2082 animi
883 2051 1012 2097 atque
1034 2037 1356 2084 exercitationis
1377 2038 1513 2098 gratia
1534 2039 1806 2099 spatiaretur,
1830 2038 1945 2086 forte

140 2101 293 2149 incidit
326 2103 371 2148 in
407 2102 451 2149 id
482 2102 713 2150 ludicrum:
754 2100 869 2150 ‘Ac⁹⁵
902 2105 1141 2161 nimirum,’
1181 2106 1337 2166 inquit,
1373 2109 1534 2153 ‘rerum
1570 2124 1618 2153 ea
1649 2121 1710 2154 est
1746 2125 1943 2154 mearum

139 2170 284 2230 imago
312 2170 556 2230 persimilis.
593 2175 685 2231 Ipse
716 2171 902 2232 agricola
929 2190 1040 2229 sum,
1071 2174 1214 2234 poesis
1246 2191 1357 2234 ager,
1387 2192 1563 2221 carmen
1595 2190 1656 2222 est
1685 2193 1816 2236 seges,
1848 2194 1946 2223 aves

138 2255 279 2294 curae,
297 2238 557 2299 quibuscum
579 2240 841 2287 continuum
860 2240 1024 2287 bellum
1044 2256 1105 2288 est
1122 2259 1394 2302 quarumque
1410 2243 1652 2303 percrebris
1671 2244 1859 2290 nimium
1879 2262 1946 2291 ex-

138 2306 412 2353 cursionibus
435 2306 620 2366 praedae
640 2325 800 2354 sumus.
818 2306 927 2355 ‘Nisi
947 2326 1100 2369 pacem
1123 2309 1217 2356 illae
1239 2309 1418 2357 tandem
1440 2310 1639 2358 dederint
1660 2326 1733 2358 aut
1755 2311 1944 2359 indutias

136 2373 304 2429 saltem,
326 2373 466 2420 valete
487 2375 708 2421 carmina.’

895 2516 961 2558 38.
987 2513 1185 2559 Historia

135 2609 301 2656 Multas
318 2609 601 2657 bellariorum
621 2611 798 2659 selectas
812 2613 974 2673 species
993 2630 1148 2673 magna
1166 2631 1266 2660 cum
1286 2632 1389 2661 cura
1405 2629 1447 2661 et
1464 2614 1687 2675 diligentia
1703 2615 1940 2663 undecum-

136 2695 220 2738 que
245 2679 511 2738 conquisitas
537 2678 706 2726 villicus
731 2679 890 2727 nobilis
916 2680 1161 2728 contulerat
1187 2682 1231 2728 in
1256 2683 1507 2742 pomarium
1534 2698 1576 2730 et
1602 2701 1731 2731 muro
1758 2685 1939 2731 circum-

134 2761 348 2806 saepserat
370 2761 525 2794 contra
546 2746 693 2794 furum
715 2747 1016 2808 petulantiam.
1042 2753 1090 2795 In
1113 2749 1260 2797 medio
1283 2765 1429 2797 autem
1451 2754 1675 2798 Pomonae
1699 2770 1817 2799 aram
1840 2770 1941 2799 con-

134 2813 333 2860 stituerat
363 2829 411 2861 ut
441 2816 634 2875 propitia
667 2815 738 2862 illa
766 2817 981 2864 continuo
1014 2817 1191 2864 adesset.
1222 2820 1492 2878 Transgressi
1524 2834 1673 2866 tamen
1704 2819 1940 2880 aliquando

133 2895 281 2941 saepta
302 2880 418 2929 fures
438 2897 479 2929 et
502 2882 696 2943 neglecta
714 2883 793 2930 dea
811 2902 926 2940 cum,
950 2885 1159 2946 quicquid
1179 2901 1285 2932 esset
1306 2904 1561 2946 pomorum,
1586 2889 1936 2948 asportavissent,

136 2949 269 2996 iratus
288 2949 457 2997 villicus
479 2950 534 2997 ad
549 2966 799 3011 praetorem
821 2952 909 2999 ibat
928 2954 1181 3013 pauperiem
1203 2955 1406 3014 pomario
1429 2954 1575 3001 datam
1595 2955 1933 3015 expostulatum.

215 3155 232 3181 ¹¹
249 3161 311 3199 Ed.
332 3161 403 3200 and
418 3162 540 3201 transl.
559 3165 635 3207 Par,
657 3167 799 3202 121-22.
