2124 3458
133 161 316 195 ESSAYS
1843 154 1934 194 347

217 299 411 346 Maiores
431 299 570 345 nostri
590 312 638 345 ut
656 297 862 358 pleraque
881 297 1134 358 prudenter,
1155 298 1214 344 ita
1232 312 1273 344 et
1291 299 1509 345 variarum
1530 316 1675 345 rerum
1697 299 1816 345 varia
1833 298 1939 345 iudi-

133 367 198 414 cia
222 367 561 421 constituerunt,
587 380 635 412 ut
661 366 705 411 in
731 365 895 412 artibus
919 364 1096 425 singulis
1121 365 1387 425 singularum
1417 365 1575 412 eruditi
1600 366 1759 412 artium
1786 366 1943 413 iudica-

133 449 230 482 rent
252 435 287 481 si
310 451 434 495 quae,
458 448 506 480 ut
529 433 594 489 fit,
619 434 662 479 in
684 451 760 480 sua
784 447 874 480 arte
895 434 1202 480 contentiones
1225 434 1458 480 orirentur.
1483 437 1592 481 Sunt
1616 434 1748 494 igitur
1769 434 1814 480 in
1837 434 1944 481 urbe

132 503 264 550 etiam
289 519 408 549 nunc
431 519 518 549 una
541 516 582 549 et
604 502 758 562 viginti
783 502 942 548 artium
966 501 1248 558 diversitates,
1270 519 1455 562 quarum
1479 503 1611 549 etiam
1635 503 1818 550 nomina
1840 517 1941 550 sunt

132 570 313 618 diversa.
327 569 411 617 Sed
426 570 655 616 communi
673 569 964 630 appellatione
979 584 1139 617 vocant
1155 569 1438 631 capitudines.
1456 571 1744 617 Conveniunt
1763 570 1943 618 diversis

132 639 177 685 in
208 638 316 686 locis
343 656 428 699 pro
459 638 667 699 cuiusque
697 637 1015 685 commoditate
1047 637 1295 699 habentque
1324 638 1514 699 singulae
1544 656 1672 686 suum
1706 638 1939 699 collegium

130 724 318 768 suosque
342 707 629 767 magistratus,
651 724 761 767 quos
780 706 999 767 appellant
1019 706 1230 763 consules,
1254 706 1375 767 quod
1395 708 1439 753 in
1461 706 1588 754 rebus
1606 708 1692 754 suis
1714 707 1856 754 dubiis
1880 708 1942 768 (ut

132 775 307 836 opinor)
338 775 471 822 ceteri
493 775 558 822 sui
585 775 782 835 corporis
809 774 989 835 opifices
1016 792 1170 822 eorum
1197 775 1428 822 consilium
1455 790 1704 836 sequantur.
1731 777 1940 823 Vetustis-

130 844 240 890 sima
272 857 419 890 autem
451 842 542 903 lege
574 842 626 890 ab
658 861 813 890 eorum
844 843 1071 890 sententiis
1100 844 1361 903 provocatio
1394 861 1485 890 non
1518 842 1636 890 fuit.u
1668 843 1809 902 Quod
1840 843 1941 891 ideo

132 910 298 958 factum
320 925 446 971 puto,
471 925 513 958 et
535 910 714 971 quidem
736 911 966 971 sapienter,
991 928 1044 958 ne
1068 910 1303 971 aliquando
1327 912 1571 958 mutatione
1597 911 1861 958 iudiciorum
1888 911 1943 959 ad

133 978 218 1026 hoc
252 978 681 1039 interpretandarum
714 978 858 1039 legum
894 978 1130 1026 artificium
1163 997 1288 1026 causa
1319 978 1638 1040 deportaretur,
1673 979 1856 1040 fierique
1890 998 1942 1027 ex

131 1062 280 1108 aperta
307 1047 613 1094 obscurissima
644 1048 854 1108 inciperet
883 1046 1206 1108 multiplicitate
1234 1048 1664 1108 interpretationum,
1695 1049 1774 1095 etsi
1801 1047 1940 1095 modo

131 1133 247 1162 nova
271 1115 363 1175 lege
389 1115 476 1162 lata
497 1130 744 1176 provocant
773 1115 828 1162 ad
849 1133 923 1162 sex
947 1113 1099 1162 viros⁶¹
1130 1130 1393 1163 mercatores
1421 1115 1488 1176 (de
1513 1115 1670 1176 quibus
1699 1134 1805 1163 mox
1832 1116 1942 1163 dice-

131 1184 242 1243 mus)
275 1198 449 1230 tantum
477 1184 523 1229 in
551 1183 790 1230 maioribus
820 1184 968 1240 causis,
998 1198 1039 1231 et
1067 1201 1226 1244 magno
1256 1183 1434 1245 quidem
1460 1185 1765 1245 provocatoris
1794 1184 1938 1232 discri-

131 1252 264 1308 mine,
287 1252 321 1298 si
347 1252 505 1298 iniuria
524 1252 869 1312 provocaverit.v
888 1253 1012 1299 Novi
1035 1270 1115 1312 ego
1135 1252 1268 1313 paulo
1290 1267 1390 1300 ante
1410 1253 1554 1300 virum
1578 1252 1815 1313 quemdam
1838 1253 1938 1300 doc-

129 1334 226 1366 tum
245 1334 375 1380 atque
389 1321 586 1380 apprime
605 1320 880 1380 ingeniosum
902 1320 1272 1377 iurisconsultum,
1295 1320 1412 1368 haud
1426 1335 1667 1368 nostratem
1683 1335 1847 1378 tamen,
1865 1322 1939 1382 qui

130 1405 285 1435 omnes
319 1387 408 1435 fere
438 1389 600 1449 species
634 1406 743 1449 quae
775 1389 924 1435 venire
957 1388 1228 1449 frequentius
1260 1390 1304 1435 in
1338 1390 1684 1436 controversiam
1717 1389 1860 1437 solent
1895 1391 1941 1436 in

129 1474 269 1503 unum
297 1456 350 1503 ab
374 1474 418 1503 se
441 1457 654 1517 scriptum
678 1456 889 1504 volumen
917 1475 1017 1504 cum
1044 1457 1287 1517 redegisset,
1313 1457 1419 1518 quid
1442 1458 1488 1504 in
1512 1472 1744 1519 utramque
1768 1473 1939 1519 partem

130 1523 278 1571 afferri
290 1542 374 1584 pro
389 1525 575 1571 victoria
589 1539 735 1585 posset
752 1524 1077 1585 diligentissime
1094 1540 1393 1572 annotaverat.
1410 1530 1474 1572 Ita
1487 1544 1668 1573 omnem
1685 1527 1776 1573 sine
1795 1526 1940 1573 discri-

130 1593 249 1638 mine
270 1610 442 1639 causam
461 1592 735 1652 suscipiebat,
759 1610 899 1653 neque
916 1610 999 1653 pro
1019 1610 1138 1649 vero,
1157 1593 1233 1640 sed
1250 1608 1424 1640 tantum
1442 1608 1490 1640 ut
1509 1595 1717 1650 vinceret3
1733 1593 1936 1641 laborans

130 1677 222 1706 non
244 1659 487 1706 mediocres
507 1674 569 1707 est
590 1678 681 1707 non
702 1660 837 1720 longo
858 1675 1059 1721 tempore
1080 1660 1260 1721 adeptus
1279 1661 1462 1708 divitias.
1484 1666 1668 1708 Nomen
1689 1676 1805 1709 certe
1826 1663 1940 1709 inter

130 1728 233 1774 iuris
261 1727 418 1774 doctos
444 1745 576 1788 quam
603 1727 767 1775 clarum
796 1728 1002 1775 obtinuit.
1031 1731 1174 1776 Tanta
1196 1730 1260 1776 vis
1288 1730 1390 1776 artis
1415 1744 1477 1776 est
1504 1744 1633 1790 atque
1658 1730 1834 1790 ingenii,
1862 1730 1938 1777 ubi

129 1810 251 1842 tanta
272 1796 539 1856 scriptorum
568 1795 800 1856 legumque
827 1796 1050 1843 diversitas
1074 1798 1224 1844 omnia
1249 1797 1539 1854 confundens,
1567 1798 1626 1844 ita
1649 1797 1853 1858 obtegere
1879 1799 1939 1844 in-

128 1864 243 1923 genii
263 1864 596 1924 perversitatem
615 1878 774 1924 potest.
798 1867 948 1923 Quem
972 1882 1052 1924 ego
1073 1879 1120 1912 ut
1142 1866 1385 1921 nominem,
1409 1866 1444 1912 si
1466 1883 1559 1912 rem
1581 1880 1820 1922 teneamus,
1845 1884 1937 1913 non

129 1949 253 1992 opus,
278 1946 326 1978 ut
349 1949 372 1978 a
391 1946 538 1979 vetere
559 1932 763 1979 instituto
786 1950 887 1979 meo
909 1950 1001 1979 non
1024 1932 1265 1980 abscedam.
1288 1933 1336 1980 Id
1356 1934 1474 1980 enim
1496 1933 1650 1981 induxi
1672 1934 1717 1980 in
1739 1935 1937 1981 animum

130 1999 402 2056 iamdudum,
428 2001 510 2047 nisi
534 2000 716 2047 honoris
739 2002 887 2061 gratia,
910 2002 1139 2048 nominare
1164 2002 1416 2049 neminem?

215 2068 337 2115 ‘Satis
363 2068 461 2124 hic,’
491 2069 634 2129 inquit
661 2068 989 2125 Machiavellus,
1017 2069 1240 2130 ‘intelligo
1270 2074 1323 2117 Et
1348 2070 1493 2130 probo
1522 2071 1647 2117 istam
1674 2070 1937 2118 modestiam

128 2150 265 2192 tuam,
290 2137 546 2196 praesertim
573 2138 618 2182 in
646 2136 710 2184 his
737 2155 927 2197 quorum
955 2152 1017 2184 est
1044 2139 1259 2185 memoria
1283 2139 1513 2185 recentior.
1539 2143 1661 2186 Nam
1687 2153 1729 2186 et
1755 2140 1939 2199 contigit

126 2203 388 2265 plerumque
410 2219 457 2251 ut
479 2205 810 2252 immeritissimi
835 2205 1013 2253 heredes
1033 2220 1074 2253 et
1092 2207 1331 2267 propinqui
1354 2206 1465 2254 bene
1486 2207 1647 2254 morati
1667 2222 1709 2254 et
1731 2208 1830 2254 iusti
1851 2208 1934 2254 viri

128 2271 268 2319 aliena
295 2272 443 2319 affecti
468 2288 575 2320 nota
603 2273 742 2320 famae
767 2292 867 2321 suae
896 2288 937 2321 et
965 2275 1157 2322 nominis
1186 2275 1368 2322 subeant
1396 2275 1654 2335 periculum.
1686 2279 1938 2336 Depravata

129 2341 247 2386 enim
267 2341 585 2388 consuetudine
603 2342 938 2401 progenitorum
959 2343 1078 2398 vitia,
1095 2344 1350 2403 praesertim
1367 2344 1401 2390 si
1419 2361 1504 2403 qua
1522 2343 1740 2391 nobiliora
1760 2343 1937 2400 fuerint,

130 2409 294 2455 renasci
324 2409 367 2454 in
399 2409 643 2456 iunioribus
673 2424 892 2470 putamus,
923 2424 964 2457 et
993 2410 1100 2457 illud
1127 2411 1365 2471 probamus
1395 2412 1536 2472 Satyri
1565 2410 1784 2459 PoetaeW62
1815 2412 1936 2473 quod

128 2476 200 2522 ait:
230 2479 317 2523 ‘Est
345 2476 451 2523 utile
475 2495 613 2537 porro
641 2477 825 2524 filiolam
853 2479 969 2538 turpi
997 2478 1166 2526 vetulae
1190 2479 1432 2539 producere
1459 2483 1663 2540 turpem.'
1691 2480 1831 2539 Quod
1857 2481 1937 2527 etsi

129 2543 290 2591 dicitur
316 2562 408 2591 non
437 2544 629 2601 indocte,
657 2560 806 2592 tamen
832 2546 979 2593 videre
1005 2545 1139 2593 licet⁶³
1169 2547 1416 2608 complures
1446 2547 1636 2595 multum
1664 2547 1935 2609 parentum⁶⁴

129 2611 327 2659 moribus
349 2612 589 2659 dissimiles.
612 2617 722 2660 Non
743 2628 889 2660 autem
909 2615 1063 2661 iverim
1083 2614 1250 2662 inficias
1270 2633 1471 2675 magnam
1493 2615 1651 2663 habere
1671 2617 1716 2662 in
1735 2634 1824 2663 sese
1843 2617 1934 2663 vim

128 2678 183 2726 ad
204 2678 484 2727 formandam
508 2695 637 2741 atque
661 2681 973 2729 instituendam
998 2683 1134 2730 vitam
1156 2684 1299 2743 prima
1321 2701 1516 2744 quaeque
1540 2683 1803 2741 rudimenta,
1829 2702 1938 2745 quae

128 2747 244 2807 apud
257 2762 460 2807 parentes
475 2748 826 2810 domesticosque
846 2750 1132 2798 imbibuntur.
1152 2755 1312 2811 Neque
1328 2751 1563 2799 absurdum
1583 2766 1645 2799 est
1661 2752 1782 2812 quod
1799 2753 1935 2809 aiunt,

207 2949 223 2963 '¹
240 2946 305 2982 On
320 2944 383 2982 the
400 2948 439 2982 21
461 2945 668 2984 Florentiae
683 2946 795 2994 guilds
813 2946 883 2985 and
898 2946 995 2985 their
1007 2947 1242 2996 jurisdiction‚
1257 2962 1314 2986 see
1331 2950 1517 2993 ADoren,
1534 2952 1580 2987 Le
1594 2953 1663 2987 arti
1670 2949 1871 2997 florentine,
1889 2962 1934 2987 tr.

128 2996 336 3042 G.B.Klein,
356 2997 538 3043 Florence,
560 3002 657 3043 1940,
677 3014 748 3048 esp.
770 3003 810 3044 ΙΙ,
830 3003 952 3044 68-71;
972 3002 1155 3045 Martines,
1173 3004 1327 3050 Lawym
1342 3002 1416 3040 and
1430 3002 1615 3051 Statecraft,
1638 3006 1781 3041 131-33.

207 3059 222 3073 V
239 3058 297 3092 He
313 3055 419 3093 refers
434 3067 473 3093 to
488 3055 551 3094 the
564 3056 632 3094 law
648 3056 689 3094 of
705 3060 746 3094 14
757 3060 848 3104 June
865 3061 962 3102 1477,
981 3059 1104 3096 ‘Curie
1119 3060 1315 3096 Mercantie
1330 3059 1564 3104 reformatio,'
1580 3062 1666 3097 ASF
1682 3062 1801 3098 Cento
1817 3060 1935 3098 Delib.

127 3110 159 3150 2,
178 3107 258 3145 fols.
282 3112 440 3152 12r-14r3
459 3123 510 3146 on
526 3109 589 3147 the
606 3111 662 3147 Sei
677 3110 715 3147 di
732 3112 945 3154 Mercanzia,
962 3125 1018 3148 see
1038 3123 1124 3149 note
1141 3112 1192 3159 ee)
1213 3112 1342 3150 below.

209 3169 230 3182 Ψ
244 3165 405 3211 Juvenal,
424 3168 491 3203 Sat.
511 3169 718 3210 V1‚240—41.
