2124 3458
210 189 300 230 402
1823 195 1961 228 PART
1986 195 2017 228 V

209 334 457 389 stantiores,
477 332 599 393 quod
618 350 752 392 genus
773 333 932 379 Graeci
950 332 1265 379 aristocratiam
1283 339 1476 388 vocant‚⁰
1495 346 1543 379 ut
1564 350 1644 379 nos
1664 350 1840 393 quoque
1860 350 1884 380 a
1903 332 2021 380 meli-

211 401 361 449 oribus
379 401 670 462 imposuimus
689 399 956 447 vocabulum
974 401 1134 447 imitati
1150 403 1357 456 Graecos,
1374 401 1640 461 optimatum
1659 400 1771 447 hanc
1786 400 2020 462 rempubli-

211 487 307 517 cam
337 469 616 530 appellantes.
650 469 818 516 Civitas
849 483 998 516 nostra
1027 486 1209 528 regnum
1240 486 1412 529 semper
1441 468 1682 525 abhorruit,
1715 483 1872 529 utputa
1901 469 2023 530 quod

208 539 346 599 possit
366 537 591 598 soleatque
608 536 732 584 facile
749 537 861 584 verti
878 538 923 583 in
941 536 1237 597 tyrannidem,
1256 536 1376 598 quod
1394 555 1527 597 genus
1546 551 1608 584 est
1626 538 1828 584 omnium
1850 537 2026 584 deterri-

211 624 348 653 mum.
369 610 491 653 Nam
511 605 565 653 ad
578 623 701 653 suam
723 605 841 662 haec,
858 605 1045 652 utilitate
1063 605 1257 665 neglecta
1272 606 1471 661 civitatis,
1490 619 1647 652 cuncta
1661 605 1948 653 administrat.
1967 609 2021 653 Et

211 692 312 721 cum
335 674 417 720 sibi
439 673 567 720 licere
588 674 739 720 omnia
759 687 900 733 putat,
922 674 996 733 qui
1019 674 1077 720 ita
1097 691 1243 719 rerum
1265 688 1326 720 est
1347 674 1527 733 potitus,
1551 691 1755 733 sacraque
1775 687 1817 720 et
1834 673 2022 734 profana

210 743 362 788 omnia
380 741 629 797 confundit,
649 759 729 788 nec
746 740 826 787 diis
842 740 1021 787 tandem
1038 755 1110 787 aut
1130 740 1383 787 hominibus
1403 741 1637 801 quicquam
1654 741 1806 801 parcit.
1825 741 1912 788 Cui
1930 758 2023 788 non

211 809 403 857 multum
425 808 643 856 dissimilis
663 808 735 856 illa
753 826 861 869 quae
881 809 1163 869 optimatium
1184 808 1322 855 videri
1338 808 1446 865 vult,
1466 809 1567 869 quia
1584 808 1699 869 apud
1715 809 1942 869 pauciores
1961 823 2023 856 est

211 877 457 939 imperandi
480 892 686 938 potestas.
710 881 878 924 Verum
901 891 1049 924 tamen
1072 876 1126 924 ad
1145 876 1426 937 tyrannidem
1450 876 1637 924 declinat
1659 877 1793 937 magis
1816 894 1948 937 quam
1970 876 2025 924 ad

211 964 408 1007 regnum.
438 945 571 993 Unde
599 960 640 993 et
668 945 785 993 aliud
811 960 872 992 est
898 946 1052 992 sortita
1079 963 1257 992 nomen:
1288 945 1569 1005 oligarchiam
1596 959 1771 1001 vocant,
1799 963 1879 992 nos
1907 959 2023 992 recte

208 1032 454 1076 paucorum
482 1015 781 1075 principatum
811 1013 1007 1061 dicimus.
1037 1017 1185 1074 Atque
1213 1013 1324 1061 hanc
1349 1031 1524 1074 quoque
1550 1014 1937 1074 speciem—tantus
1962 1028 2024 1061 est

210 1084 389 1144 tyranni
410 1083 840 1130 metus—abiecimus
860 1082 1164 1142 populumque
1186 1082 1492 1129 Florentinum
1513 1083 1770 1129 asseruimus
1791 1082 1836 1128 in
1853 1081 2025 1129 liberta-

210 1166 314 1199 tem.
342 1149 504 1198 Num¹²
534 1166 582 1198 tu
608 1150 653 1198 id
677 1168 861 1207 accusas,
889 1150 1097 1198 maledice
1123 1152 1139 1197 ?
1165 1155 1324 1211 Neque
1349 1150 1430 1197 tibi
1455 1150 1630 1197 libertas
1652 1150 1793 1211 placet
1819 1168 1927 1211 quae
1952 1164 2020 1197 tot

209 1221 313 1267 viris
345 1219 611 1280 quandoque
642 1220 802 1266 nostris
833 1233 962 1279 atque
992 1219 1181 1266 externis
1210 1218 1320 1266 adeo
1350 1236 1447 1266 cara
1474 1218 1570 1275 fuit,
1601 1233 1648 1265 ut
1678 1219 1815 1265 vitam
1844 1236 2021 1279 quoque

211 1290 348 1350 ipsam
376 1306 460 1349 pro
489 1306 538 1335 ea
561 1287 773 1335 servanda
796 1306 962 1349 ponere
992 1305 1083 1334 non
1112 1287 1408 1335 dubitaverint
1438 1289 1454 1334 ?
1481 1286 1702 1348 Exemplis
1732 1288 1876 1334 omnis
1905 1286 2022 1348 apud

210 1375 408 1418 quosque
432 1356 614 1404 historia
634 1356 914 1403 refertissima
934 1371 1009 1403 est.
1029 1360 1082 1403 Et
1105 1355 1307 1403 nonnulli
1329 1356 1461 1416 paulo
1483 1370 1582 1403 ante
1601 1355 1717 1416 apud
1738 1373 1817 1402 nos
1835 1355 2022 1416 praecla—

210 1443 309 1472 rum
329 1424 576 1485 periculum
600 1424 755 1480 fecere,
774 1442 965 1484 quorum
988 1438 1029 1471 et
1048 1442 1166 1470 nunc
1188 1438 1249 1470 est
1270 1425 1314 1470 in
1335 1423 1624 1470 admiratione
1646 1441 1825 1479 nomen,
1848 1423 1958 1470 adeo
1976 1438 2024 1470 ut

211 1493 401 1540 referant
420 1492 465 1539 id
485 1492 665 1553 quidam
687 1493 732 1538 in
751 1495 901 1539 Deum
922 1493 1069 1552 potius
1091 1506 1132 1539 et
1153 1491 1357 1538 facinoris
1378 1509 1478 1538 eum
1501 1506 1726 1538 auctorem
1744 1505 1902 1551 putent
1923 1492 2025 1551 quia

209 1579 340 1622 supra
369 1560 608 1607 humanam
639 1561 851 1607 virtutem
881 1578 973 1607 rem
1001 1561 1173 1620 gessisse
1204 1559 1313 1607 adeo
1341 1577 1542 1620 magnam
1572 1560 1731 1620 vixque
1761 1558 2025 1606 credendam

208 1630 396 1690 posteris
417 1628 662 1676 videantur.
686 1632 825 1675 Certo
844 1629 949 1684 scio,
971 1629 1031 1674 mi
1052 1628 1245 1684 Trebati,
1267 1646 1320 1675 ne
1342 1627 1503 1675 hiscere
1525 1627 1703 1688 quidem
1725 1627 1900 1675 audebit
1920 1645 2022 1674 con-

210 1712 277 1745 tra
296 1697 546 1744 libertatem
568 1697 848 1744 adversarius.
873 1700 1052 1756 Quotus
1075 1697 1193 1743 enim
1218 1697 1398 1757 quisque
1421 1710 1482 1743 est
1504 1697 1578 1756 qui
1599 1695 1736 1743 divini
1759 1695 1886 1743 huius
1906 1713 2026 1756 prae-

211 1766 437 1813 clarissimi
460 1766 654 1813 muneris
679 1783 830 1826 expers
852 1783 939 1812 esse
963 1766 1008 1811 in
1029 1766 1120 1812 vita
1138 1764 1242 1812 velit
1265 1783 1313 1812 ac
1334 1783 1426 1812 non
1446 1765 1594 1825 potius
1619 1765 1743 1811 omni
1769 1763 1814 1811 id
1833 1763 1915 1811 sibi
1938 1782 2022 1825 ope

209 1834 414 1882 vendicet
431 1849 642 1895 paretque
659 1848 949 1895 paratumque
969 1848 1143 1881 tueatur
1163 1835 1178 1880 ?
1198 1833 1325 1880 Nihil
1347 1847 1408 1880 est
1429 1834 1547 1880 enim
1567 1832 1766 1880 libertate
1785 1832 1953 1889 melius,
1975 1850 2025 1880 ea

208 1903 467 1964 praesertim
490 1920 622 1963 quam
645 1920 737 1949 non
762 1902 947 1949 ambitio
971 1916 1043 1949 aut
1064 1903 1232 1949 vanitas
1254 1902 1489 1962 ingesserit,
1515 1919 1623 1962 quae
1646 1900 1852 1962 appellari
1872 1901 2022 1962 potius

209 1971 387 2020 licentia
415 1972 658 2027 consuevit,
691 1970 767 2018 sed
797 1985 974 2018 naturae
1006 1985 1178 2017 nostrae
1207 1971 1521 2031 praerogativa,
1552 1984 1600 2017 ut
1632 1970 1691 2016 ita
1719 1969 1919 2025 dixerim,
1952 1968 2022 2016 de-

211 2058 374 2101 corque
396 2040 589 2087 suaserit.

295 2108 379 2156 Sed
403 2127 496 2155 non
522 2123 584 2155 est
608 2109 723 2164 satis,
750 2109 932 2168 inquies,
959 2107 1146 2155 liberum
1175 2126 1261 2155 esse
1285 2126 1328 2155 se
1353 2107 1476 2164 velle,
1502 2106 1623 2168 quod
1646 2106 1842 2168 plerique
1868 2124 2023 2154 omnes

210 2177 430 2232 volumus,
454 2194 609 2223 verum
630 2176 828 2223 didicisse
849 2175 1036 2222 liberum
1059 2175 1155 2223 fieri
1175 2190 1302 2236 atque
1320 2176 1384 2222 uti
1403 2175 1617 2231 libertate,
1638 2174 1682 2221 id
1699 2192 1806 2221 vero
1825 2173 2022 2234 magnifi-

211 2263 313 2292 cum
336 2259 465 2305 atque
487 2245 680 2304 ingenuo
703 2243 884 2304 dignum
910 2258 971 2291 est
994 2245 1182 2304 ingenio.
1207 2248 1306 2290 Nos
1330 2258 1444 2290 certe
1465 2261 1516 2290 ex
1538 2243 1676 2290 tribus
1698 2242 1779 2289 illis
1802 2242 2024 2289 administ-

212 2312 371 2359 randae
397 2313 584 2359 civitatis
608 2312 851 2372 generibus,
881 2330 989 2372 quae
1016 2311 1154 2358 modo
1181 2311 1383 2367 diximus,
1410 2311 1669 2371 popularem
1699 2310 2018 2370 desumpsimus

212 2380 353 2437 nobis,
379 2398 512 2441 quam
534 2381 739 2440 proprius
767 2379 1083 2440 rempublicam
1110 2379 1343 2440 appellant,
1368 2380 1523 2439 cuique
1544 2393 1717 2439 praeter
1737 2392 1900 2425 ceteras
1921 2395 2024 2425 cura

210 2449 263 2495 sit
293 2448 482 2495 tuendae
509 2463 638 2508 atque
667 2447 930 2495 excolendae
956 2447 1181 2504 libertatis,
1209 2462 1257 2494 ut
1286 2465 1377 2494 non
1406 2447 1534 2494 veriti
1559 2447 1645 2493 sint
1676 2445 1854 2507 quidam
1882 2445 2019 2493 finem

212 2516 475 2577 reipublicae
519 2517 785 2563 constituere
827 2516 1089 2572 libertatem,
1132 2530 1179 2563 ut
1221 2533 1463 2576 paucorum
1509 2514 1693 2571 divitias,
1736 2514 2020 2575 optimatium

210 2586 422 2632 virtutem
444 2602 532 2632 esse
552 2585 832 2645 propositum
858 2598 1132 2631 censuerunt.
1155 2588 1276 2631 Nam
1297 2584 1405 2644 regis
1427 2598 1468 2630 et
1489 2582 1764 2643 reipublicae,
1787 2583 1865 2629 etsi
1886 2582 2023 2629 diver·

210 2671 308 2700 sum
328 2671 495 2700 nomen
516 2667 592 2709 est,
613 2652 714 2699 finis
732 2667 881 2699 tamen
901 2652 1017 2699 idem
1036 2666 1112 2708 est,
1133 2653 1214 2699 nisi
1234 2651 1402 2699 aberret
1419 2666 1602 2712 uterque
1622 2669 1645 2698 a
1664 2665 1799 2706 recto,
1817 2665 1859 2697 et
1879 2649 1949 2697 hic
1967 2649 2022 2697 ad

211 2721 508 2781 tyrannidem,
532 2720 602 2767 illa
621 2720 675 2767 ad
690 2720 829 2781 plebis
848 2735 983 2767 status
1004 2720 1341 2780 inconditaeque
1362 2719 1655 2766 multitudinis
1675 2718 1901 2779 plebiscita
1920 2717 2022 2765 dila·

211 2789 352 2836 batur.
380 2788 506 2848 Quid
530 2789 648 2836 enirn
674 2788 755 2835 sibi
781 2806 854 2835 rex
876 2788 970 2835 vult
997 2789 1040 2834 in
1063 2788 1238 2849 populis
1266 2787 1599 2848 civitatibusque
1622 2785 1914 2847 gubernandis
1941 2786 2023 2832 nisi

212 2875 367 2905 eorum
390 2858 593 2904 omnium
619 2858 815 2918 ipsorum
840 2858 913 2917 qui
933 2857 985 2904 ab
1005 2875 1048 2904 se
1069 2871 1278 2917 reguntur
1299 2857 1440 2903 otium
1460 2856 1824 2915 securitatemque
1843 2853 2022 2901 vivendi

212 2943 447 2985 rerumque
466 2926 747 2985 propriarum
767 2943 850 2985 pro
869 2925 1050 2971 arbitrio
1068 2942 1237 2984 proque
1255 2924 1414 2984 privati
1432 2924 1638 2983 cuiusque
1657 2940 1757 2969 usus
1777 2921 2020 2969 commodo

213 2993 479 3053 agendarum
498 2992 751 3039 facultatem
771 2995 787 3039 ?
806 2997 973 3038 Nonne
995 2991 1146 3038 eadem
1164 3006 1205 3038 et
1225 2991 1485 3051 reipublicae
1507 2991 1695 3037 intentio
1713 3004 1774 3036 est
1796 2991 1812 3036 ?
1831 2988 1914 3036 Sed
1933 2988 2020 3035 illic

293 3212 309 3225 ⁰
326 3206 424 3250 Ibid„
445 3209 592 3250 111,1279
612 3220 641 3243 a.
