2118 3444
97 180 287 213 PUBLIC
315 178 595 212 ORATIONS
1808 169 1898 210 223

97 332 193 364 tum
216 315 271 364 ad
289 315 547 376 dignitatem
569 329 698 375 atque
716 314 963 375 potentiam
986 313 1255 370 iudicabunt,
1278 328 1319 361 et
1338 314 1535 361 societati
1555 331 1603 360 ac
1622 312 1789 360 foederi
1810 331 1906 361 nos-

96 400 169 433 tro
189 386 282 432 iure
301 385 476 445 optimo
496 382 844 444 gratulabuntur;
868 382 989 443 quod
1009 383 1140 442 igitur
1159 379 1472 443 faustumque⁵⁵
1491 396 1534 429 et
1554 381 1656 429 felix
1676 396 1717 429 et
1736 381 1905 429 fortun-

96 468 218 501 atum
235 453 303 500 sit.
325 453 484 513 Capies
504 452 604 507 iam,
623 454 728 498 Dux
745 450 1023 498 Florentinae
1042 450 1236 506 militiae,
1255 450 1459 497 militaria
1476 451 1643 510 insigna
1660 449 1906 497 Florentini

94 521 263 583 populi.
288 520 463 568 Accede
481 520 566 567 huc
587 520 672 567 iam
690 519 961 566 Vexillariae.
980 521 1049 566 Tu
1069 528 1189 575 vero,
1207 522 1327 575 Dux,
1348 536 1452 579 cape
1471 519 1556 566 iam
1576 536 1677 565 cum
1698 518 1909 565 bellatore

96 607 213 650 equo
232 604 275 636 et
291 589 520 650 picturatis
539 588 684 635 liliatis
705 587 848 634 faleris
866 602 995 648 atque
1014 602 1216 647 argentea
1231 587 1350 647 galea
1367 586 1502 634 liliata
1521 586 1783 647 quadratum
1803 586 1906 633 lilia-

95 673 192 705 tum
221 656 445 704 vexillum.
474 655 617 703 Trade
642 670 803 711 autem,
830 654 1058 702 Vexillifer
1083 656 1288 711 Iustitiae,
1316 654 1446 702 Attili
1472 654 1703 711 Medices,¹'
1728 654 1908 715 quadra-

95 740 192 773 tum
213 725 400 772 liliatum
420 723 642 771 Vexillum
664 723 882 771 bellorum
905 724 1070 784 insigne
1091 723 1335 770 Florentini
1354 723 1508 784 populi
1530 741 1553 770 e
1571 738 1647 770 tua
1665 724 1905 783 augustissi-

97 812 169 841 ma
189 811 322 840 manu
344 794 389 839 in
410 790 567 840 ducis⁵⁶
589 810 770 839 manum
793 810 842 839 ac
859 791 912 839 de
932 810 1055 839 more
1074 807 1221 839 sancte
1240 791 1529 839 deosculator.
1554 796 1671 847 Hoc,
1693 791 1778 838 hoc
1799 791 1908 838 illud

96 863 262 922 insigne
282 876 359 917 est,
377 861 540 907 invicta
555 861 717 907 virtute
733 863 853 916 Dux,
871 860 993 921 quod
1011 859 1182 907 ferasin
1200 860 1387 916 hostem,
1407 860 1529 921 quod
1543 874 1784 921 sequantur
1799 859 1908 906 mili-

95 945 160 977 tes
180 930 260 985 tui;
282 947 373 990 quo
394 946 624 976 conserves
647 929 840 988 quietem
861 929 1048 975 civitatis
1067 943 1110 975 et
1129 943 1276 975 tueare
1297 928 1568 988 dignitatem.
1591 932 1695 975 Hoc
1718 927 1826 975 illud
1847 942 1909 975 est

95 1016 186 1058 quo
205 1012 272 1044 tot
291 997 516 1044 clarissimi
535 1011 577 1043 et
593 996 892 1056 gloriosissimi
916 996 1095 1043 militiae
1114 1011 1287 1043 nostrae
1305 995 1435 1043 duces
1453 1011 1521 1043 tot
1540 996 1668 1043 nobis
1686 996 1907 1052 victorias,

94 1080 163 1113 tot
196 1065 396 1126 trophea,
432 1079 500 1112 tot
534 1064 785 1125 triumphos
819 1082 1027 1125 peperere
1061 1079 1103 1111 et
1134 1065 1374 1112 constituta
1406 1082 1455 1111 ac
1485 1063 1676 1111 stabilita
1708 1064 1909 1112 libertate

95 1149 246 1181 nostra
264 1130 620 1181 decoraverunt⁵⁷
636 1133 943 1180 Florentinum
966 1151 1144 1180 nomen.
1166 1136 1288 1194 Cape
1306 1151 1427 1189 vero,
1444 1136 1564 1189 Dux,
1586 1134 1671 1180 iam
1690 1148 1732 1180 et
1751 1133 1907 1180 milita—

95 1220 140 1250 re
160 1217 397 1263 sceptrum.

179 1270 299 1317 Ades
330 1288 437 1317 vero
470 1270 556 1317 iam
589 1284 631 1316 et
661 1284 710 1316 tu
740 1267 1010 1330 sceptrige1⁵⁸
1043 1270 1237 1330 propius.
1273 1269 1416 1317 Trade
1447 1284 1609 1326 autem,
1641 1267 1904 1317 Vexillifer⁵⁹

94 1339 301 1394 Iustitiae,
325 1356 347 1385 e
371 1353 446 1385 tua
467 1339 574 1385 item
598 1356 731 1385 manu
756 1339 801 1384 in
826 1356 1007 1385 manum
1030 1339 1169 1385 Ducis
1192 1356 1245 1385 ex
1268 1338 1366 1385 rudi
1388 1337 1558 1385 inculto
1580 1353 1710 1399 atque
1733 1338 1909 1385 infabri-

93 1421 195 1454 cato
222 1421 397 1462 trunco,
431 1424 554 1453 more
587 1407 820 1462 maiorum,
855 1405 1042 1453 militare
1072 1413 1330 1466 sceptrum,q
1360 1405 1482 1466 quod
1513 1405 1638 1453 facile
1666 1407 1908 1453 severitatis

93 1476 298 1535 antiquae
323 1474 504 1521 militiae
531 1475 824 1534 castitatisque
849 1474 1099 1530 admoneat,
1125 1474 1372 1521 cuiusmodi
1400 1489 1442 1521 et
1467 1475 1719 1521 Franciscus
1744 1474 1907 1521 Sfortia

91 1557 274 1604 patruus
294 1550 429 1598 tuus,r
446 1542 584 1603 gloria
603 1542 762 1589 saeculi
785 1542 924 1598 huius,
948 1557 990 1589 et
1010 1542 1080 1589 alii
1101 1542 1327 1590 fortissimi
1352 1557 1394 1589 et
1414 1541 1650 1589 felicissimi
1672 1543 1906 1603 imperato-

94 1609 195 1658 res⁶0
232 1612 371 1657 nostri
406 1611 470 1657 usi
505 1625 620 1657 sunt.
657 1610 801 1669 Quale
837 1628 1013 1671 quoque
1047 1625 1229 1671 gestasse
1263 1611 1489 1671 quondam
1525 1611 1766 1658 Herculem
1803 1615 1905 1658 Iove

94 1693 248 1725 natum
275 1678 538 1725 crediderim
561 1693 603 1725 et
629 1678 850 1725 Bacchum
876 1693 917 1725 et
941 1678 1162 1725 Theseum
1188 1693 1230 1725 et
1255 1697 1410 1725 eorum
1437 1679 1679 1739 quemlibet
1706 1697 1818 1739 quos
1844 1679 1903 1725 ob

92 1747 268 1793 virtutis
290 1746 667 1793 admirationem
656 1761 771 1793 inter
795 1746 949 1793 heroas
972 1747 1132 1793 Graeci
1154 1746 1495 1793 collocaverunt.
1521 1746 1749 1794 Eiusmodi
1777 1765 1905 1794 usum

91 1829 268 1875 sceptro
289 1815 539 1874 putaverim
566 1828 608 1861 et
633 1813 876 1861 Romulum
905 1828 947 1861 et
971 1814 1240 1875 Pompilium
1269 1829 1311 1862 et
1337 1818 1564 1862 Romanos
1590 1832 1746 1862 omnes
1773 1832 1905 1875 reges,

92 1882 293 1929 consules
311 1883 419 1929 item
437 1897 479 1929 et
495 1882 731 1929 dictatores
746 1897 789 1929 et
805 1882 1022 1930 consulari
1038 1897 1255 1943 potestate
1271 1882 1474 1930 tribunos
1492 1882 1701 1930 militares
1718 1898 1760 1930 et
1777 1898 1904 1944 quot-

92 1965 202 2012 quot
228 1968 495 2011 quocunque
523 1951 705 1998 nomine
736 1950 916 1998 militiae
942 1955 1168 1999 Romanae
1192 1950 1491 2012 praefuerunt,
1518 1951 1662 1999 donec
1685 1966 1835 1999 sancta
1858 1970 1908 1999 ea

92 2019 272 2080 quidem
292 2034 422 2080 atque
441 2020 698 2080 incorrupta
717 2034 759 2066 et
779 2019 988 2066 inviolata
1004 2020 1139 2076 stetit,
1157 2019 1212 2067 ad
1229 2038 1278 2067 ea
1293 2038 1429 2081 usque
1449 2035 1653 2081 tempora
1670 2020 1829 2081 quibus
1850 2038 1902 2067 ex

91 2088 197 2134 Asia
230 2085 351 2134 Cn.⁶l
387 2087 581 2134 Manlius
613 2087 751 2135 Vulso
786 2089 911 2134 omni
944 2106 1100 2148 genere
1132 2088 1333 2135 licentiae
1364 2103 1624 2149 corruptum
1659 2089 1705 2135 in
1738 2089 1907 2136 Italiam

92 2156 334 2203 exercitum
369 2160 622 2202 Romanum
659 2157 913 2216 reportavit.
947 2157 1031 2203 His
1063 2155 1145 2203 tu⁶²
1180 2175 1284 2217 ergo
1317 2156 1576 2204 militaribus
1610 2158 1904 2218 imperatoriis

93 2224 333 2284 insignibus
355 2223 601 2270 Florentini
619 2224 788 2284 populi,
810 2242 919 2284 quae
940 2225 1020 2271 rite
1037 2225 1098 2271 sic
1116 2226 1344 2285 acceperis,
1364 2226 1601 2272 Constanti
1620 2225 1796 2281 Sfortia,
1816 2225 1905 2272 dux

92 2306 256 2348 noster,
283 2291 461 2339 volente
487 2295 589 2339 Deo
615 2307 769 2339 nostro
796 2293 970 2353 optimo
999 2294 1207 2350 maximo,
1235 2296 1337 2341 Deo
1363 2308 1517 2341 nostro
1543 2294 1774 2350 virtutum,
1802 2297 1905 2341 Deo

91 2361 379 2407 victoriarum
399 2361 711 2421 bonorumque
735 2362 938 2408 omnium
962 2362 1217 2409 mortalium
1238 2362 1538 2423 caelicolisque
1558 2362 1779 2419 omnibus,
1802 2381 1903 2410 cum

92 2429 426 2475 immortalitate
465 2430 659 2476 nominis
697 2430 761 2476 tui
797 2429 1099 2476 Florentinam
1137 2445 1313 2490 gentem
1350 2445 1392 2477 et
1427 2430 1530 2477 belli
1567 2431 1901 2491 quibuscunque

92 2497 365 2543 ornamentis
387 2511 429 2543 et
451 2498 568 2557 pacis
590 2515 722 2557 quam
745 2497 979 2553 cumulate,
1003 2516 1135 2558 quam
1157 2498 1343 2558 gloriose
1368 2513 1541 2545 auctam
1564 2498 1905 2559 decoratamque

91 2563 441 2679 iiiigffsbomini
465 2636 837 2681 CCCCLXXXI.
862 2635 948 2681 Die
970 2638 1047 2680 1111
1067 2633 1328 2682 octobris.⁶³

92 3021 129 3056 O
170 2970 188 2993 Ρ
205 2965 338 3003 Attilio
356 2966 395 3004 di
413 2966 567 3004 Niccola
582 2966 621 3004 di
639 2981 770 3004 messer
791 2968 890 3005 Vieri
906 2967 962 3005 de’
982 2967 1126 3012 Medici,
1150 2968 1391 3006 Gonfalonier
1408 2968 1450 3006 of
1462 2969 1594 3015 Justice
1614 2969 1654 3005 in
1672 2969 1903 3017 September-

131 3019 265 3114 Ctgbg·
277 3023 361 3114 13:
369 3051 475 3114 *Libro
496 3079 637 3115 Cenmo'
639 3077 740 3122 niale,
760 3077 814 3116 ed.
836 3077 992 3122 Trexler,
1012 3082 1067 3116 94:
1088 3078 1132 3116 ‘el
1151 3078 1300 3116 bastone
1317 3092 1423 3116 sanza
1442 3080 1558 3117 niuno
1576 3091 1805 3123 ornamento,
1825 3079 1904 3117 cioe

90 3143 143 3167 un
159 3143 251 3178 pezo
269 3129 308 3167 di
323 3129 439 3168 lancia
453 3129 492 3168 di
507 3129 685 3179 lungheza
699 3130 738 3169 di
755 3131 896 3169 braccio
914 3146 933 3169 e
950 3131 1015 3170 2l3
1036 3133 1190 3170 incirca.’

171 3191 184 3206 ¹
200 3189 263 3224 See
280 3199 368 3225 note
386 3187 423 3235 h)
441 3187 567 3225 above.
