2124 3464
188 168 246 209 56
1819 168 1958 202 PART
1982 168 1996 202 1

1071 315 1123 356 69

545 386 623 425 TO
647 386 762 424 THE
783 386 944 424 DIECI
966 385 1028 423 DI
1050 375 1219 422 BALiA
1241 386 1306 423 IN
1326 384 1645 422 FLORENCE’

690 455 772 493 San
794 453 1081 504 Gimignano‚
1106 455 1152 491 13
1178 451 1374 492 October
1399 453 1503 490 1479

273 551 363 588 ASF
385 549 495 588 Dieci
517 547 555 587 di
574 546 686 587 Balla.
708 549 855 586 Lettere
876 546 1092 597 responsive
1113 548 1171 592 25,
1192 544 1276 584 fols.
1296 547 1451 584 322-33.
1473 543 1658 595 Original.
1679 542 1918 595 Autograph.

280 607 397 644 Verso:
419 602 675 655 TMagnificis]
695 602 890 650 d[omi]nis
912 602 1004 641 meis
1025 601 1288 648 Decem[viris]
1307 599 1406 640 Balie
1428 599 1629 647 Civit[atis]
1647 598 1914 647 FlorsentiaJe.’

275 660 438 701 Recd.15
462 662 662 700 Oct.1479.
681 657 794 706 Scala,
818 661 934 698 88-89
954 660 1043 706 [56].

189 764 420 826 Magnifici
441 764 614 812 domini
636 764 722 810 mei
743 762 1082 823 singularissimi.
1111 762 1222 808 Hier
1242 761 1439 817 mattina,
1461 778 1587 808 come
1608 759 1663 807 da
1679 763 1764 807 San
1784 759 2001 807 Casciano

189 835 232 881 vi
252 835 287 881 si
307 834 481 894 scripse,
502 832 617 893 parti
634 850 715 893 per
733 849 868 879 essere
890 831 977 892 qui.
999 834 1153 878 Venne
1176 831 1221 876 in
1241 830 1329 877 mia
1347 829 1607 890 compagnia
1626 829 1754 876 Piero
1772 827 2005 875 Malevolti

190 918 231 950 et
256 901 504 949 Antonello
530 901 584 948 da
605 904 737 948 Prato
761 915 802 948 et
827 899 924 947 altri
948 898 1219 947 comestabili
1243 898 1457 946 vinitiani.
1482 902 1628 945 Erano
1654 896 1763 945 fanti
1787 897 1900 944 circa
1920 901 2004 944 400

189 971 341 1032 d’ogni
365 989 475 1018 raza.
499 973 687 1017 Doveva
707 969 856 1016 venire
879 969 1057 1016 Giovan
1079 961 1266 1015 Savellob
1289 982 1331 1014 et
1353 985 1439 1014 con
1462 966 1605 1027 quella
1624 983 1833 1027 speranza
1855 965 2003 1012 m’avi-

189 1041 242 1097 ai,
265 1039 344 1087 che
364 1040 531 1086 venisse
554 1038 698 1085 dietro
718 1041 784 1085 co'
806 1038 902 1084 suoi
925 1036 1076 1084 cavalli
1093 1036 1267 1097 leggieri
1287 1050 1328 1083 et
1346 1035 1585 1083 balestrieri
1605 1053 1629 1082 a
1647 1033 1813 1082 cavallo
1833 1033 1913 1081 che
1933 1051 2003 1081 me

189 1109 357 1155 l’aveva
378 1125 620 1168 promesso.
652 1107 732 1153 Poi
758 1124 850 1153 non
876 1123 1032 1161 venne,
1059 1104 1138 1152 che
1164 1104 1209 1151 fu
1236 1105 1414 1164 cagione
1440 1121 1531 1150 non
1559 1104 1703 1150 menai
1727 1102 1825 1150 altri
1851 1101 2003 1149 cavalli

189 1195 317 1224 come
337 1176 364 1222 il
384 1176 589 1236 capitano
607 1174 763 1221 voleva
781 1174 860 1221 che
879 1173 1041 1230 facessi,
1061 1173 1139 1220 che
1160 1191 1251 1219 non
1270 1172 1326 1233 gli
1344 1190 1503 1233 pareva
1519 1171 1688 1219 dovessi
1708 1171 1856 1218 venire
1874 1188 2004 1217 senza

190 1244 374 1306 qualche
397 1243 578 1300 cavallo,
603 1242 806 1290 havendo
828 1242 1123 1289 determinato
1144 1241 1187 1288 di
1209 1242 1357 1288 venire
1379 1240 1433 1288 da
1453 1239 1677 1287 Certaldo.
1700 1239 1868 1286 Parveli
1889 1238 2001 1286 fusse

190 1313 422 1360 abastanza
444 1311 480 1358 el
503 1311 686 1358 Savello.
710 1311 771 1356 Di
791 1311 868 1371 poi
891 1328 982 1357 non
1005 1309 1209 1356 venendo
1230 1310 1268 1356 ci
1290 1309 1415 1355 misse
1438 1309 1484 1354 in
1505 1307 1716 1368 pericolo,
1740 1306 1819 1354 che
1841 1321 1962 1354 sotto
1983 1324 2007 1354 a

190 1380 404 1428 Certaldo
431 1394 688 1427 scontramo
718 1378 952 1426 Giordano
982 1377 1036 1425 da
1061 1377 1188 1424 Colle
1219 1376 1327 1424 Alto
1357 1391 1398 1424 et
1426 1381 1593 1423 Messes
1619 1376 1747 1422 Piero
1772 1374 2002 1422 Ubaldinic

190 1468 276 1497 con
296 1448 448 1497 cavalli
463 1448 638 1509 leggieri
656 1462 697 1495 et
713 1446 953 1494 balestrieri
971 1465 994 1494 a
1010 1445 1175 1494 cavallo
1193 1446 1306 1493 circa
1320 1449 1387 1502 80,
1406 1444 1600 1492 secondo
1618 1444 1796 1492 dissono
1816 1442 1887 1491 chi
1902 1446 2004 1491 s'ac-

190 1518 316 1566 costo
337 1517 436 1565 loro
456 1517 533 1578 piu
555 1516 634 1564 che
656 1517 713 1573 io,
737 1531 778 1563 et
798 1515 919 1563 fanti.
942 1519 1187 1562 Havevano
1208 1514 1408 1562 assaltato
1426 1528 1547 1561 sotto
1567 1517 1651 1560 San
1671 1513 1944 1573 Gimignano
1965 1515 2002 1559 e'

188 1587 311 1648 grani
333 1586 563 1633 andavano
583 1585 620 1632 al
642 1584 826 1641 mulino,
852 1585 959 1631 asini
980 1583 1140 1631 carichi
1161 1583 1274 1630 circa
1295 1587 1386 1639 100,
1409 1597 1450 1630 et
1470 1582 1711 1629 havevanvi
1728 1581 1843 1642 presi
1865 1583 1901 1628 e'
1919 1581 2005 1641 pri—

188 1656 309 1716 gioni
339 1655 419 1702 che
448 1654 766 1702 conducevano
793 1653 832 1700 le
860 1653 995 1700 bestie
1022 1667 1063 1699 et
1090 1651 1368 1699 menavanoli
1395 1652 1477 1698 via.
1506 1650 1798 1711 Apiccoronsi
1828 1652 1864 1696 e'
1894 1648 2005 1696 fanti

190 1724 331 1771 nostri
353 1741 439 1770 con
460 1723 559 1770 loro
582 1737 623 1770 et
642 1723 879 1769 uccisonne
901 1739 1006 1777 uno,
1031 1735 1072 1768 et
1091 1738 1170 1781 per
1190 1738 1281 1767 non
1304 1719 1436 1767 haver
1456 1720 1633 1767 Giovan
1654 1717 1824 1766 Savello
1844 1735 1866 1765 e
1887 1717 2003 1778 qual·

190 1792 270 1840 che
297 1791 464 1839 cavallo
487 1792 521 1838 si
550 1792 789 1838 ritrassono
816 1808 840 1837 a
862 1789 1147 1845 salvamento,
1176 1788 1255 1836 che
1279 1789 1371 1835 Dio
1395 1806 1440 1835 sa
1465 1787 1544 1835 che
1569 1786 1632 1834 fui
1655 1805 1736 1848 per
1758 1786 2003 1834 strozarmi.

189 1866 299 1908 Fece
323 1860 434 1907 male
460 1860 639 1907 Giovan
663 1858 847 1915 Savello,
873 1858 952 1905 che
977 1858 1094 1905 harei
1118 1857 1233 1904 tolto
1257 1857 1355 1904 altri
1379 1857 1423 1903 in
1448 1856 1718 1916 compagnia.
1746 1855 1906 1902 Giunsi
1932 1855 2007 1915 qui

192 1929 287 1976 hier
304 1947 397 1976 sera
416 1938 439 1975 a
459 1942 604 1984 nocte,
625 1927 704 1974 che
726 1928 764 1974 ci
783 1926 969 1987 bisogno
992 1926 1036 1973 di
1054 1927 1131 1987 poi
1152 1925 1240 1973 fare
1260 1925 1299 1972 la
1317 1924 1438 1972 volta
1456 1924 1586 1984 lunga
1604 1942 1683 1985 per
1699 1937 1902 1984 sospecto
1924 1922 2003 1970 che

191 1997 245 2044 da
263 1998 376 2044 Vico
399 2015 491 2043 non
512 1996 615 2043 fussi
637 2009 899 2043 atraversata
914 1994 954 2042 la
973 1995 1042 2041 via
1062 2009 1103 2041 et
1122 1994 1201 2041 che
1223 1993 1455 2041 Giordano
1476 2010 1567 2040 non
1588 1993 1622 2039 si
1645 1991 1846 2048 rifacessi‚
1866 2009 2002 2038 essen-

191 2065 287 2112 dosi
311 2079 490 2112 accorto
511 2064 579 2111 del
603 2078 757 2110 nostro
781 2077 1103 2110 mancamento.
1128 2062 1327 2109 Smontai
1349 2079 1372 2108 a
1393 2079 1487 2108 casa
1506 2061 1604 2107 Pier
1623 2054 1822 2107 Vectorid
1843 2074 1885 2106 et
1904 2058 2001 2106 sub-

191 2135 256 2180 ito
277 2133 441 2179 furono
466 2133 587 2192 quivi
611 2132 751 2192 questi
772 2129 906 2178 Ottol
930 2130 1041 2177 della
1060 2129 1255 2177 Guardia
1276 2147 1299 2176 a
1318 2129 1542 2176 visitarmi.
1567 2132 1620 2175 Et
1643 2129 1689 2174 in
1710 2127 1872 2174 effecto
1892 2126 2004 2174 delle

190 2201 290 2248 loro
317 2200 467 2262 parole
498 2199 642 2247 ricolsi
671 2199 819 2261 quello
848 2198 926 2246 che
954 2199 1052 2246 Pier
1077 2198 1257 2245 Vectori
1283 2215 1453 2258 sempre
1483 2196 1538 2244 ha
1562 2197 1741 2257 scripto,
1771 2195 1851 2243 che
1879 2195 1954 2256 qui
1981 2194 2003 2242 ὲ

192 2284 505 2317 mancamento
524 2268 568 2316 di
588 2268 739 2324 farine,
760 2282 801 2315 et
819 2267 898 2315 che
919 2266 1239 2314 malvolentieri
1259 2267 1293 2313 si
1312 2266 1549 2313 sconciano
1569 2264 1613 2312 di
1631 2265 1791 2311 niente.
1812 2268 1865 2311 Et
1885 2281 2003 2324 aper-

272 2549 284 2563 ²
304 2547 439 2581 Letters
460 2546 697 2587 69-73‚75-82
718 2556 812 2579 were
831 2542 978 2579 written
995 2541 1043 2589 by
1063 2540 1159 2578 Scala
1177 2540 1281 2578 alone
1301 2539 1372 2577 and
1390 2539 1481 2577 with
1498 2540 1601 2576 Piero
1621 2539 1764 2576 Vettori
1782 2537 2003 2586 (Florentine

190 2596 424 2643 commissary
442 2607 477 2632 at
492 2593 762 2642 S.Gi1nignano)
780 2593 878 2631 from
894 2596 963 2631 San
979 2594 1210 2641 Gimignano,
1228 2591 1348 2629 where
1364 2591 1409 2629 he
1425 2590 1494 2628 had
1509 2590 1600 2628 been
1613 2602 1692 2628 sent
1709 2590 1757 2638 by
1771 2589 1834 2627 the
1848 2589 1953 2626 Dieci
1965 2587 2004 2626 ὦ

191 2647 287 2686 Balia
313 2648 351 2684 in
377 2647 559 2685 Florence.
588 2645 693 2684 Colle
717 2645 782 2684 Val
809 2645 926 2683 d'Elsa
951 2659 1021 2683 was
1049 2646 1088 2681 in
1110 2644 1242 2693 danger
1267 2643 1307 2682 of
1329 2643 1451 2692 falling
1475 2655 1515 2681 to
1540 2642 1602 2680 the
1628 2656 1757 2690 enemy
1783 2642 1823 2678 in
1846 2640 1909 2679 the
1933 2654 2008 2678 war

189 2701 381 2749 following
396 2700 459 2739 the
476 2701 579 2738 Pazzi
596 2701 820 2748 Conspiracy
837 2700 876 2736 in
893 2702 991 2743 1478,
1009 2698 1079 2736 and
1093 2697 1188 2736 Scala
1204 2712 1274 2736 was
1289 2709 1368 2735 sent
1382 2709 1421 2735 to
1438 2710 1634 2744 encourage
1649 2695 1712 2733 the
1727 2694 1831 2733 allied
1844 2708 1948 2743 camp
1963 2706 2003 2732 to

189 2768 299 2791 move
314 2753 412 2791 from
428 2755 498 2790 San
515 2753 689 2790 Casciano
706 2764 745 2789 to
762 2754 831 2789 San
846 2752 1078 2799 Gimignano.
1099 2752 1163 2788 On
1176 2749 1238 2788 the
1252 2749 1397 2787 defence
1415 2748 1456 2786 of
1470 2748 1585 2792 Colle,
1601 2747 1705 2792 Scala,
1724 2750 1835 2785 87-90
1851 2749 2002 2793 [55-571,

191 2809 369 2849 Lorenzo,
387 2808 526 2848 Leztere,
545 2808 603 2848 IV,
625 2807 917 2847 183-85,242-44,
936 2802 1181 2846 A.Municchi‚
1200 2801 1352 2839 ‘Alcune
1367 2801 1491 2838 lettere
1508 2800 1640 2837 inedite
1655 2799 1799 2837 relative
1814 2798 1880 2836 alla
1894 2797 2004 2836 difoea

189 2857 227 2895 di
243 2857 372 2901 Colle,’
385 2856 599 2894 Miscellanea
611 2859 734 2893 scorica
747 2855 837 2893 della
854 2854 1005 2892 Valdelsa
1021 2858 1062 2892 10
1077 2853 1203 2902 (1903),
1220 2857 1343 2897 49-55,
1359 2852 1429 2890 and
1443 2853 1532 2890 FDi
1546 2851 1752 2895 Benedeno,
1768 2850 2000 2899 ‘Epigrammi

190 2910 318 2954 latini‚’
335 2913 500 2958 Interpres
517 2912 673 2953 11‚1979‚
695 2911 838 2946 116-34.
858 2907 935 2945 The
951 2908 1084 2945 Dieci's
1099 2906 1218 2944 lettem
1235 2918 1275 2944 to
1292 2905 1388 2943 Scala
1403 2904 1474 2943 and
1488 2905 1632 2942 Vettori
1647 2918 1704 2942 are
1719 2902 1823 2941 listed
1839 2903 1879 2940 in
1895 2901 2000 2946 Scala,

192 2966 234 3000 89
256 2965 339 3008 [73]‚
362 2973 448 2999 note
469 2965 524 3005 78,
546 2961 698 3009 quoting
717 2960 815 2998 from
835 2959 931 2997 their
948 2959 1026 2997 first
1046 2958 1151 2996 letter
1168 2957 1209 2996 of
1230 2961 1268 2996 13
1291 2957 1465 2995 October:
1487 2955 1677 2994 ‘crediamo
1700 2955 1766 2993 che
1784 2954 1819 2992 la
1839 2955 2000 2992 Cresima

192 3026 313 3052 vostra
329 3013 454 3062 doppo
474 3025 599 3062 questo
620 3013 819 3061 baptesimo
839 3011 924 3049 hara
940 3011 1034 3049 facto
1053 3025 1128 3049 uno
1148 3010 1272 3048 buono
1291 3009 1510 3047 christiano.'

272 3067 288 3092 b
307 3072 470 3120 Infantry
487 3073 629 3120 captain
646 3071 687 3109 of
701 3071 764 3109 the
781 3071 901 3118 league
920 3069 961 3108 of
977 3069 1158 3113 Florence,
1177 3068 1292 3106 Milan
1309 3067 1379 3106 and
1395 3068 1538 3105 Venice.

273 3135 286 3149 ⁶
305 3130 539 3169 Condottieri
556 3130 597 3168 of
612 3144 707 3179 pope
725 3131 842 3167 Sixtus
861 3132 908 3167 IV
925 3128 996 3166 and
1013 3128 1099 3176 king
1118 3131 1284 3165 Ferrante
1299 3126 1340 3164 of
1355 3125 1500 3175 Naples.

273 3183 289 3208 ‘¹
307 3191 368 3226 See
387 3201 474 3226 note
491 3188 522 3236 a)
543 3188 667 3225 above.
