<?xml version="1.0" encoding="UTF-8"?>
<!DOCTYPE html PUBLIC "-//W3C//DTD XHTML 1.0 Transitional//EN"
    "http://www.w3.org/TR/xhtml1/DTD/xhtml1-transitional.dtd">
<html xmlns="http://www.w3.org/1999/xhtml" xml:lang="en" lang="en">
 <head>
  <title>
</title>
<meta http-equiv="Content-Type" content="text/html;charset=utf-8" />
  <meta name='ocr-system' content='tesseract 3.04.00' />
  <meta name='ocr-capabilities' content='ocr_page ocr_carea ocr_par ocr_line ocrx_word'/>
</head>
<body>
  <div class='ocr_page' id='page_1' title='image "bartolomeoscalah00scaluoft_0043.png"; bbox 0 0 2106 3444; ppageno 0'>
   <div class='ocr_carea' id='block_1_1' title="bbox 123 169 1927 215">
    <p class='ocr_par' dir='ltr' id='par_1_1' title="bbox 123 169 1927 215">
     <span class='ocr_line' id='line_1_1' title="bbox 123 169 1927 215; baseline -0.007 0"><span class='ocrx_word' id='word_1_1' title='bbox 123 180 354 215; x_wconf 88' lang='lat' dir='ltr'><strong>PRIVATE</strong></span> <span class='ocrx_word' id='word_1_2' title='bbox 380 179 608 213; x_wconf 86' lang='lat' dir='ltr'>LETTERS</span> <span class='ocrx_word' id='word_1_3' title='bbox 1905 169 1927 211; x_wconf 88' lang='lat'><strong>3</strong></span> 
     </span>
    </p>
   </div>
   <div class='ocr_carea' id='block_1_2' title="bbox 496 321 1561 508">
    <p class='ocr_par' dir='ltr' id='par_1_2' title="bbox 496 321 1561 508">
     <span class='ocr_line' id='line_1_2' title="bbox 1018 321 1042 363; baseline 0 0"><span class='ocrx_word' id='word_1_4' title='bbox 1018 321 1042 363; x_wconf 91' lang='lat'>3</span> 
     </span>
     <span class='ocr_line' id='line_1_3' title="bbox 496 391 1561 439; baseline -0.003 -6"><span class='ocrx_word' id='word_1_5' title='bbox 496 393 575 433; x_wconf 90' lang='lat' dir='ltr'><strong>To</strong></span> <span class='ocrx_word' id='word_1_6' title='bbox 598 391 951 433; x_wconf 86' lang='lat' dir='ltr'>SENOFONTE</span> <span class='ocrx_word' id='word_1_7' title='bbox 971 392 1230 431; x_wconf 81' lang='lat' dir='ltr'>FILELFO²</span> <span class='ocrx_word' id='word_1_8' title='bbox 1251 393 1335 439; x_wconf 91' lang='lat' dir='ltr'><strong>[IN</strong></span> <span class='ocrx_word' id='word_1_9' title='bbox 1354 393 1561 439; x_wconf 86' lang='lat' dir='ltr'><strong>MILAN]</strong></span> 
     </span>
     <span class='ocr_line' id='line_1_4' title="bbox 845 461 1212 508; baseline -0.003 -9"><span class='ocrx_word' id='word_1_10' title='bbox 845 461 1064 508; x_wconf 89' lang='lat' dir='ltr'><strong>[Autumn</strong></span> <span class='ocrx_word' id='word_1_11' title='bbox 1089 461 1212 508; x_wconf 85' lang='lat'>1455]</span> 
     </span>
    </p>
   </div>
   <div class='ocr_carea' id='block_1_3' title="bbox 537 551 1520 605">
    <p class='ocr_par' dir='ltr' id='par_1_3' title="bbox 537 551 1520 605">
     <span class='ocr_line' id='line_1_5' title="bbox 537 551 1520 605; baseline -0.002 -11"><span class='ocrx_word' id='word_1_12' title='bbox 537 556 622 601; x_wconf 91' lang='lat' dir='ltr'><strong>Mo,</strong></span> <span class='ocrx_word' id='word_1_13' title='bbox 642 552 709 594; x_wconf 83' lang='lat' dir='ltr'><strong>fol.</strong></span> <span class='ocrx_word' id='word_1_14' title='bbox 730 556 789 593; x_wconf 71' lang='grc' dir='ltr'><strong>ὂν.</strong></span> <span class='ocrx_word' id='word_1_15' title='bbox 809 552 1035 605; x_wconf 86' lang='lat' dir='ltr'><strong>Autograph</strong></span> <span class='ocrx_word' id='word_1_16' title='bbox 1055 551 1165 593; x_wconf 81' lang='lat' dir='ltr'><strong>draft.</strong></span> <span class='ocrx_word' id='word_1_17' title='bbox 1184 551 1296 600; x_wconf 83' lang='lat' dir='ltr'><strong>Scala,</strong></span> <span class='ocrx_word' id='word_1_18' title='bbox 1322 555 1437 592; x_wconf 78' lang='lat'>16-17</span> <span class='ocrx_word' id='word_1_19' title='bbox 1455 555 1520 600; x_wconf 90' lang='lat'>[7].</span> 
     </span>
    </p>
   </div>
   <div class='ocr_carea' id='block_1_4' title="bbox 119 655 1938 1728">
    <p class='ocr_par' dir='ltr' id='par_1_4' title="bbox 119 655 1938 1728">
     <span class='ocr_line' id='line_1_6' title="bbox 123 655 1938 719; baseline -0.002 -13"><span class='ocrx_word' id='word_1_20' title='bbox 123 658 418 719; x_wconf 90' lang='lat' dir='ltr'><strong>Xenophonti</strong></span> <span class='ocrx_word' id='word_1_21' title='bbox 443 656 644 704; x_wconf 87' lang='lat' dir='ltr'><strong>Philelfo.</strong></span> <span class='ocrx_word' id='word_1_22' title='bbox 670 660 740 704; x_wconf 95' lang='lat' dir='ltr'><strong>De</strong></span> <span class='ocrx_word' id='word_1_23' title='bbox 764 657 914 704; x_wconf 90' lang='lat' dir='ltr'><strong>animo</strong></span> <span class='ocrx_word' id='word_1_24' title='bbox 939 657 984 702; x_wconf 93' lang='lat' dir='ltr'><strong>in</strong></span> <span class='ocrx_word' id='word_1_25' title='bbox 1008 674 1078 703; x_wconf 92' lang='lat' dir='ltr'><strong>me</strong></span> <span class='ocrx_word' id='word_1_26' title='bbox 1102 670 1181 703; x_wconf 92' lang='lat' dir='ltr'><strong>tuo</strong></span> <span class='ocrx_word' id='word_1_27' title='bbox 1205 655 1345 717; x_wconf 90' lang='lat' dir='ltr'>deque</span> <span class='ocrx_word' id='word_1_28' title='bbox 1367 670 1517 703; x_wconf 89' lang='lat' dir='ltr'><strong>nostra</strong></span> <span class='ocrx_word' id='word_1_29' title='bbox 1538 673 1641 703; x_wconf 87' lang='lat' dir='ltr'><strong>vera</strong></span> <span class='ocrx_word' id='word_1_30' title='bbox 1662 670 1703 703; x_wconf 93' lang='lat' dir='ltr'><strong>et</strong></span> <span class='ocrx_word' id='word_1_31' title='bbox 1724 670 1938 716; x_wconf 89' lang='lat' dir='ltr'><strong>perpetua</strong></span> 
     </span>
     <span class='ocr_line' id='line_1_7' title="bbox 123 723 1938 786; baseline -0.002 -13"><span class='ocrx_word' id='word_1_32' title='bbox 123 727 316 774; x_wconf 88' lang='lat' dir='ltr'><strong>amicitia</strong></span> <span class='ocrx_word' id='word_1_33' title='bbox 334 725 443 772; x_wconf 86' lang='lat' dir='ltr'><strong>nihil</strong></span> <span class='ocrx_word' id='word_1_34' title='bbox 465 740 527 772; x_wconf 92' lang='lat' dir='ltr'><strong>est</strong></span> <span class='ocrx_word' id='word_1_35' title='bbox 546 724 668 786; x_wconf 93' lang='lat' dir='ltr'><strong>quod</strong></span> <span class='ocrx_word' id='word_1_36' title='bbox 688 724 899 772; x_wconf 89' lang='lat' dir='ltr'><strong>dubitem.</strong></span> <span class='ocrx_word' id='word_1_37' title='bbox 923 724 1051 772; x_wconf 90' lang='lat' dir='ltr'><strong>Illum</strong></span> <span class='ocrx_word' id='word_1_38' title='bbox 1071 725 1190 771; x_wconf 91' lang='lat' dir='ltr'><strong>enim</strong></span> <span class='ocrx_word' id='word_1_39' title='bbox 1209 725 1310 771; x_wconf 92' lang='lat' dir='ltr'><strong>satis</strong></span> <span class='ocrx_word' id='word_1_40' title='bbox 1326 741 1541 785; x_wconf 88' lang='lat' dir='ltr'>superque</span> <span class='ocrx_word' id='word_1_41' title='bbox 1561 738 1637 771; x_wconf 92' lang='lat' dir='ltr'><strong>tua</strong></span> <span class='ocrx_word' id='word_1_42' title='bbox 1655 724 1701 770; x_wconf 92' lang='lat' dir='ltr'><strong>in</strong></span> <span class='ocrx_word' id='word_1_43' title='bbox 1722 741 1792 771; x_wconf 91' lang='lat' dir='ltr'><strong>me</strong></span> <span class='ocrx_word' id='word_1_44' title='bbox 1811 723 1938 771; x_wconf 93' lang='lat' dir='ltr'><strong>bene-</strong></span> 
     </span>
     <span class='ocr_line' id='line_1_8' title="bbox 123 790 1938 868; baseline -0.001 -27"><span class='ocrx_word' id='word_1_45' title='bbox 123 794 224 842; x_wconf 86' lang='lat' dir='ltr'><strong>ficia</strong></span> <span class='ocrx_word' id='word_1_46' title='bbox 248 793 550 841; x_wconf 90' lang='lat' dir='ltr'><strong>ostenderunt.</strong></span> <span class='ocrx_word' id='word_1_47' title='bbox 578 793 789 840; x_wconf 84' lang='lat' dir='ltr'><strong>Amicitia</strong></span> <span class='ocrx_word' id='word_1_48' title='bbox 814 807 961 839; x_wconf 92' lang='lat' dir='ltr'><strong>autem</strong></span> <span class='ocrx_word' id='word_1_49' title='bbox 987 791 1051 839; x_wconf 86' lang='lat' dir='ltr'><strong>his</strong></span> <span class='ocrx_word' id='word_1_50' title='bbox 1078 792 1188 838; x_wconf 90' lang='lat' dir='ltr'><strong>mihi</strong></span> <span class='ocrx_word' id='word_1_51' title='bbox 1212 791 1388 839; x_wconf 92' lang='lat' dir='ltr'><strong>videtur</strong></span> <span class='ocrx_word' id='word_1_52' title='bbox 1411 790 1522 839; x_wconf 83' lang='lat' dir='ltr'><strong>ortal</strong></span> <span class='ocrx_word' id='word_1_53' title='bbox 1547 791 1867 868; x_wconf 83' lang='lat' dir='ltr'><strong>fundamentis,</strong></span> <span class='ocrx_word' id='word_1_54' title='bbox 1889 809 1938 839; x_wconf 89' lang='lat' dir='ltr'><strong>ea</strong></span> 
     </span>
     <span class='ocr_line' id='line_1_9' title="bbox 123 857 1935 921; baseline -0.002 -12"><span class='ocrx_word' id='word_1_55' title='bbox 123 859 428 909; x_wconf 86' lang='lat' dir='ltr'><strong>corroborata²</strong></span> <span class='ocrx_word' id='word_1_56' title='bbox 457 860 790 916; x_wconf 90' lang='lat' dir='ltr'><strong>consuetudine,</strong></span> <span class='ocrx_word' id='word_1_57' title='bbox 818 874 866 907; x_wconf 94' lang='lat' dir='ltr'><strong>ut</strong></span> <span class='ocrx_word' id='word_1_58' title='bbox 894 860 1168 921; x_wconf 87' lang='lat' dir='ltr'><strong>Aristippeae</strong></span> <span class='ocrx_word' id='word_1_59' title='bbox 1198 859 1260 906; x_wconf 92' lang='lat' dir='ltr'><strong>illi</strong></span> <span class='ocrx_word' id='word_1_60' title='bbox 1287 874 1329 907; x_wconf 91' lang='lat' dir='ltr'><strong>et</strong></span> <span class='ocrx_word' id='word_1_61' title='bbox 1355 860 1641 907; x_wconf 87' lang='lat' dir='ltr'><strong>mercatoriae</strong></span> <span class='ocrx_word' id='word_1_62' title='bbox 1670 859 1771 920; x_wconf 92' lang='lat' dir='ltr'><strong>(hoc</strong></span> <span class='ocrx_word' id='word_1_63' title='bbox 1798 857 1935 906; x_wconf 81' lang='lat' dir='ltr'><strong>enim³</strong></span> 
     </span>
     <span class='ocr_line' id='line_1_10' title="bbox 123 926 1935 1021; baseline -0.002 -44"><span class='ocrx_word' id='word_1_64' title='bbox 123 930 233 977; x_wconf 91' lang='lat' dir='ltr'><strong>mihi</strong></span> <span class='ocrx_word' id='word_1_65' title='bbox 257 948 425 977; x_wconf 92' lang='lat' dir='ltr'><strong>nomen</strong></span> <span class='ocrx_word' id='word_1_66' title='bbox 447 928 690 976; x_wconf 92' lang='lat' dir='ltr'><strong>admodum</strong></span> <span class='ocrx_word' id='word_1_67' title='bbox 710 928 868 990; x_wconf 90' lang='lat' dir='ltr'><strong>placet)</strong></span> <span class='ocrx_word' id='word_1_68' title='bbox 889 927 1188 1021; x_wconf 57' lang='lat' dir='ltr'><strong>perdissimiSIis</strong></span> <span class='ocrx_word' id='word_1_69' title='bbox 1213 926 1423 975; x_wconf 81' lang='lat' dir='ltr'><strong>omnino⁴</strong></span> <span class='ocrx_word' id='word_1_70' title='bbox 1441 929 1495 975; x_wconf 93' lang='lat' dir='ltr'><strong>sit</strong></span> <span class='ocrx_word' id='word_1_71' title='bbox 1518 927 1677 975; x_wconf 86' lang='lat' dir='ltr'><strong>futura</strong></span> <span class='ocrx_word' id='word_1_72' title='bbox 1701 927 1874 987; x_wconf 88' lang='lat' dir='ltr'><strong>Quod</strong></span> <span class='ocrx_word' id='word_1_73' title='bbox 1863 928 1935 988; x_wconf 82' lang='lat' dir='ltr'><strong>igi-</strong></span> 
     </span>
     <span class='ocr_line' id='line_1_11' title="bbox 122 994 1938 1058; baseline -0.002 -12"><span class='ocrx_word' id='word_1_74' title='bbox 122 1013 196 1047; x_wconf 92' lang='lat' dir='ltr'><strong>tur</strong></span> <span class='ocrx_word' id='word_1_75' title='bbox 214 1014 257 1046; x_wconf 91' lang='lat' dir='ltr'><strong>te</strong></span> <span class='ocrx_word' id='word_1_76' title='bbox 277 1016 453 1046; x_wconf 86' lang='lat' dir='ltr'><strong>excuses</strong></span> <span class='ocrx_word' id='word_1_77' title='bbox 473 998 657 1044; x_wconf 91' lang='lat' dir='ltr'><strong>minime</strong></span> <span class='ocrx_word' id='word_1_78' title='bbox 679 1015 789 1058; x_wconf 93' lang='lat' dir='ltr'><strong>opus</strong></span> <span class='ocrx_word' id='word_1_79' title='bbox 812 1011 889 1054; x_wconf 85' lang='lat' dir='ltr'><strong>est3</strong></span> <span class='ocrx_word' id='word_1_80' title='bbox 910 998 990 1044; x_wconf 91' lang='lat' dir='ltr'><strong>etsi</strong></span> <span class='ocrx_word' id='word_1_81' title='bbox 1010 994 1147 1044; x_wconf 85' lang='lat' dir='ltr'><strong>enim⁵</strong></span> <span class='ocrx_word' id='word_1_82' title='bbox 1169 997 1282 1044; x_wconf 91' lang='lat' dir='ltr'><strong>muti</strong></span> <span class='ocrx_word' id='word_1_83' title='bbox 1303 996 1436 1044; x_wconf 91' lang='lat' dir='ltr'><strong>ambo</strong></span> <span class='ocrx_word' id='word_1_84' title='bbox 1456 1014 1630 1057; x_wconf 89' lang='lat' dir='ltr'><strong>semper</strong></span> <span class='ocrx_word' id='word_1_85' title='bbox 1650 1014 1852 1053; x_wconf 89' lang='lat' dir='ltr'><strong>essemus,</strong></span> <span class='ocrx_word' id='word_1_86' title='bbox 1877 997 1938 1042; x_wconf 89' lang='lat' dir='ltr'><strong>ni-</strong></span> 
     </span>
     <span class='ocr_line' id='line_1_12' title="bbox 124 1062 1936 1143; baseline -0.001 -29"><span class='ocrx_word' id='word_1_87' title='bbox 124 1067 183 1114; x_wconf 95' lang='lat' dir='ltr'><strong>hil</strong></span> <span class='ocrx_word' id='word_1_88' title='bbox 206 1082 357 1114; x_wconf 88' lang='lat' dir='ltr'><strong>tamen</strong></span> <span class='ocrx_word' id='word_1_89' title='bbox 375 1080 579 1143; x_wconf 81' lang='lat' dir='ltr'><strong>putarem</strong></span> <span class='ocrx_word' id='word_1_90' title='bbox 601 1083 655 1113; x_wconf 89' lang='lat' dir='ltr'><strong>ne</strong></span> <span class='ocrx_word' id='word_1_91' title='bbox 676 1066 817 1113; x_wconf 92' lang='lat' dir='ltr'><strong>minui</strong></span> <span class='ocrx_word' id='word_1_92' title='bbox 842 1062 1039 1142; x_wconf 85' lang='lat' dir='ltr'><strong>quidem⁶</strong></span> <span class='ocrx_word' id='word_1_93' title='bbox 1060 1083 1112 1112; x_wconf 87' lang='lat' dir='ltr'><strong>ex</strong></span> <span class='ocrx_word' id='word_1_94' title='bbox 1133 1083 1282 1112; x_wconf 89' lang='lat' dir='ltr'><strong>amore</strong></span> <span class='ocrx_word' id='word_1_95' title='bbox 1305 1079 1459 1112; x_wconf 93' lang='lat' dir='ltr'><strong>nostro</strong></span> <span class='ocrx_word' id='word_1_96' title='bbox 1478 1082 1676 1126; x_wconf 91' lang='lat' dir='ltr'><strong>unquam</strong></span> <span class='ocrx_word' id='word_1_97' title='bbox 1695 1082 1836 1126; x_wconf 90' lang='lat' dir='ltr'><strong>posse.</strong></span> <span class='ocrx_word' id='word_1_98' title='bbox 1861 1069 1936 1112; x_wconf 89' lang='lat' dir='ltr'><strong>Est</strong></span> 
     </span>
     <span class='ocr_line' id='line_1_13' title="bbox 122 1133 1937 1195; baseline -0.001 -13"><span class='ocrx_word' id='word_1_99' title='bbox 122 1150 273 1183; x_wconf 91' lang='lat' dir='ltr'><strong>tamen</strong></span> <span class='ocrx_word' id='word_1_100' title='bbox 290 1135 431 1182; x_wconf 91' lang='lat' dir='ltr'><strong>mihi</strong></span> <span class='ocrx_word' id='word_1_101' title='bbox 420 1149 500 1182; x_wconf 80' lang='lat' dir='ltr'><strong>ista</strong></span> <span class='ocrx_word' id='word_1_102' title='bbox 516 1149 592 1182; x_wconf 87' lang='lat' dir='ltr'><strong>tua</strong></span> <span class='ocrx_word' id='word_1_103' title='bbox 609 1135 831 1182; x_wconf 90' lang='lat' dir='ltr'><strong>excusatio</strong></span> <span class='ocrx_word' id='word_1_104' title='bbox 847 1134 1088 1195; x_wconf 89' lang='lat' dir='ltr'><strong>gratissima</strong></span> <span class='ocrx_word' id='word_1_105' title='bbox 1104 1134 1139 1181; x_wconf 93' lang='lat' dir='ltr'><strong>si</strong></span> <span class='ocrx_word' id='word_1_106' title='bbox 1158 1133 1337 1195; x_wconf 92' lang='lat' dir='ltr'><strong>quidem</strong></span> <span class='ocrx_word' id='word_1_107' title='bbox 1354 1134 1491 1181; x_wconf 91' lang='lat' dir='ltr'><strong>tacito</strong></span> <span class='ocrx_word' id='word_1_108' title='bbox 1507 1133 1787 1181; x_wconf 87' lang='lat' dir='ltr'><strong>crebritatem</strong></span> <span class='ocrx_word' id='word_1_109' title='bbox 1805 1151 1937 1194; x_wconf 89' lang='lat' dir='ltr'><strong>quan-</strong></span> 
     </span>
     <span class='ocr_line' id='line_1_14' title="bbox 122 1201 1937 1264; baseline -0.001 -13"><span class='ocrx_word' id='word_1_110' title='bbox 122 1204 224 1252; x_wconf 89' lang='lat' dir='ltr'><strong>dam</strong></span> <span class='ocrx_word' id='word_1_111' title='bbox 251 1203 536 1264; x_wconf 91' lang='lat' dir='ltr'><strong>epistolarum</strong></span> <span class='ocrx_word' id='word_1_112' title='bbox 563 1202 812 1263; x_wconf 88' lang='lat' dir='ltr'><strong>pollicetur,</strong></span> <span class='ocrx_word' id='word_1_113' title='bbox 840 1202 997 1263; x_wconf 92' lang='lat' dir='ltr'><strong>quibus</strong></span> <span class='ocrx_word' id='word_1_114' title='bbox 1026 1202 1276 1250; x_wconf 87' lang='lat' dir='ltr'><strong>absentibus</strong></span> <span class='ocrx_word' id='word_1_115' title='bbox 1304 1216 1346 1249; x_wconf 90' lang='lat' dir='ltr'><strong>et</strong></span> <span class='ocrx_word' id='word_1_116' title='bbox 1371 1202 1597 1249; x_wconf 92' lang='lat' dir='ltr'><strong>disiunctis</strong></span> <span class='ocrx_word' id='word_1_117' title='bbox 1626 1202 1741 1249; x_wconf 91' lang='lat' dir='ltr'><strong>inter</strong></span> <span class='ocrx_word' id='word_1_118' title='bbox 1764 1220 1807 1249; x_wconf 93' lang='lat' dir='ltr'><strong>se</strong></span> <span class='ocrx_word' id='word_1_119' title='bbox 1834 1201 1937 1249; x_wconf 91' lang='lat' dir='ltr'><strong>loco</strong></span> 
     </span>
     <span class='ocr_line' id='line_1_15' title="bbox 122 1270 1937 1331; baseline -0.002 -12"><span class='ocrx_word' id='word_1_120' title='bbox 122 1273 273 1320; x_wconf 89' lang='lat' dir='ltr'><strong>amicis</strong></span> <span class='ocrx_word' id='word_1_121' title='bbox 302 1272 477 1319; x_wconf 89' lang='lat' dir='ltr'><strong>evenire</strong></span> <span class='ocrx_word' id='word_1_122' title='bbox 505 1270 737 1318; x_wconf 90' lang='lat' dir='ltr'><strong>iucundius</strong></span> <span class='ocrx_word' id='word_1_123' title='bbox 768 1271 956 1318; x_wconf 93' lang='lat' dir='ltr'><strong>omnino</strong></span> <span class='ocrx_word' id='word_1_124' title='bbox 986 1270 1095 1317; x_wconf 92' lang='lat' dir='ltr'><strong>nihil</strong></span> <span class='ocrx_word' id='word_1_125' title='bbox 1124 1285 1283 1331; x_wconf 90' lang='lat' dir='ltr'><strong>potest.</strong></span> <span class='ocrx_word' id='word_1_126' title='bbox 1314 1273 1383 1317; x_wconf 92' lang='lat' dir='ltr'><strong>De</strong></span> <span class='ocrx_word' id='word_1_127' title='bbox 1412 1270 1798 1331; x_wconf 90' lang='lat' dir='ltr'><strong>quinternionibus</strong></span> <span class='ocrx_word' id='word_1_128' title='bbox 1829 1271 1937 1317; x_wconf 91' lang='lat' dir='ltr'><strong>Dio-</strong></span> 
     </span>
     <span class='ocr_line' id='line_1_16' title="bbox 122 1334 1938 1400; baseline -0.002 -13"><span class='ocrx_word' id='word_1_129' title='bbox 122 1334 240 1387; x_wconf 84' lang='lat' dir='ltr'><strong>dorib</strong></span> <span class='ocrx_word' id='word_1_130' title='bbox 272 1339 395 1400; x_wconf 93' lang='lat' dir='ltr'><strong>quod</strong></span> <span class='ocrx_word' id='word_1_131' title='bbox 425 1339 590 1395; x_wconf 88' lang='lat' dir='ltr'><strong>scribis,</strong></span> <span class='ocrx_word' id='word_1_132' title='bbox 625 1357 718 1386; x_wconf 91' lang='lat' dir='ltr'><strong>non</strong></span> <span class='ocrx_word' id='word_1_133' title='bbox 746 1353 892 1399; x_wconf 91' lang='lat' dir='ltr'><strong>potest</strong></span> <span class='ocrx_word' id='word_1_134' title='bbox 924 1356 1012 1386; x_wconf 92' lang='lat' dir='ltr'><strong>esse</strong></span> <span class='ocrx_word' id='word_1_135' title='bbox 1043 1356 1135 1385; x_wconf 93' lang='lat' dir='ltr'><strong>non</strong></span> <span class='ocrx_word' id='word_1_136' title='bbox 1167 1338 1417 1386; x_wconf 89' lang='lat' dir='ltr'><strong>molestum.</strong></span> <span class='ocrx_word' id='word_1_137' title='bbox 1453 1338 1663 1385; x_wconf 89' lang='lat' dir='ltr'><strong>Arbitror</strong></span> <span class='ocrx_word' id='word_1_138' title='bbox 1693 1337 1790 1385; x_wconf 93' lang='lat' dir='ltr'><strong>illos</strong></span> <span class='ocrx_word' id='word_1_139' title='bbox 1822 1339 1938 1385; x_wconf 92' lang='lat' dir='ltr'><strong>inter</strong></span> 
     </span>
     <span class='ocr_line' id='line_1_17' title="bbox 119 1406 1936 1469; baseline -0.001 -14"><span class='ocrx_word' id='word_1_140' title='bbox 119 1409 256 1469; x_wconf 89' lang='lat' dir='ltr'><strong>patris</strong></span> <span class='ocrx_word' id='word_1_141' title='bbox 290 1407 463 1455; x_wconf 89' lang='lat' dir='ltr'><strong>codices</strong></span> <span class='ocrx_word' id='word_1_142' title='bbox 494 1407 642 1463; x_wconf 90' lang='lat' dir='ltr'><strong>latere,</strong></span> <span class='ocrx_word' id='word_1_143' title='bbox 675 1421 723 1454; x_wconf 93' lang='lat' dir='ltr'><strong>ut</strong></span> <span class='ocrx_word' id='word_1_144' title='bbox 756 1406 902 1454; x_wconf 90' lang='lat' dir='ltr'><strong>scribo</strong></span> <span class='ocrx_word' id='word_1_145' title='bbox 935 1406 990 1454; x_wconf 89' lang='lat' dir='ltr'><strong>ad</strong></span> <span class='ocrx_word' id='word_1_146' title='bbox 1022 1406 1145 1454; x_wconf 93' lang='lat' dir='ltr'><strong>illum</strong></span> <span class='ocrx_word' id='word_1_147' title='bbox 1182 1424 1371 1468; x_wconf 91' lang='lat' dir='ltr'><strong>quoque.</strong></span> <span class='ocrx_word' id='word_1_148' title='bbox 1406 1411 1527 1454; x_wconf 91' lang='lat' dir='ltr'><strong>Nam</strong></span> <span class='ocrx_word' id='word_1_149' title='bbox 1563 1424 1644 1467; x_wconf 91' lang='lat' dir='ltr'><strong>ego</strong></span> <span class='ocrx_word' id='word_1_150' title='bbox 1678 1406 1858 1467; x_wconf 92' lang='lat' dir='ltr'><strong>quidem</strong></span> <span class='ocrx_word' id='word_1_151' title='bbox 1891 1406 1936 1453; x_wconf 90' lang='lat' dir='ltr'><strong>id</strong></span> 
     </span>
     <span class='ocr_line' id='line_1_18' title="bbox 121 1472 1936 1536; baseline -0.001 -13"><span class='ocrx_word' id='word_1_152' title='bbox 121 1476 344 1524; x_wconf 82' lang='lat' dir='ltr'><strong>affirmare</strong></span> <span class='ocrx_word' id='word_1_153' title='bbox 365 1493 560 1536; x_wconf 89' lang='lat' dir='ltr'><strong>possum,</strong></span> <span class='ocrx_word' id='word_1_154' title='bbox 586 1493 666 1536; x_wconf 91' lang='lat' dir='ltr'><strong>per</strong></span> <span class='ocrx_word' id='word_1_155' title='bbox 688 1493 843 1522; x_wconf 90' lang='lat' dir='ltr'><strong>omnes</strong></span> <span class='ocrx_word' id='word_1_156' title='bbox 867 1475 972 1522; x_wconf 90' lang='lat' dir='ltr'><strong>deos</strong></span> <span class='ocrx_word' id='word_1_157' title='bbox 994 1489 1036 1522; x_wconf 94' lang='lat' dir='ltr'><strong>et</strong></span> <span class='ocrx_word' id='word_1_158' title='bbox 1056 1493 1137 1536; x_wconf 93' lang='lat' dir='ltr'><strong>per</strong></span> <span class='ocrx_word' id='word_1_159' title='bbox 1157 1489 1482 1522; x_wconf 89' lang='lat' dir='ltr'><strong>sacrosanctum</strong></span> <span class='ocrx_word' id='word_1_160' title='bbox 1507 1489 1636 1535; x_wconf 91' lang='lat' dir='ltr'><strong>atque</strong></span> <span class='ocrx_word' id='word_1_161' title='bbox 1660 1472 1936 1522; x_wconf 90' lang='lat' dir='ltr'><strong>inviolabile⁷</strong></span> 
     </span>
     <span class='ocr_line' id='line_1_19' title="bbox 122 1542 1938 1604; baseline -0.001 -13"><span class='ocrx_word' id='word_1_162' title='bbox 122 1545 339 1592; x_wconf 82' lang='lat' dir='ltr'><strong>amicitiae</strong></span> <span class='ocrx_word' id='word_1_163' title='bbox 363 1544 441 1600; x_wconf 88' lang='lat' dir='ltr'><strong>ius,</strong></span> <span class='ocrx_word' id='word_1_164' title='bbox 468 1561 623 1590; x_wconf 92' lang='lat' dir='ltr'><strong>omnes</strong></span> <span class='ocrx_word' id='word_1_165' title='bbox 650 1544 883 1590; x_wconf 90' lang='lat' dir='ltr'><strong>restituisse</strong></span> <span class='ocrx_word' id='word_1_166' title='bbox 910 1561 1020 1604; x_wconf 92' lang='lat' dir='ltr'><strong>quos</strong></span> <span class='ocrx_word' id='word_1_167' title='bbox 1045 1544 1300 1604; x_wconf 88' lang='lat' dir='ltr'><strong>acceperim.</strong></span> <span class='ocrx_word' id='word_1_168' title='bbox 1325 1542 1485 1599; x_wconf 89' lang='lat' dir='ltr'><strong>Velim,</strong></span> <span class='ocrx_word' id='word_1_169' title='bbox 1512 1543 1547 1590; x_wconf 93' lang='lat' dir='ltr'><strong>si</strong></span> <span class='ocrx_word' id='word_1_170' title='bbox 1571 1560 1642 1590; x_wconf 93' lang='lat' dir='ltr'><strong>me</strong></span> <span class='ocrx_word' id='word_1_171' title='bbox 1667 1560 1798 1599; x_wconf 88' lang='lat' dir='ltr'><strong>amas,</strong></span> <span class='ocrx_word' id='word_1_172' title='bbox 1823 1543 1938 1603; x_wconf 90' lang='lat' dir='ltr'><strong>patri</strong></span> 
     </span>
     <span class='ocr_line' id='line_1_20' title="bbox 120 1609 1934 1674; baseline -0.002 -14"><span class='ocrx_word' id='word_1_173' title='bbox 120 1611 379 1674; x_wconf 85' lang='lat' dir='ltr'><strong>persuadeas</strong></span> <span class='ocrx_word' id='word_1_174' title='bbox 399 1626 448 1659; x_wconf 91' lang='lat' dir='ltr'><strong>ut</strong></span> <span class='ocrx_word' id='word_1_175' title='bbox 471 1609 757 1672; x_wconf 83' lang='lat' dir='ltr'><strong>sagacissime⁸</strong></span> <span class='ocrx_word' id='word_1_176' title='bbox 782 1611 879 1658; x_wconf 93' lang='lat' dir='ltr'><strong>illos</strong></span> <span class='ocrx_word' id='word_1_177' title='bbox 900 1612 1095 1672; x_wconf 88' lang='lat' dir='ltr'><strong>vestiget.</strong></span> <span class='ocrx_word' id='word_1_178' title='bbox 1119 1615 1173 1658; x_wconf 90' lang='lat' dir='ltr'><strong>Et</strong></span> <span class='ocrx_word' id='word_1_179' title='bbox 1196 1629 1296 1658; x_wconf 91' lang='lat' dir='ltr'><strong>cum</strong></span> <span class='ocrx_word' id='word_1_180' title='bbox 1322 1612 1490 1658; x_wconf 92' lang='lat' dir='ltr'><strong>inventi</strong></span> <span class='ocrx_word' id='word_1_181' title='bbox 1512 1610 1690 1667; x_wconf 86' lang='lat' dir='ltr'><strong>fuerint,</strong></span> <span class='ocrx_word' id='word_1_182' title='bbox 1713 1610 1843 1658; x_wconf 84' lang='lat' dir='ltr'><strong>facias</strong></span> <span class='ocrx_word' id='word_1_183' title='bbox 1864 1628 1934 1658; x_wconf 93' lang='lat' dir='ltr'><strong>me</strong></span> 
     </span>
     <span class='ocr_line' id='line_1_21' title="bbox 120 1679 684 1728; baseline -0.002 0"><span class='ocrx_word' id='word_1_184' title='bbox 120 1681 270 1728; x_wconf 90' lang='lat' dir='ltr'><strong>statim</strong></span> <span class='ocrx_word' id='word_1_185' title='bbox 293 1681 541 1728; x_wconf 88' lang='lat' dir='ltr'><strong>certiorem.</strong></span> <span class='ocrx_word' id='word_1_186' title='bbox 563 1679 684 1727; x_wconf 88' lang='lat' dir='ltr'><strong>Vale.</strong></span> 
     </span>
    </p>
   </div>
   <div class='ocr_carea' id='block_1_5' title="bbox 465 1823 1590 2014">
    <p class='ocr_par' dir='ltr' id='par_1_5' title="bbox 465 1823 1590 2014">
     <span class='ocr_line' id='line_1_22' title="bbox 1018 1823 1044 1863; baseline 0 -10"><span class='ocrx_word' id='word_1_187' title='bbox 1018 1823 1044 1863; x_wconf 91' lang='lat'>4</span> 
     </span>
     <span class='ocr_line' id='line_1_23' title="bbox 465 1893 1590 1933; baseline -0.001 0"><span class='ocrx_word' id='word_1_188' title='bbox 465 1893 543 1933; x_wconf 92' lang='lat' dir='ltr'><strong>TO</strong></span> <span class='ocrx_word' id='word_1_189' title='bbox 567 1894 808 1933; x_wconf 89' lang='lat' dir='ltr'><strong>SANDRO</strong></span> <span class='ocrx_word' id='word_1_190' title='bbox 831 1893 1235 1933; x_wconf 71' lang='lat' dir='ltr'><strong>PAGAGNOTTI&#39;¹</strong></span> <span class='ocrx_word' id='word_1_191' title='bbox 1257 1895 1322 1933; x_wconf 95' lang='lat' dir='ltr'><strong>IN</strong></span> <span class='ocrx_word' id='word_1_192' title='bbox 1342 1893 1590 1933; x_wconf 89' lang='lat' dir='ltr'>TREBBIO</span> 
     </span>
     <span class='ocr_line' id='line_1_24' title="bbox 730 1960 1326 2014; baseline 0.002 -14"><span class='ocrx_word' id='word_1_193' title='bbox 730 1960 956 2008; x_wconf 88' lang='lat' dir='ltr'><strong>Florence,</strong></span> <span class='ocrx_word' id='word_1_194' title='bbox 979 1964 1000 2001; x_wconf 88' lang='lat'>6</span> <span class='ocrx_word' id='word_1_195' title='bbox 1022 1963 1196 2014; x_wconf 85' lang='lat' dir='ltr'><strong>August</strong></span> <span class='ocrx_word' id='word_1_196' title='bbox 1220 1964 1326 2002; x_wconf 90' lang='lat'>1457</span> 
     </span>
    </p>
   </div>
   <div class='ocr_carea' id='block_1_6' title="bbox 204 2054 1852 2164">
    <p class='ocr_par' dir='ltr' id='par_1_6' title="bbox 204 2054 1852 2164">
     <span class='ocr_line' id='line_1_25' title="bbox 204 2054 1852 2108; baseline -0.001 -12"><span class='ocrx_word' id='word_1_197' title='bbox 204 2057 308 2104; x_wconf 81' lang='lat' dir='ltr'>ASF,</span> <span class='ocrx_word' id='word_1_198' title='bbox 331 2057 445 2095; x_wconf 91' lang='lat' dir='ltr'><strong>MAP</strong></span> <span class='ocrx_word' id='word_1_199' title='bbox 469 2058 614 2103; x_wconf 86' lang='lat'>98‚281.</span> <span class='ocrx_word' id='word_1_200' title='bbox 639 2054 824 2108; x_wconf 85' lang='lat' dir='ltr'><strong>Original.</strong></span> <span class='ocrx_word' id='word_1_201' title='bbox 849 2055 1087 2108; x_wconf 87' lang='lat' dir='ltr'><strong>Autograph.</strong></span> <span class='ocrx_word' id='word_1_202' title='bbox 1117 2058 1233 2096; x_wconf 80' lang='lat' dir='ltr'><strong>Verso:</strong></span> <span class='ocrx_word' id='word_1_203' title='bbox 1259 2054 1414 2096; x_wconf 84' lang='lat' dir='ltr'><strong>‘Sandro</strong></span> <span class='ocrx_word' id='word_1_204' title='bbox 1439 2054 1477 2095; x_wconf 94' lang='lat' dir='ltr'><strong>di</strong></span> <span class='ocrx_word' id='word_1_205' title='bbox 1500 2056 1609 2096; x_wconf 90' lang='lat' dir='ltr'><strong>Piero</strong></span> <span class='ocrx_word' id='word_1_206' title='bbox 1634 2056 1755 2095; x_wconf 87' lang='lat' dir='ltr'><strong>amico</strong></span> <span class='ocrx_word' id='word_1_207' title='bbox 1780 2055 1852 2095; x_wconf 86' lang='lat' dir='ltr'><strong>sin-</strong></span> 
     </span>
     <span class='ocr_line' id='line_1_26' title="bbox 205 2111 917 2164; baseline 0 -12"><span class='ocrx_word' id='word_1_208' title='bbox 205 2111 335 2164; x_wconf 86' lang='lat' dir='ltr'><strong>gulari.</strong></span> <span class='ocrx_word' id='word_1_209' title='bbox 356 2114 395 2151; x_wconf 92' lang='lat' dir='ltr'>A</span> <span class='ocrx_word' id='word_1_210' title='bbox 415 2111 609 2152; x_wconf 89' lang='lat' dir='ltr'><strong>Trebbio.’</strong></span> <span class='ocrx_word' id='word_1_211' title='bbox 628 2111 741 2159; x_wconf 84' lang='lat' dir='ltr'><strong>Scala,</strong></span> <span class='ocrx_word' id='word_1_212' title='bbox 763 2114 808 2150; x_wconf 85' lang='lat'><strong>22</strong></span> <span class='ocrx_word' id='word_1_213' title='bbox 828 2114 917 2160; x_wconf 91' lang='lat'>[17].</span> 
     </span>
    </p>
   </div>
   <div class='ocr_carea' id='block_1_7' title="bbox 119 2209 1937 2547">
    <p class='ocr_par' dir='ltr' id='par_1_7' title="bbox 119 2209 1937 2547">
     <span class='ocr_line' id='line_1_27' title="bbox 120 2209 1935 2263; baseline 0 0"><span class='ocrx_word' id='word_1_214' title='bbox 120 2217 280 2263; x_wconf 91' lang='lat' dir='ltr'><strong>Vorrei</strong></span> <span class='ocrx_word' id='word_1_215' title='bbox 303 2216 539 2263; x_wconf 88' lang='lat' dir='ltr'><strong>m&#39;avisassi</strong></span> <span class='ocrx_word' id='word_1_216' title='bbox 562 2234 605 2263; x_wconf 92' lang='lat' dir='ltr'><strong>se</strong></span> <span class='ocrx_word' id='word_1_217' title='bbox 627 2215 668 2263; x_wconf 90' lang='lat' dir='ltr'><strong>la</strong></span> <span class='ocrx_word' id='word_1_218' title='bbox 689 2215 844 2263; x_wconf 92' lang='lat' dir='ltr'><strong>ricolta</strong></span> <span class='ocrx_word' id='word_1_219' title='bbox 865 2215 909 2263; x_wconf 93' lang='lat' dir='ltr'><strong>di</strong></span> <span class='ocrx_word' id='word_1_220' title='bbox 930 2215 1120 2263; x_wconf 70' lang='lat' dir='ltr'><strong>costassu</strong></span> <span class='ocrx_word' id='word_1_221' title='bbox 1143 2215 1188 2263; x_wconf 93' lang='lat' dir='ltr'><strong>di</strong></span> <span class='ocrx_word' id='word_1_222' title='bbox 1209 2220 1412 2263; x_wconf 92' lang='lat' dir='ltr'><strong>Lorenzo</strong></span> <span class='ocrx_word' id='word_1_223' title='bbox 1436 2215 1480 2263; x_wconf 94' lang='lat' dir='ltr'><strong>di</strong></span> <span class='ocrx_word' id='word_1_224' title='bbox 1502 2209 1670 2263; x_wconf 86' lang='lat' dir='ltr'><strong>Crescib</strong></span> <span class='ocrx_word' id='word_1_225' title='bbox 1693 2215 1787 2263; x_wconf 88' lang='lat' dir='ltr'><strong>vale</strong></span> <span class='ocrx_word' id='word_1_226' title='bbox 1808 2230 1935 2263; x_wconf 87' lang='lat' dir='ltr'><strong>tanto</strong></span> 
     </span>
     <span class='ocr_line' id='line_1_28' title="bbox 122 2283 1933 2344; baseline 0 -13"><span class='ocrx_word' id='word_1_227' title='bbox 122 2283 202 2331; x_wconf 91' lang='lat' dir='ltr'><strong>che</strong></span> <span class='ocrx_word' id='word_1_228' title='bbox 229 2283 434 2331; x_wconf 89' lang='lat' dir='ltr'><strong>havendo</strong></span> <span class='ocrx_word' id='word_1_229' title='bbox 459 2284 534 2330; x_wconf 92' lang='lat' dir='ltr'><strong>noi</strong></span> <span class='ocrx_word' id='word_1_230' title='bbox 561 2283 746 2344; x_wconf 76' lang='lat' dir='ltr'><strong>quaggiu</strong></span> <span class='ocrx_word' id='word_1_231' title='bbox 772 2285 972 2331; x_wconf 89' lang='lat' dir='ltr'><strong>contanti</strong></span> <span class='ocrx_word' id='word_1_232' title='bbox 996 2289 1051 2330; x_wconf 86' lang='lat'><strong>20</strong></span> <span class='ocrx_word' id='word_1_233' title='bbox 1075 2283 1225 2331; x_wconf 87' lang='lat' dir='ltr'><strong>fiorini</strong></span> <span class='ocrx_word' id='word_1_234' title='bbox 1251 2283 1433 2331; x_wconf 86' lang='lat' dir='ltr'><strong>fussimo</strong></span> <span class='ocrx_word' id='word_1_235' title='bbox 1457 2285 1602 2344; x_wconf 90' lang='lat' dir='ltr'><strong>pagati</strong></span> <span class='ocrx_word' id='word_1_236' title='bbox 1627 2283 1739 2331; x_wconf 90' lang='lat' dir='ltr'><strong>della</strong></span> <span class='ocrx_word' id='word_1_237' title='bbox 1760 2302 1933 2331; x_wconf 87' lang='lat' dir='ltr'><strong>somma</strong></span> 
     </span>
     <span class='ocr_line' id='line_1_29' title="bbox 122 2346 1935 2412; baseline 0 -13"><span class='ocrx_word' id='word_1_238' title='bbox 122 2351 189 2399; x_wconf 92' lang='lat' dir='ltr'><strong>de&#39;</strong></span> <span class='ocrx_word' id='word_1_239' title='bbox 217 2356 270 2399; x_wconf 86' lang='lat'>52</span> <span class='ocrx_word' id='word_1_240' title='bbox 295 2351 367 2399; x_wconf 72' lang='lat' dir='ltr'><strong>n’a</strong></span> <span class='ocrx_word' id='word_1_241' title='bbox 389 2351 444 2398; x_wconf 90' lang='lat' dir='ltr'><strong>ad</strong></span> <span class='ocrx_word' id='word_1_242' title='bbox 467 2351 624 2399; x_wconf 87' lang='lat' dir='ltr'><strong>havere</strong></span> <span class='ocrx_word' id='word_1_243' title='bbox 646 2351 1002 2408; x_wconf 83' lang='lat' dir='ltr'><strong>Pierfrancesco,c</strong></span> <span class='ocrx_word' id='word_1_244' title='bbox 1027 2351 1106 2399; x_wconf 92' lang='lat' dir='ltr'><strong>che</strong></span> <span class='ocrx_word' id='word_1_245' title='bbox 1129 2351 1190 2399; x_wconf 92' lang='lat' dir='ltr'><strong>lui</strong></span> <span class='ocrx_word' id='word_1_246' title='bbox 1216 2353 1318 2412; x_wconf 87' lang='lat' dir='ltr'><strong>ogni</strong></span> <span class='ocrx_word' id='word_1_247' title='bbox 1343 2351 1387 2399; x_wconf 84' lang='lat' dir='ltr'><strong>di</strong></span> <span class='ocrx_word' id='word_1_248' title='bbox 1411 2351 1433 2399; x_wconf 85' lang='grc' dir='ltr'>ὲ</span> <span class='ocrx_word' id='word_1_249' title='bbox 1457 2355 1493 2399; x_wconf 91' lang='lat' dir='ltr'><strong>a’</strong></span> <span class='ocrx_word' id='word_1_250' title='bbox 1519 2346 1605 2399; x_wconf 69' lang='lat' dir='ltr'><strong>Seid</strong></span> <span class='ocrx_word' id='word_1_251' title='bbox 1628 2366 1670 2399; x_wconf 91' lang='lat' dir='ltr'><strong>et</strong></span> <span class='ocrx_word' id='word_1_252' title='bbox 1694 2351 1788 2399; x_wconf 86' lang='lat' dir='ltr'><strong>dice</strong></span> <span class='ocrx_word' id='word_1_253' title='bbox 1810 2351 1935 2399; x_wconf 91' lang='lat' dir='ltr'><strong>voler</strong></span> 
     </span>
     <span class='ocr_line' id='line_1_30' title="bbox 119 2419 1934 2481; baseline -0.001 -14"><span class='ocrx_word' id='word_1_254' title='bbox 119 2438 276 2481; x_wconf 88' lang='lat' dir='ltr'><strong>pagare</strong></span> <span class='ocrx_word' id='word_1_255' title='bbox 296 2434 338 2467; x_wconf 92' lang='lat' dir='ltr'><strong>et</strong></span> <span class='ocrx_word' id='word_1_256' title='bbox 358 2419 515 2467; x_wconf 88' lang='lat' dir='ltr'><strong>havere</strong></span> <span class='ocrx_word' id='word_1_257' title='bbox 534 2420 579 2466; x_wconf 93' lang='lat' dir='ltr'><strong>in</strong></span> <span class='ocrx_word' id='word_1_258' title='bbox 597 2434 742 2481; x_wconf 92' lang='lat' dir='ltr'><strong>punto</strong></span> <span class='ocrx_word' id='word_1_259' title='bbox 762 2419 790 2466; x_wconf 94' lang='lat' dir='ltr'><strong>il</strong></span> <span class='ocrx_word' id='word_1_260' title='bbox 808 2434 1087 2481; x_wconf 87' lang='lat' dir='ltr'><strong>pagamento,</strong></span> <span class='ocrx_word' id='word_1_261' title='bbox 1107 2434 1149 2468; x_wconf 91' lang='lat' dir='ltr'><strong>et</strong></span> <span class='ocrx_word' id='word_1_262' title='bbox 1167 2435 1323 2481; x_wconf 88' lang='lat' dir='ltr'><strong>questo</strong></span> <span class='ocrx_word' id='word_1_263' title='bbox 1342 2420 1617 2481; x_wconf 90' lang='lat' dir='ltr'><strong>comprendo</strong></span> <span class='ocrx_word' id='word_1_264' title='bbox 1635 2421 1697 2468; x_wconf 88' lang='lat' dir='ltr'><strong>sia</strong></span> <span class='ocrx_word' id='word_1_265' title='bbox 1715 2419 1795 2468; x_wconf 92' lang='lat' dir='ltr'><strong>che</strong></span> <span class='ocrx_word' id='word_1_266' title='bbox 1814 2421 1934 2467; x_wconf 90' lang='lat' dir='ltr'><strong>ritar-</strong></span> 
     </span>
     <span class='ocr_line' id='line_1_31' title="bbox 121 2488 1937 2547; baseline 0.001 -12"><span class='ocrx_word' id='word_1_267' title='bbox 121 2488 176 2535; x_wconf 91' lang='lat' dir='ltr'><strong>da</strong></span> <span class='ocrx_word' id='word_1_268' title='bbox 196 2488 237 2535; x_wconf 90' lang='lat' dir='ltr'><strong>la</strong></span> <span class='ocrx_word' id='word_1_269' title='bbox 258 2489 487 2535; x_wconf 88' lang='lat' dir='ltr'><strong>sententia.</strong></span> <span class='ocrx_word' id='word_1_270' title='bbox 513 2488 631 2547; x_wconf 87' lang='lat' dir='ltr'><strong>Quel</strong></span> <span class='ocrx_word' id='word_1_271' title='bbox 659 2488 777 2536; x_wconf 88' lang='lat' dir='ltr'><strong>ch’io</strong></span> <span class='ocrx_word' id='word_1_272' title='bbox 801 2488 902 2536; x_wconf 91' lang='lat' dir='ltr'><strong>dico</strong></span> <span class='ocrx_word' id='word_1_273' title='bbox 925 2488 969 2536; x_wconf 94' lang='lat' dir='ltr'><strong>di</strong></span> <span class='ocrx_word' id='word_1_274' title='bbox 990 2493 1046 2536; x_wconf 85' lang='lat'><strong>20</strong></span> <span class='ocrx_word' id='word_1_275' title='bbox 1069 2488 1219 2535; x_wconf 87' lang='lat' dir='ltr'><strong>fiorini</strong></span> <span class='ocrx_word' id='word_1_276' title='bbox 1243 2488 1376 2536; x_wconf 92' lang='lat' dir='ltr'><strong>credo</strong></span> <span class='ocrx_word' id='word_1_277' title='bbox 1397 2490 1521 2536; x_wconf 92' lang='lat' dir='ltr'><strong>sieno</strong></span> <span class='ocrx_word' id='word_1_278' title='bbox 1545 2488 1757 2536; x_wconf 89' lang='lat' dir='ltr'><strong>dell&#39;altre</strong></span> <span class='ocrx_word' id='word_1_279' title='bbox 1779 2507 1854 2536; x_wconf 89' lang='lat' dir='ltr'><strong>sue</strong></span> <span class='ocrx_word' id='word_1_280' title='bbox 1880 2488 1937 2536; x_wconf 83' lang='lat' dir='ltr'><strong>fa-</strong></span> 
     </span>
    </p>
   </div>
   <div class='ocr_carea' id='block_1_8' title="bbox 119 2691 1937 2788">
    <p class='ocr_par' dir='ltr' id='par_1_8' title="bbox 119 2691 1937 2788">
     <span class='ocr_line' id='line_1_32' title="bbox 201 2691 1937 2741; baseline 0.001 -12"><span class='ocrx_word' id='word_1_281' title='bbox 201 2695 214 2710; x_wconf 80' lang='lat'><em>²</em></span> <span class='ocrx_word' id='word_1_282' title='bbox 234 2694 299 2729; x_wconf 92' lang='lat' dir='ltr'><strong>On</strong></span> <span class='ocrx_word' id='word_1_283' title='bbox 317 2691 526 2736; x_wconf 87' lang='lat' dir='ltr'><strong>Senofonte,</strong></span> <span class='ocrx_word' id='word_1_284' title='bbox 545 2706 602 2730; x_wconf 91' lang='lat' dir='ltr'><strong>see</strong></span> <span class='ocrx_word' id='word_1_285' title='bbox 621 2691 684 2730; x_wconf 90' lang='lat' dir='ltr'><strong>the</strong></span> <span class='ocrx_word' id='word_1_286' title='bbox 703 2691 956 2741; x_wconf 85' lang='lat' dir='ltr'><strong>bibliography</strong></span> <span class='ocrx_word' id='word_1_287' title='bbox 975 2693 1015 2729; x_wconf 91' lang='lat' dir='ltr'><strong>in</strong></span> <span class='ocrx_word' id='word_1_288' title='bbox 1034 2693 1227 2737; x_wconf 61' lang='lat' dir='ltr'><strong>P.Cortaei,</strong></span> <span class='ocrx_word' id='word_1_289' title='bbox 1247 2694 1302 2730; x_wconf 87' lang='lat' dir='ltr'><strong>De</strong></span> <span class='ocrx_word' id='word_1_290' title='bbox 1318 2692 1516 2730; x_wconf 87' lang='lat' dir='ltr'><strong>hominibus</strong></span> <span class='ocrx_word' id='word_1_291' title='bbox 1534 2691 1650 2736; x_wconf 82' lang='lat' dir='ltr'><strong>doctis,</strong></span> <span class='ocrx_word' id='word_1_292' title='bbox 1671 2691 1725 2730; x_wconf 83' lang='lat' dir='ltr'><strong>ed.</strong></span> <span class='ocrx_word' id='word_1_293' title='bbox 1747 2691 1937 2736; x_wconf 59' lang='lat' dir='ltr'><strong>G.Ferra1*1,</strong></span> 
     </span>
     <span class='ocr_line' id='line_1_33' title="bbox 119 2745 755 2788; baseline 0.002 -7"><span class='ocrx_word' id='word_1_294' title='bbox 119 2745 286 2788; x_wconf 61' lang='lat' dir='ltr'><strong>Messina,</strong></span> <span class='ocrx_word' id='word_1_295' title='bbox 310 2747 408 2788; x_wconf 87' lang='grc'>1979,</span> <span class='ocrx_word' id='word_1_296' title='bbox 431 2747 575 2788; x_wconf 86' lang='grc'>150-51,</span> <span class='ocrx_word' id='word_1_297' title='bbox 595 2756 683 2782; x_wconf 90' lang='lat' dir='ltr'><strong>note</strong></span> <span class='ocrx_word' id='word_1_298' title='bbox 701 2747 755 2782; x_wconf 87' lang='grc'><strong>56.</strong></span> 
     </span>
    </p>
   </div>
   <div class='ocr_carea' id='block_1_9' title="bbox 200 2795 1689 2849">
    <p class='ocr_par' dir='ltr' id='par_1_9' title="bbox 200 2795 1689 2849">
     <span class='ocr_line' id='line_1_34' title="bbox 200 2795 1689 2849; baseline 0.001 -10"><span class='ocrx_word' id='word_1_299' title='bbox 200 2795 216 2820; x_wconf 74' lang='lat'><strong>¹³</strong></span> <span class='ocrx_word' id='word_1_300' title='bbox 233 2802 420 2840; x_wconf 86' lang='lat' dir='ltr'><strong>Diodorus</strong></span> <span class='ocrx_word' id='word_1_301' title='bbox 439 2802 586 2840; x_wconf 88' lang='lat' dir='ltr'><strong>Siculus.</strong></span> <span class='ocrx_word' id='word_1_302' title='bbox 607 2805 673 2840; x_wconf 90' lang='lat' dir='ltr'><strong>On</strong></span> <span class='ocrx_word' id='word_1_303' title='bbox 690 2802 846 2841; x_wconf 84' lang='lat' dir='ltr'><strong>Filelfo’s</strong></span> <span class='ocrx_word' id='word_1_304' title='bbox 863 2805 950 2841; x_wconf 88' lang='lat' dir='ltr'><strong>MSS</strong></span> <span class='ocrx_word' id='word_1_305' title='bbox 968 2803 1010 2841; x_wconf 87' lang='lat' dir='ltr'><strong>of</strong></span> <span class='ocrx_word' id='word_1_306' title='bbox 1024 2802 1220 2847; x_wconf 88' lang='lat' dir='ltr'><strong>Diodorus,</strong></span> <span class='ocrx_word' id='word_1_307' title='bbox 1240 2803 1345 2848; x_wconf 84' lang='lat' dir='ltr'><strong>Scala,</strong></span> <span class='ocrx_word' id='word_1_308' title='bbox 1368 2807 1409 2841; x_wconf 92' lang='lat'><strong>17</strong></span> <span class='ocrx_word' id='word_1_309' title='bbox 1426 2806 1509 2849; x_wconf 86' lang='lat'>[14]‚</span> <span class='ocrx_word' id='word_1_310' title='bbox 1529 2815 1616 2841; x_wconf 89' lang='lat' dir='ltr'><strong>note</strong></span> <span class='ocrx_word' id='word_1_311' title='bbox 1635 2807 1689 2841; x_wconf 88' lang='lat'><strong>55.</strong></span> 
     </span>
    </p>
   </div>
   <div class='ocr_carea' id='block_1_10' title="bbox 121 2859 1935 2961">
    <p class='ocr_par' dir='ltr' id='par_1_10' title="bbox 121 2859 1935 2961">
     <span class='ocr_line' id='line_1_35' title="bbox 201 2859 1935 2961; baseline 0 -64"><span class='ocrx_word' id='word_1_312' title='bbox 201 2864 214 2878; x_wconf 81' lang='lat'><em>²</em></span> <span class='ocrx_word' id='word_1_313' title='bbox 225 2862 357 2961; x_wconf 56' lang='grc' dir='ltr'><strong>Ξαῑῑὲιι·</strong></span> <span class='ocrx_word' id='word_1_314' title='bbox 370 2859 412 2897; x_wconf 85' lang='lat' dir='ltr'><strong>of</strong></span> <span class='ocrx_word' id='word_1_315' title='bbox 423 2859 486 2897; x_wconf 91' lang='lat' dir='ltr'><strong>the</strong></span> <span class='ocrx_word' id='word_1_316' title='bbox 499 2859 634 2898; x_wconf 84' lang='lat' dir='ltr'><strong>Medici</strong></span> <span class='ocrx_word' id='word_1_317' title='bbox 647 2859 773 2908; x_wconf 87' lang='lat' dir='ltr'><strong>family</strong></span> <span class='ocrx_word' id='word_1_318' title='bbox 789 2872 824 2898; x_wconf 86' lang='lat' dir='ltr'><strong>at</strong></span> <span class='ocrx_word' id='word_1_319' title='bbox 838 2860 1007 2904; x_wconf 89' lang='lat' dir='ltr'><strong>Trebbio,</strong></span> <span class='ocrx_word' id='word_1_320' title='bbox 1025 2859 1244 2908; x_wconf 81' lang='lat' dir='ltr'><strong>Cafaggiolo,</strong></span> <span class='ocrx_word' id='word_1_321' title='bbox 1260 2872 1326 2898; x_wconf 89' lang='lat' dir='ltr'><strong>etc.</strong></span> <span class='ocrx_word' id='word_1_322' title='bbox 1341 2860 1446 2904; x_wconf 87' lang='lat' dir='ltr'><strong>Scala,</strong></span> <span class='ocrx_word' id='word_1_323' title='bbox 1463 2864 1507 2898; x_wconf 87' lang='lat'><strong>27</strong></span> <span class='ocrx_word' id='word_1_324' title='bbox 1522 2863 1673 2906; x_wconf 70' lang='grc' dir='ltr'>[ΖΘ-27],</span> <span class='ocrx_word' id='word_1_325' title='bbox 1691 2872 1778 2897; x_wconf 88' lang='lat' dir='ltr'><strong>note</strong></span> <span class='ocrx_word' id='word_1_326' title='bbox 1796 2863 1848 2904; x_wconf 91' lang='lat'><strong>18,</strong></span> <span class='ocrx_word' id='word_1_327' title='bbox 1864 2859 1935 2897; x_wconf 90' lang='lat' dir='ltr'><strong>and</strong></span> 
     </span>
     <span class='ocr_line' id='line_1_36' title="bbox 121 2924 412 2950; baseline 0 0"><span class='ocrx_word' id='word_1_328' title='bbox 121 2924 208 2950; x_wconf 91' lang='lat' dir='ltr'><strong>note</strong></span> <span class='ocrx_word' id='word_1_329' title='bbox 341 2927 412 2950; x_wconf 87' lang='lat' dir='ltr'><strong>ow.</strong></span> 
     </span>
    </p>
   </div>
   <div class='ocr_carea' id='block_1_11' title="bbox 201 2964 968 3066">
    <p class='ocr_par' dir='ltr' id='par_1_11' title="bbox 201 2964 968 3066">
     <span class='ocr_line' id='line_1_37' title="bbox 201 2964 684 3016; baseline 0 -8"><span class='ocrx_word' id='word_1_330' title='bbox 201 2964 217 2989; x_wconf 72' lang='lat' dir='ltr'><strong>b</strong></span> <span class='ocrx_word' id='word_1_331' title='bbox 234 2970 340 3014; x_wconf 78' lang='lat' dir='ltr'><strong>Scala,</strong></span> <span class='ocrx_word' id='word_1_332' title='bbox 360 2973 404 3007; x_wconf 81' lang='lat'><strong>26</strong></span> <span class='ocrx_word' id='word_1_333' title='bbox 421 2973 504 3016; x_wconf 72' lang='grc'>[26],</span> <span class='ocrx_word' id='word_1_334' title='bbox 525 2982 612 3008; x_wconf 82' lang='lat' dir='ltr'><strong>note</strong></span> <span class='ocrx_word' id='word_1_335' title='bbox 632 2973 684 3008; x_wconf 79' lang='lat'><strong>16.</strong></span> 
     </span>
     <span class='ocr_line' id='line_1_38' title="bbox 202 3027 968 3066; baseline 0.001 -1"><span class='ocrx_word' id='word_1_336' title='bbox 202 3033 215 3047; x_wconf 80' lang='lat'><strong>‘³</strong></span> <span class='ocrx_word' id='word_1_337' title='bbox 233 3027 494 3066; x_wconf 84' lang='lat' dir='ltr'><strong>Pierfrancesco</strong></span> <span class='ocrx_word' id='word_1_338' title='bbox 511 3028 550 3066; x_wconf 92' lang='lat' dir='ltr'><strong>di</strong></span> <span class='ocrx_word' id='word_1_339' title='bbox 567 3031 732 3066; x_wconf 88' lang='lat' dir='ltr'><strong>Lorenzo</strong></span> <span class='ocrx_word' id='word_1_340' title='bbox 749 3028 805 3066; x_wconf 91' lang='lat' dir='ltr'><strong>de‘</strong></span> <span class='ocrx_word' id='word_1_341' title='bbox 824 3028 968 3066; x_wconf 86' lang='lat' dir='ltr'><strong>Medici.</strong></span> 
     </span>
    </p>
   </div>
   <div class='ocr_carea' id='block_1_12' title="bbox 121 3081 1934 3235">
    <p class='ocr_par' dir='ltr' id='par_1_12' title="bbox 121 3081 1934 3235">
     <span class='ocr_line' id='line_1_39' title="bbox 200 3081 1934 3135; baseline 0 -11"><span class='ocrx_word' id='word_1_342' title='bbox 200 3081 218 3106; x_wconf 82' lang='lat'><strong>‘¹</strong></span> <span class='ocrx_word' id='word_1_343' title='bbox 230 3087 287 3124; x_wconf 91' lang='lat' dir='ltr'><strong>Sei</strong></span> <span class='ocrx_word' id='word_1_344' title='bbox 298 3086 337 3124; x_wconf 86' lang='lat' dir='ltr'><strong>di</strong></span> <span class='ocrx_word' id='word_1_345' title='bbox 349 3087 554 3124; x_wconf 83' lang='lat' dir='ltr'><strong>Mercanzia</strong></span> <span class='ocrx_word' id='word_1_346' title='bbox 566 3099 602 3124; x_wconf 91' lang='lat' dir='ltr'><strong>at</strong></span> <span class='ocrx_word' id='word_1_347' title='bbox 616 3086 797 3125; x_wconf 90' lang='lat' dir='ltr'><strong>Florence.</strong></span> <span class='ocrx_word' id='word_1_348' title='bbox 813 3086 890 3125; x_wconf 90' lang='lat' dir='ltr'><strong>The</strong></span> <span class='ocrx_word' id='word_1_349' title='bbox 902 3099 1068 3125; x_wconf 87' lang='lat' dir='ltr'><strong>sentence</strong></span> <span class='ocrx_word' id='word_1_350' title='bbox 1081 3087 1123 3125; x_wconf 90' lang='lat' dir='ltr'><strong>of</strong></span> <span class='ocrx_word' id='word_1_351' title='bbox 1132 3086 1195 3125; x_wconf 88' lang='lat' dir='ltr'><strong>the</strong></span> <span class='ocrx_word' id='word_1_352' title='bbox 1210 3088 1269 3125; x_wconf 75' lang='lat' dir='ltr'><strong>Six</strong></span> <span class='ocrx_word' id='word_1_353' title='bbox 1282 3088 1415 3135; x_wconf 86' lang='lat' dir='ltr'><strong>against</strong></span> <span class='ocrx_word' id='word_1_354' title='bbox 1430 3087 1552 3125; x_wconf 89' lang='lat' dir='ltr'><strong>Cresci</strong></span> <span class='ocrx_word' id='word_1_355' title='bbox 1566 3101 1618 3125; x_wconf 93' lang='lat' dir='ltr'><strong>on</strong></span> <span class='ocrx_word' id='word_1_356' title='bbox 1630 3090 1674 3124; x_wconf 91' lang='grc'><strong>27</strong></span> <span class='ocrx_word' id='word_1_357' title='bbox 1687 3089 1828 3135; x_wconf 88' lang='lat' dir='ltr'><strong>August</strong></span> <span class='ocrx_word' id='word_1_358' title='bbox 1847 3090 1934 3124; x_wconf 88' lang='lat'><strong>1457</strong></span> 
     </span>
     <span class='ocr_line' id='line_1_40' title="bbox 121 3137 1933 3187; baseline 0.001 -12"><span class='ocrx_word' id='word_1_359' title='bbox 121 3137 193 3176; x_wconf 84' lang='lat' dir='ltr'><strong>and</strong></span> <span class='ocrx_word' id='word_1_360' title='bbox 227 3141 265 3175; x_wconf 93' lang='lat'><strong>11</strong></span> <span class='ocrx_word' id='word_1_361' title='bbox 300 3137 430 3176; x_wconf 82' lang='lat' dir='ltr'><strong>March</strong></span> <span class='ocrx_word' id='word_1_362' title='bbox 464 3141 563 3183; x_wconf 88' lang='lat'>1458,</span> <span class='ocrx_word' id='word_1_363' title='bbox 599 3138 787 3187; x_wconf 86' lang='lat' dir='ltr'><strong>‘producta</strong></span> <span class='ocrx_word' id='word_1_364' title='bbox 817 3153 882 3187; x_wconf 91' lang='lat' dir='ltr'><strong>per</strong></span> <span class='ocrx_word' id='word_1_365' title='bbox 913 3138 1048 3177; x_wconf 84' lang='lat' dir='ltr'><strong>Sandro</strong></span> <span class='ocrx_word' id='word_1_366' title='bbox 1084 3170 1091 3176; x_wconf 91' lang='lat'><strong>.</strong></span> <span class='ocrx_word' id='word_1_367' title='bbox 1107 3170 1114 3176; x_wconf 94' lang='lat'><strong>.</strong></span> <span class='ocrx_word' id='word_1_368' title='bbox 1131 3170 1138 3177; x_wconf 90' lang='lat'><strong><em>.</em></strong></span> <span class='ocrx_word' id='word_1_369' title='bbox 1172 3140 1380 3187; x_wconf 83' lang='lat' dir='ltr'><strong>Pagagnotti</strong></span> <span class='ocrx_word' id='word_1_370' title='bbox 1414 3170 1421 3176; x_wconf 93' lang='lat'><strong>.</strong></span> <span class='ocrx_word' id='word_1_371' title='bbox 1438 3170 1445 3176; x_wconf 92' lang='lat'><strong>.</strong></span> <span class='ocrx_word' id='word_1_372' title='bbox 1461 3170 1467 3176; x_wconf 93' lang='lat'><em>.</em></span> <span class='ocrx_word' id='word_1_373' title='bbox 1500 3150 1716 3187; x_wconf 87' lang='lat' dir='ltr'><strong>procurator</strong></span> <span class='ocrx_word' id='word_1_374' title='bbox 1746 3138 1803 3176; x_wconf 87' lang='lat' dir='ltr'><strong>del</strong></span> <span class='ocrx_word' id='word_1_375' title='bbox 1835 3137 1933 3176; x_wconf 90' lang='lat' dir='ltr'><strong>dicto</strong></span> 
     </span>
     <span class='ocr_line' id='line_1_41' title="bbox 122 3189 1458 3235; baseline 0.001 -7"><span class='ocrx_word' id='word_1_376' title='bbox 122 3189 409 3228; x_wconf 63' lang='lat' dir='ltr'><strong>Pierofrancaeco</strong></span> <span class='ocrx_word' id='word_1_377' title='bbox 428 3191 668 3235; x_wconf 60' lang='lat' dir='ltr'><strong>cessionario,²</strong></span> <span class='ocrx_word' id='word_1_378' title='bbox 687 3191 716 3228; x_wconf 88' lang='lat' dir='ltr'><strong>is</strong></span> <span class='ocrx_word' id='word_1_379' title='bbox 734 3191 773 3227; x_wconf 93' lang='lat' dir='ltr'><strong>in</strong></span> <span class='ocrx_word' id='word_1_380' title='bbox 789 3193 876 3228; x_wconf 89' lang='lat' dir='ltr'><strong>ASF</strong></span> <span class='ocrx_word' id='word_1_381' title='bbox 892 3192 1096 3229; x_wconf 86' lang='lat' dir='ltr'><strong>Mercanzia</strong></span> <span class='ocrx_word' id='word_1_382' title='bbox 1113 3194 1213 3235; x_wconf 90' lang='lat'>7184,</span> <span class='ocrx_word' id='word_1_383' title='bbox 1231 3190 1296 3229; x_wconf 81' lang='lat' dir='ltr'><strong>fol.</strong></span> <span class='ocrx_word' id='word_1_384' title='bbox 1314 3194 1458 3229; x_wconf 82' lang='lat' dir='ltr'><strong>356r-v.</strong></span> 
     </span>
    </p>
   </div>
  </div>
 </body>
</html>
