2072 3450
119 173 372 208 TEXTUAL
396 172 571 207 NOTES
1114 164 1197 205 VI:
1227 165 1351 205 5-29
1827 166 1915 205 561

248 322 369 359 tesque
384 322 418 347 et
432 309 549 346 varios
563 309 650 346 ritus
664 308 838 357 urbesque
852 307 1050 356 domosque
1066 307 1087 344 l
1102 307 1275 355 (Intentus
1288 307 1419 356 pendet
1433 307 1588 356 populus
1603 308 1778 344 narrantis

248 361 381 409 abore),
397 361 418 398 l
431 361 525 398 Talis
542 360 599 398 ille
613 360 680 398 fuit
694 359 826 409 cupido
842 359 931 397 mihi
946 359 1058 397 multa
1072 360 1210 408 roganti
1224 359 1245 396 l
1259 359 1576 408 Monstriferasque
1591 360 1703 408 aperit
1716 371 1811 396 vates
1826 359 1902 396 lon—

247 429 293 464 go
308 414 435 452 ordine
448 414 561 452 silvas.
578 413 598 451 l
613 413 737 462 Effuge
751 413 898 462 pellaces
913 425 1047 457 cantus,
1061 412 1159 462 quod
1174 412 1286 450 fertur
1299 425 1333 450 et
1347 415 1368 457 †
1382 427 1481 450 aures
1496 415 1516 457 †
1530 412 1551 449 l
1565 412 1778 450 Dulichium
1792 412 1911 450 fecisse

246 466 386 510 ducem,
402 480 447 503 ne
460 478 616 514 pasceret
632 466 725 502 inter
737 465 757 502 l
771 467 947 502 Armenta
960 476 1019 502 aut
1033 465 1154 502 Circes
1169 465 1354 513 grunniret
1366 464 1410 501 de
1424 464 1569 501 stabulis
1584 478 1650 501 sus.
1667 464 1687 501 s
1702 464 1838 501 Claude

247 533 357 563 aures,
375 520 532 568 inquam,
548 531 582 556 et
596 518 735 555 lentum
748 518 835 567 picis
850 517 948 555 illine
959 518 1106 555 viscum.
1122 517 1143 554 l
1157 518 1246 555 Otia
1258 517 1349 566 pelle
1363 517 1500 566 procul,
1516 532 1561 554 ne
1574 529 1609 554 te
1623 516 1713 554 nihil
1727 518 1810 554 artis
1823 531 1854 554 a·

247 583 389 620 gentem
404 570 425 608 l
439 571 601 608 Inveniat
613 572 679 608 Mo

198 622 242 645 ⁷⁴⁰
255 624 340 662 Illic:
356 624 457 662 Illhic
470 622 536 668 M⁴,
551 626 680 661 correxi

198 674 240 697 ⁷⁵⁸
255 678 291 714 in
307 689 408 714 artes:
423 688 512 713 artes
526 675 594 720 M⁴‚
610 677 646 713 in
662 690 715 713 res
729 675 830 713 malit
842 676 1005 712 Mariotti

198 728 241 750 ⁷⁶⁴
254 729 530 778 Erysichthone:
545 730 709 766 Eristone
723 727 790 773 M⁴‚
804 731 932 766 correxi

197 780 240 802 ⁷⁷⁵
254 783 364 819 Nisus
378 796 418 819 ex
430 782 548 819 Nixus
561 796 644 818 corr.
661 779 719 818 Μ4

197 833 239 855 ⁷⁸¹
254 834 387 872 femine
400 846 520 872 contra
534 845 684 872 metrum

197 885 239 907 ⁷⁸⁵
253 886 507 936 vindictasque:
524 886 750 935 vindictaque
764 884 820 923 Μ4
833 883 898 930 N²‚
913 900 995 923 corr.
1013 887 1125 923 Rizzo

197 938 238 960 ⁷⁹¹
248 951 325 990 post
338 941 564 977 monimenta
577 939 708 977 lacexh.
726 938 784 977 Μ4

196 990 239 1012 ⁷⁹²
253 992 434 1030 Minoides
449 989 514 1036 N²,
529 991 704 1029 Mineides
719 990 776 1029 Μ4
787 1014 826 1019 -
839 991 1026 1040 telamque:
1042 991 1180 1040 telaque
1194 990 1251 1028 Μ4
1264 989 1328 1035 N²‚
1343 1006 1425 1028 corr.
1442 992 1606 1028 Mariotti

196 1044 238 1066 ⁷⁹⁵
247 1057 324 1095 post
338 1060 472 1083 versum
486 1045 578 1083 hunc
590 1060 728 1082 carmen
742 1048 1007 1094 interrumpitur
1019 1048 1055 1082 in
1071 1043 1126 1082 M⁴
1139 1042 1193 1082 N²

115 1103 150 1136 6.
196 1096 209 1118 ⁵
222 1099 357 1147 poterit
371 1110 475 1135 certe:
490 1110 584 1135 certe
597 1098 731 1146 poterit
747 1099 841 1135 CIPI

195 1150 209 1172 ⁶
223 1151 416 1200 barbyton:
431 1151 591 1188 barbitos
607 1153 700 1188 CIPI

116 1208 150 1241 7.
194 1201 209 1223 ⁹
222 1203 396 1241 decorius:
412 1203 593 1240 decentius
610 1205 704 1240 CIPI

198 1254 225 1277 ¹⁰
236 1256 398 1305 Scythae:
413 1257 541 1293 Teucri
558 1258 657 1300 CIPI;
670 1257 772 1293 Daci:
786 1255 852 1293 hac
867 1257 960 1293 CIPI

198 1306 224 1328 ¹²
237 1322 414 1358 quemque
431 1338 438 1345 .
455 1338 463 1345 .
478 1338 485 1345 .
499 1308 590 1345 laris:
606 1309 746 1357 iamque
760 1309 847 1345 sacri
861 1307 948 1345 lares
964 1309 1057 1345 CIPI

197 1360 223 1382 ¹⁴
237 1363 347 1400 ostiis:
364 1362 508 1399 ostrinis
524 1363 618 1399 CIPI

197 1412 224 1434 ¹⁹
237 1416 469 1463 Vereturque:
485 1415 536 1451 Te
550 1414 701 1451 miratur
716 1415 815 1458 CIPI,
829 1428 873 1451 an
887 1426 922 1451 te
935 1415 1105 1451 veretur?
1119 1413 1255 1451 mavult
1267 1414 1431 1451 Mariotti

194 1465 223 1488 ²⁷
237 1467 451 1517 Resplendes
466 1467 624 1505 delubra:
639 1468 696 1504 Tu
709 1466 856 1504 delubra
869 1468 976 1504 micas
993 1469 1086 1504 CIPI

194 1517 223 1540 ²⁹
237 1532 282 1557 et:
297 1532 337 1557 tu
353 1521 447 1557 CIPI

195 1571 223 1594 ³²
237 1576 439 1622 Expertem:
456 1572 670 1622 Exemplum
688 1575 781 1610 CIPI

195 1623 223 1646 ³⁶
237 1625 320 1663 Padi
335 1637 395 1663 aut
408 1625 574 1662 Thiberis
588 1624 829 1662 inferioribus:
843 1637 937 1662 certe
951 1625 1094 1662 Eridani
1107 1624 1162 1662 vel
1177 1625 1315 1662 Tiberis
1328 1626 1450 1662 minor
1466 1626 1559 1662 CIPI

194 1676 223 1751 :¹
236 1678 653 1768 ἕὲῃηῗξῐιιζῗῐὶεξῗέῐζιῗὲειες
660 1680 818 1775 lizpdorr.
835 1731 959 1768 Rizzo.

193 1782 223 1804 ⁴⁶
236 1785 383 1822 Externi
396 1784 534 1834 populi:
549 1785 713 1822 Externis
726 1784 869 1833 populis
886 1786 980 1822 CIPI

195 1834 223 1857 ⁵⁰
235 1836 339 1874 dedo:
356 1851 446 1874 cano
463 1838 556 1874 CIPI

194 1888 230 1914 ⁵²⁹
240 1888 267 1910 ⁵³
282 1890 463 1927 barbiton:
478 1890 637 1928 barbitos
653 1892 746 1927 CIPI

113 1946 148 1979 8.
198 1943 258 1979 Tit„
276 1944 328 1979 ‘In
342 1941 494 1990 figuram
509 1943 635 1979 Cosmi
651 1941 925 1979 Bartholomeus
938 1942 1034 1979 Scala
1047 1943 1095 1979 sic
1109 1941 1202 1979 lusit'
1218 1940 1260 1979 L¹

113 1999 148 2032 9.
196 1993 206 2014 ¹
221 1995 334 2044 polles
347 1996 528 2043 sapientia:
544 2007 578 2032 et
592 1996 722 2032 mentis
737 1996 900 2032 acumine
915 1997 1008 2032 CIPI

194 2044 206 2067 ³
221 2047 379 2084 PATER
394 2048 605 2084 PATRIAE
619 2050 656 2084 in
671 2058 849 2095 margmot.
867 2045 907 2084 L¹

116 2104 172 2138 10.
194 2098 207 2119 ⁷
220 2103 292 2137 Ver
306 2115 389 2149 ergo
403 2115 442 2137 ex
455 2102 548 2149 Ergo
563 2115 625 2137 ver
638 2114 721 2137 corr.
738 2103 815 2144 Mo;
830 2100 935 2137 nobis
948 2112 1032 2149 supr.
1051 2103 1116 2137 Mo

194 2150 206 2172 ⁸
220 2152 306 2189 Vale
322 2155 359 2189 in
365 2151 446 2201 fine
455 2151 533 2189 add.
550 2154 616 2189 Mo

115 2209 172 2243 11.
196 2203 205 2225 ¹
221 2205 391 2243 hirundo:
406 2205 550 2254 yrundo
564 2203 635 2243 CS³

193 2255 207 2278 ²
221 2259 325 2295 iners:
341 2257 461 2295 inhers
475 2255 545 2295 CS³
558 2280 597 2286 —
611 2259 647 2295 in
662 2259 865 2295 certamine:
881 2259 1073 2295 certamine
1086 2255 1167 2302 CS³‚
1183 2273 1266 2296 corr.
1283 2259 1396 2295 Rizzo

194 2309 206 2331 5
220 2311 338 2348 claras:
355 2311 447 2349 clara
460 2309 530 2349 CS³

115 2367 171 2400 12.
193 2361 206 2383 ³
220 2363 435 2400 Malumbra:
452 2363 656 2401 Melumbra
670 2361 723 2401 N⁵

115 2420 171 2454 13.
193 2414 206 2437 ⁵
220 2419 315 2454 Neu:
332 2416 402 2454 heu
416 2419 489 2460 Ns,
503 2431 586 2454 corr.
603 2418 716 2454 Rizzo

195 2466 220 2488 ¹³
234 2468 306 2506 dux
319 2480 402 2506 ante
414 2470 521 2517 igitur
533 2468 595 2506 del.
612 2466 665 2506 N⁵

115 2525 171 2559 17.
197 2523 256 2559 Tit.
273 2521 341 2559 αὴ.
364 2517 435 2566 To¹,
450 2537 516 2559 om.
533 2525 631 2559 ceteri
644 2522 769 2559 codices

195 2572 205 2594 ¹
220 2575 352 2612 Masius
368 2571 444 2612 Pat³
459 2571 508 2612 C³
522 2572 604 2618 To¹;
618 2577 738 2612 Masus
753 2572 811 2612 Ri¹

192 2625 205 2647 ³
219 2627 343 2672 lector,
358 2629 396 2665 ni
410 2642 590 2676 properas:
606 2626 676 2672 Ri¹,
690 2626 772 2672 To¹;
789 2630 921 2666 Rector
935 2629 1154 2677 improperas
1170 2626 1216 2666 C³

111 2683 171 2716 21.
195 2677 204 2699 ¹
220 2679 421 2728 rigidosque
436 2694 474 2716 ex
486 2681 701 2728 tetricosque
716 2694 798 2717 corr.
815 2682 881 2717 Mo

192 2729 206 2752 ²
219 2734 318 2769 Nam
333 2744 455 2769 nostra
469 2732 554 2770 haec
567 2747 606 2769 ex
618 2732 705 2770 dum
721 2733 811 2770 rides
825 2747 908 2770 corr.
925 2735 990 2770 Mo

192 2782 206 2803 ⁴
220 2785 342 2821 mixta:
356 2785 445 2821 seria
456 2795 541 2832 supr.
560 2786 637 2821 Mo.

111 2840 171 2874 24.
193 2834 206 2857 ³
221 2838 231 2873 i
246 2849 338 2874 nate:
354 2838 448 2874 inate
462 2839 539 2881 Mo,
554 2840 683 2874 correxi

111 2892 171 2925 27.
195 2886 205 2908 ¹
220 2888 338 2926 fontes
351 2903 390 2926 ex
402 2888 543 2926 fontem
557 2903 639 2926 corr.
656 2891 722 2926 Mo

111 2945 171 2979 29.
195 2939 205 2961 ¹
220 2943 332 2979 Mesia
347 2972 354 2979 .
370 2972 377 2979 .
394 2972 401 2979 .
415 2944 545 2980 Messes
561 2957 599 2980 ex
612 2944 776 2992 Gargana
789 2942 1011 2980 frumentum
1028 2944 1157 2980 iactent
1169 2957 1251 2980 corr.
1268 2945 1334 2980 Mo

215 2996 312 3032 Inter
323 3009 457 3032 versum
474 2998 491 3032 1
505 3005 538 3032 et
551 2998 572 3032 2
586 2997 662 3044 Ipsa
677 2994 763 3033 favis
777 2995 919 3044 Hyblee
933 2995 1085 3044 gaudent
1100 3007 1203 3044 atque
1218 2995 1342 3044 apibus
1357 2994 1444 3032 favis
1456 2994 1533 3032 add.
1549 3006 1582 3032 et
1592 2994 1655 3032 del.
1672 2997 1738 3032 Mo

194 3045 206 3068 ³
220 3047 412 3086 fortunatis
425 3062 464 3086 ex
477 3049 605 3086 auratis
619 3049 726 3086 etiam
739 3063 821 3086 corr.
838 3051 904 3086 Mo
918 3060 950 3086 et
961 3048 1082 3086 addidi

193 3097 207 3119 ⁷
220 3101 383 3137 Britanni
395 3114 433 3137 ex
446 3101 626 3138 Britannis
637 3115 720 3138 corr.
737 3103 802 3138 Mo

214 3155 311 3190 Ante
322 3156 345 3190 9
357 3164 421 3190 tres
433 3168 544 3191 versus
555 3153 618 3191 del.
635 3156 713 3191 Mo:
727 3155 901 3203 Quaeque
915 3155 985 3192 suis
1000 3154 1101 3192 liceat
1114 3154 1243 3192 letetur
1256 3155 1369 3203 patria
1381 3153 1486 3191 donis
1500 3153 1521 3191 l
1536 3155 1699 3202 Ingeniis,
1713 3166 1764 3198 tu,
