2124 3464
116 182 345 217 PRIVATE
371 182 599 216 LETTERS
1857 174 1913 214 85

992 324 1045 365 87

497 395 575 435 ΤΟ
598 394 876 434 LORENZO
899 395 988 433 DE’
1010 394 1220 433 MEDICI
1242 395 1307 433 IN
1326 394 1541 433 NAPLES

839 465 861 500 4
877 464 1068 513 January
1091 464 1195 501 1480

197 557 310 596 MAP
334 558 479 603 34,410.
503 554 688 607 Original.
713 553 950 606 Autograph.
974 554 1031 594 ed.
1053 557 1095 602 F,
1118 557 1297 594 201-202.
1326 556 1442 594 Verso:
1467 553 1715 606 ‘[Magnifi]co
1739 554 1834 594 Viro

198 612 416 660 Lauren[tio
436 610 482 651 de
499 610 672 659 MJedicis
690 610 834 651 oratori
851 609 1101 658 [Florenti]no
1122 610 1219 662 patri
1236 623 1271 650 et
1291 609 1552 658 bene[factori]
1569 625 1669 650 meo.
1687 612 1840 662 Neapo-

197 667 249 707 li.’
270 666 385 707 Recd.
411 670 449 706 11
468 669 661 716 Jan.1480.
680 665 792 714 Scala,
814 669 860 706 94
879 668 967 714 [58].

112 770 351 831 Magnifice
371 784 497 831 pater
516 771 590 816 mi.
614 769 803 816 Vedrete
823 769 863 816 13
883 784 1030 816 vostra
1051 770 1360 816 commissione
1387 769 1454 816 de'
1478 770 1618 816 Dieci.
1642 769 1863 816 Ciascuno
1886 770 1921 816 si

114 840 288 886 rimette
313 839 358 884 in
383 838 457 885 voi
483 852 525 885 et
549 838 773 898 bisognavi
801 837 917 884 darci
939 855 1057 898 pace.
1084 841 1141 884 Le
1165 837 1412 884 conditioni
1436 855 1549 884 sono
1576 836 1851 884 dentechiate
1874 838 1919 883 in

111 906 258 968 ghozo
289 921 331 953 et
356 906 432 967 piu
463 906 517 953 da
542 905 613 953 chi
639 905 715 966 piu
744 905 766 952 ὲ
793 920 908 952 stato
935 906 1113 965 cagione
1142 905 1300 966 d’epse.
1331 909 1379 951 In
1406 905 1548 966 palese
1574 909 1783 966 s'aspecta
1809 905 1921 952 dalla

111 974 281 1022 Maesta
301 974 369 1021 del
392 978 473 1021 Re*
493 988 535 1021 et
558 973 612 1021 da
631 974 705 1021 voi
727 988 847 1021 tutto
867 973 991 1020 bene.
1015 977 1125 1020 Non
1150 973 1305 1020 ardirei
1326 972 1555 1020 affermare
1575 991 1618 1020 se
1641 974 1715 1034 qui
1737 991 1780 1020 se
1804 973 1875 1020 n'a
1896 991 1920 1020 a

112 1042 201 1090 fare
225 1060 406 1090 avanzo.
434 1046 512 1089 Ma
534 1042 639 1089 assai
664 1059 827 1089 avanza
850 1041 921 1088 chi
944 1059 1073 1089 senza
1098 1041 1255 1088 alcuno
1280 1041 1393 1088 altro
1418 1042 1619 1102 rispecto‚
1647 1041 1701 1088 ne
1727 1041 1770 1088 di
1795 1041 1838 1088 se
1864 1041 1918 1088 ne

112 1111 156 1159 di
178 1129 252 1158 sue
278 1128 391 1167 cose,
415 1128 469 1158 va
489 1128 513 1157 a
536 1109 624 1157 fare
647 1109 746 1171 quel
770 1110 880 1157 bene
904 1109 982 1157 che
1004 1109 1096 1170 puo
1119 1127 1199 1171 per
1219 1109 1260 1157 la
1280 1127 1355 1157 sua
1376 1110 1529 1170 patria.
1553 1114 1607 1157 Et
1628 1128 1714 1170 pur
1737 1109 1923 1157 doverra

112 1194 268 1240 questo
284 1178 396 1226 bene
416 1178 572 1226 havere
589 1177 732 1225 dietro
748 1177 860 1238 degli
878 1177 989 1234 altri,
1008 1179 1021 1224 i
1037 1177 1153 1239 quali
1170 1177 1547 1225 dimostrerranno
1566 1177 1727 1238 meglio
1745 1193 1914 1239 questo,

112 1262 154 1295 et
178 1247 249 1294 chi
270 1246 442 1307 gludica
464 1246 521 1307 gli
546 1247 692 1293 eventi
715 1261 756 1293 et
779 1264 871 1293 non
896 1246 934 1293 le
958 1247 1127 1307 cagioni
1151 1246 1244 1293 sara
1266 1246 1427 1307 meglio
1451 1245 1684 1293 satisfacto.
1708 1250 1759 1293 Se
1783 1247 1818 1293 si
1840 1264 1917 1307 po-

111 1315 316 1363 tesse—in
343 1314 422 1361 che
446 1315 490 1361 vi
516 1314 725 1361 conforto
751 1314 839 1361 fare
864 1315 967 1374 ogni
993 1313 1252 1361 forza-—fare
1277 1314 1318 1361 13
1341 1315 1617 1361 restitutione
1644 1315 1784 1361 intera
1806 1314 1917 1362 delle

111 1401 210 1431 cose
234 1382 359 1439 tolte‚
384 1382 524 1430 l'altre
548 1401 646 1430 cose
670 1401 750 1444 per
773 1400 850 1430 ora
875 1381 1151 1430 darebbono¹
1177 1401 1310 1430 meno
1338 1383 1450 1430 noia.
1478 1387 1665 1430 Mettete
1690 1384 1735 1429 in
1762 1398 1918 1444 questo

111 1466 231 1499 tutto
253 1451 280 1497 il
302 1466 455 1498 vostro
478 1452 678 1511 ingegno.
701 1455 813 1498 Non
834 1469 936 1511 pare
959 1450 1038 1498 che
1059 1450 1216 1498 alcuno
1238 1452 1350 1511 gusti
1373 1451 1497 1498 altro.
1521 1451 1656 1498 Credi
1675 1452 1736 1498 sia
1757 1469 1918 1498 ancora

110 1519 222 1567 bene
244 1518 298 1566 da
318 1518 592 1566 considerare
614 1537 694 1579 per
714 1536 951 1566 commune
975 1519 1086 1566 bene
1109 1533 1258 1579 queste
1280 1537 1378 1566 cose
1402 1519 1446 1566 di
1467 1523 1707 1579 Romagna.
1731 1524 1843 1566 Non
1866 1537 1916 1566 so

109 1605 153 1635 se
172 1605 360 1635 saranno
382 1587 582 1634 contenti
602 1590 639 1634 a'
660 1586 854 1634 consorti
875 1587 1028 1644 nostri,
1049 1590 1235 1634 maxime
1257 1586 1495 1635 havendosi
1517 1605 1540 1634 a
1558 1586 1647 1634 fare
1667 1605 1753 1634 con
1774 1587 1918 1648 quegli

110 1655 300 1717 riguardi
324 1655 403 1703 che
425 1656 622 1703 scrivete.
646 1660 706 1703 La
723 1673 858 1716 paura
879 1655 978 1703 loro
1002 1655 1023 1703 ὲ
1045 1650 1226 1716 grandeb
1250 1670 1292 1703 et
1316 1655 1464 1703 hanno
1487 1655 1557 1703 chi
1579 1655 1637 1717 gli
1659 1657 1824 1704 stuzica
1847 1656 1915 1704 del

110 1725 338 1771 continuo.
362 1728 409 1771 Io
426 1724 558 1771 credo
574 1725 635 1771 sia
651 1725 892 1771 necessario
911 1724 1092 1785 qualche
1109 1724 1318 1772 conforto
1336 1724 1380 1772 di
1397 1724 1517 1772 costa
1534 1726 1579 1771 in
1598 1724 1780 1786 qualche
1796 1726 1918 1772 savio

110 1791 261 1849 modo,
287 1791 408 1839 accio
429 1810 522 1839 non
541 1791 710 1853 piglino
734 1792 916 1853 qualche
935 1793 1114 1853 partito,
1137 1792 1181 1840 di
1202 1792 1282 1840 che
1300 1793 1377 1854 poi
1399 1792 1439 1840 la
1459 1792 1629 1840 Maesta
1649 1793 1716 1840 del
1738 1797 1801 1840 Re
1825 1811 1917 1840 non

109 1860 221 1908 fusse
243 1860 329 1907 ben
352 1875 574 1908 contenta.
597 1861 709 1908 Siate
730 1861 774 1907 in
796 1860 860 1908 sul
883 1860 1000 1908 facto
1018 1862 1153 1922 pieno
1175 1861 1325 1921 d'ogni
1344 1861 1590 1922 prudentia.
1614 1865 1704 1909 Son
1727 1876 1849 1909 certo
1869 1863 1915 1908 in

109 1929 213 1989 ogni
235 1946 335 1976 cosa
354 1929 389 1975 si
411 1928 502 1975 fara
518 1946 599 1989 per
618 1929 692 1975 voi
715 1928 815 1990 quel
837 1930 1031 1989 maggior
1051 1929 1162 1976 bene
1184 1929 1263 1976 che
1283 1930 1318 1976 si
1338 1929 1480 1990 potra.
1504 1931 1638 1977 Tutte
1658 1929 1698 1977 le
1719 1948 1817 1977 cose
1839 1931 1915 1991 qui

107 1996 369 2044 s'adirizano
392 2014 415 2044 3
434 2015 553 2057 pace.

191 2064 241 2111 El
262 2068 390 2112 Duca
406 2065 450 2112 di
469 2065 672 2112 Calabria
690 2065 745 2112 ha
763 2083 786 2112 a
803 2067 943 2135 questi
962 2065 1006 2112 dl
1021 2084 1101 2126 per
1118 2066 1270 2113 lettere
1287 2084 1310 2113 a
1325 2067 1484 2127 privati
1504 2066 1647 2113 molto
1666 2085 1915 2114 raccoman-

107 2132 212 2180 dato
236 2137 405 2180 Messer
427 2134 555 2180 Piero
579 2134 825 2194 Vespucci.‘³
850 2138 884 2180 E
908 2148 1023 2181 stato
1047 2135 1236 2195 risposto
1261 2149 1530 2195 gratamente
1556 2153 1641 2182 con
1667 2136 1914 2182 intentione

105 2200 281 2261 publica
302 2200 382 2248 che
401 2215 521 2248 tutto
540 2201 639 2262 quel
659 2201 769 2249 bene
789 2216 831 2249 et
847 2203 1016 2262 piacere
1035 2202 1114 2249 che
1132 2203 1167 2250 si
1186 2202 1316 2263 potra
1334 2202 1423 2250 fare
1438 2202 1566 2250 salvis
1582 2203 1739 2263 legibus
1755 2204 1789 2250 si
1810 2202 1914 2260 fara,

106 2286 234 2329 usque
251 2272 298 2315 in
315 2268 501 2316 reditum
519 2283 657 2325 tuum,
674 2269 834 2329 perche
853 2269 914 2316 lui
932 2271 1068 2317 scrive
1085 2288 1255 2330 sperare
1274 2270 1315 2317 la
1330 2270 1588 2317 liberatione
1609 2270 1722 2318 nella
1738 2286 1914 2318 tornata

105 2350 266 2392 vostra3
289 2350 331 2383 et
352 2336 374 2383 ὲ
397 2351 559 2384 restato
579 2337 664 2384 ben
686 2337 919 2384 satisfacto.

191 2408 250 2451 La
273 2403 402 2451 fatica
424 2419 573 2452 nostra
598 2404 619 2452 ὲ
643 2406 718 2466 qui
741 2423 826 2452 con
852 2406 992 2466 questi
1015 2406 1329 2453 ambasciadori
1353 2406 1465 2454 della
1487 2411 1610 2467 Lega.
1634 2410 1755 2454 Sono
1780 2408 1911 2454 insos-

103 2473 271 2532 pectiti‚
294 2472 427 2520 credo
446 2473 556 2533 pero
577 2491 663 2520 con
686 2473 843 2521 diversi
865 2473 1079 2530 desiderii,
1101 2489 1143 2521 et
1163 2475 1265 2535 ogni
1288 2474 1332 2522 di
1352 2493 1465 2522 sono
1490 2476 1671 2522 intorno
1692 2489 1732 2523 et
1744 2475 1914 2536 publice

104 2554 144 2587 et
157 2543 369 2601 privatim
391 2558 471 2601 per
492 2541 731 2588 intendere.
756 2542 904 2589 Insino
926 2560 950 2589 a
970 2543 1044 2603 qui
1065 2542 1124 2589 s’e
1147 2543 1250 2590 assai
1271 2542 1382 2590 bene
1407 2544 1451 2589 in
1471 2543 1652 2604 publico
1675 2543 1910 2600 satisfacto,

103 2608 263 2655 stando
279 2626 388 2669 pure
409 2609 454 2655 in
473 2627 522 2656 su
543 2609 686 2669 quegli
707 2609 983 2657 fondamenti
1002 2610 1081 2657 che
1101 2610 1264 2658 furono
1284 2612 1433 2672 scripti
1450 2629 1530 2672 per
1547 2612 1689 2658 tu‹cti›
1709 2611 1914 2659 dell'and·

184 2865 197 2879 ²
218 2863 385 2899 Ferrante
403 2864 417 2898 Ι
437 2860 478 2899 of
496 2861 641 2910 Naplae.
665 2863 730 2900 On
749 2861 811 2900 the
830 2876 935 2911 peace
956 2864 1205 2911 negotiations,
1224 2877 1281 2902 see
1302 2866 1478 2908 Lorenzo,
1498 2867 1637 2908 Lettere,
1660 2867 1718 2908 IV,
1740 2867 1910 2909 299—301,

104 2924 191 2950 note
212 2916 264 2957 10,
282 2916 406 2957 302-3,
426 2913 497 2951 and
513 2913 727 2962 Append.V‚
747 2917 892 2952 368-69.

183 2965 199 2990 ¹³
214 2971 292 3009 The
307 2971 419 3009 Lords
435 2971 477 3010 of
488 2971 551 3010 the
567 2975 761 3021 Romagna,
779 2973 940 3011 Roberto
957 2973 1141 3012 Malataeta
1156 2974 1198 3011 of
1211 2975 1358 3018 Rimini,
1377 2976 1559 3012 Costanzo
1577 2974 1699 3012 Sforza
1715 2974 1756 3012 of
1771 2977 1908 3019 Paearo,

103 3022 305 3060 Antonello
322 3022 367 3061 da
386 3023 482 3061 Forli
500 3023 571 3062 and
589 3024 759 3062 Galeotto
777 3024 957 3063 Manfredi
974 3025 1015 3063 of
1031 3029 1175 3070 Faenza,
1197 3026 1290 3070 ibid„
1310 3029 1374 3064 343
1395 3026 1655 3075 (introdnote),
1676 3030 1753 3070 3683
1772 3026 1842 3064 and
1860 3041 1913 3064 on

102 3073 199 3112 their
213 3075 376 3123 position
393 3076 433 3112 in
448 3075 511 3113 the
527 3089 633 3124 peace
649 3087 765 3124 treaty
783 3076 824 3114 of
842 3080 880 3114 13
900 3076 1027 3114 March
1047 3080 1144 3121 1480,
1165 3077 1259 3121 ibid„
1279 3081 1357 3115 384.

184 3137 198 3152 ⁶
213 3133 438 3182 Imprisoned
454 3134 494 3170 in
508 3133 571 3172 the
587 3134 732 3172 Stinche
746 3148 799 3172 on
816 3138 855 3173 13
873 3138 960 3183 May
979 3139 1064 3173 1478
1082 3135 1152 3174 and
1166 3135 1264 3174 freed
1281 3150 1332 3174 on
1347 3139 1392 3174 30
1408 3136 1513 3185 April
1531 3140 1628 3181 1480,
1649 3139 1824 3181 Lorenzo,
1840 3140 1911 3175 Let-

105 3194 182 3229 tere,
201 3187 260 3229 IV,
280 3188 426 3230 227-28,
447 3198 534 3223 note
552 3190 583 3224 5.
