2118 3444
190 157 280 198 298
1802 161 1939 194 PART
1965 162 1995 194 v

191 317 282 349 tem
307 319 399 348 non
425 301 625 357 alienam,
650 315 697 347 ut
722 300 817 347 illae
840 299 997 356 solent,
1022 299 1098 346 sed
1119 317 1240 347 suam
1266 299 1419 347 deflet?
1442 304 1588 360 Ipsum
1616 299 1852 347 audiamus.
1880 303 1999 347 Cum

192 371 310 417 enirn
335 370 500 416 amicos
523 369 580 415 ob
605 386 721 424 eum,
744 369 819 428 qui
839 368 1073 428 parabatur
1093 385 1141 414 ac
1159 368 1554 428 propinquissimus
1583 382 1672 414 erat
1693 367 1745 414 ab
1769 368 1827 414 eis
1849 367 1999 415 disces-

190 456 274 494 sus,
300 438 476 485 tristitia
495 436 663 484 videret
685 435 880 492 affectos,
905 435 969 483 his
991 435 1133 483 verbis
1157 436 1271 482 inter
1291 450 1433 482 cetera
1452 435 1771 482 consolatur:ggg

277 544 323 588 O
345 555 561 601 quantum
583 539 755 587 lucrum
778 554 839 586 est
861 539 970 585 mihi
993 540 1120 595 mori,
1145 539 1354 599 quoniam
1378 556 1526 585 meum
1547 539 1693 585 vivere
1713 538 1916 599 deinceps

277 608 481 655 Christus
501 609 594 654 erit!
612 612 722 654 Ecce
739 608 953 654 terrestris
971 606 1128 653 domus
1148 606 1274 653 huius
1294 606 1575 653 habitationis
1594 606 1857 662 dissolvitur,
1878 621 1919 653 et

277 676 359 724 alia
381 675 583 723 succedet
611 675 824 722 habitatio
849 693 941 722 non
968 693 1100 722 manu
1127 674 1252 731 facta,
1277 674 1352 722 sed
1376 689 1550 722 aeterna
1574 675 1619 720 in
1645 674 1782 721 caelis.
1810 678 1919 721 Ecce

277 744 399 805 quod
432 744 617 791 mortale
651 758 713 791 est
744 744 1057 790 vestimentum
1093 761 1242 800 exuor,
1275 757 1322 790 ut
1354 757 1580 790 aeternum
1614 742 1781 790 induar.
1816 747 1919 790 Huc

276 831 412 874 usque
430 813 730 873 peregrinatus
749 830 860 868 sum,
882 812 968 858 iam
988 811 1120 858 redeo
1138 811 1191 858 ad
1207 812 1406 872 patriam.
1426 815 1535 858 Ecce
1554 811 1755 858 bravium
1776 811 1915 872 capio,

275 899 359 942 pro
382 899 472 942 quo
496 881 541 927 in
564 899 702 942 agone
725 879 947 928 contendi.
971 884 1080 927 Ecce
1101 894 1282 941 portum
1307 880 1489 940 attingo,
1512 897 1643 940 quem
1665 893 1791 927 tanto
1813 879 1918 927 desi-

276 950 400 997 derio
420 949 673 997 desideravi.
694 954 804 996 Ecce
825 948 877 996 de
896 948 1086 996 tenebris
1105 948 1159 996 ad
1175 948 1332 1005 lucem,
1354 948 1406 996 de
1422 948 1625 1009 periculis
1647 948 1701 996 ad
1716 949 1916 996 securita-

275 1033 381 1074 tem,
409 1017 461 1065 de
488 1019 638 1078 inopia
665 1018 719 1065 ad
745 1017 929 1073 divitias,
956 1017 1008 1064 de
1033 1017 1205 1078 proelio
1234 1017 1287 1064 ad
1310 1018 1555 1073 victoriam,
1585 1017 1637 1064 de
1662 1018 1837 1064 tristitia
1862 1017 1917 1064 ad

274 1086 497 1147 gaudium,
522 1086 574 1133 de
591 1087 807 1133 serviente
826 1085 880 1132 ad
897 1085 1144 1142 dominum,
1169 1085 1221 1133 de
1241 1085 1473 1146 temporali
1494 1085 1547 1132 ad
1562 1099 1840 1146 perpetuum,
1863 1085 1916 1133 de

276 1154 447 1201 foetore
466 1154 520 1201 ad
537 1154 722 1201 odorem
741 1154 1044 1201 suavissimum
1066 1153 1217 1201 vehor.
1239 1155 1326 1201 Hic
1344 1172 1494 1201 caecus
1510 1171 1606 1201 sum
1626 1168 1668 1200 et
1687 1153 1914 1201 illuminor

275 1241 390 1279 vere,
414 1222 485 1269 hic
506 1223 657 1269 vivens
679 1237 720 1269 et
743 1237 943 1269 mortuus
966 1240 1063 1269 sum
1087 1232 1128 1269 et
1149 1240 1249 1269 vere
1270 1221 1484 1269 vivificor.

190 1328 283 1384 Age
322 1342 443 1380 vero,
484 1339 647 1384 quanta
685 1323 923 1384 alloquitor
962 1338 1153 1371 mortem
1195 1324 1330 1384 ipsam
1369 1325 1579 1371 suavitate
1617 1324 1840 1371 orationis.
1885 1324 1999 1383 Quis

189 1410 386 1452 unquam
410 1392 477 1439 vel
500 1410 706 1452 sponsam
730 1391 799 1439 vel
822 1393 1007 1439 amicam
1028 1393 1219 1439 suavius?

275 1499 321 1542 O
350 1491 886 1556 mors—inquit—dulcis55
920 1510 961 1542 et
988 1495 1189 1551 iucunda,
1220 1513 1311 1542 non
1338 1510 1453 1542 certe
1480 1513 1612 1551 mors,
1643 1513 1752 1556 quae
1779 1496 1915 1542 vitam

274 1582 423 1611 veram
454 1563 632 1624 largiris,
666 1581 774 1624 quae
806 1563 938 1624 fugas,
970 1563 1110 1610 febres
1141 1578 1181 1610 et
1210 1563 1403 1620 vulnera,
1436 1563 1598 1611 famem
1630 1564 1844 1624 extinguis
1875 1578 1917 1611 et

273 1633 405 1679 sitim.
439 1635 484 1679 O
515 1650 634 1679 mors
665 1633 909 1688 iustissima,
940 1633 1012 1693 pia
1039 1631 1167 1679 bonis
1198 1647 1239 1679 et
1268 1632 1390 1679 malis
1420 1650 1580 1693 aspera,
1610 1633 1724 1689 veni,
1753 1650 1912 1693 sponsa

275 1719 385 1758 mea,
408 1719 537 1748 soror
560 1719 670 1758 mea,
694 1700 851 1748 dilecta
872 1719 981 1758 mea,
1006 1700 1150 1748 indica
1171 1700 1279 1747 mihi
1305 1719 1435 1762 quern
1459 1700 1612 1762 diligit,
1637 1701 1783 1748 anima
1804 1718 1912 1748 mea.

274 1774 458 1830 Exurge,
480 1769 618 1830 gloria
639 1788 749 1826 mea,
768 1770 943 1830 porrige
966 1769 1075 1816 mihi
1097 1788 1290 1817 manum.
1315 1774 1424 1817 Ecce
1445 1784 1493 1817 tu
1510 1769 1694 1830 pulchra
1715 1787 1757 1817 es
1778 1770 1917 1817 amica

275 1856 385 1894 mea3
408 1837 501 1884 noli
525 1837 710 1898 amplius
734 1830 981 1885 tardare.hhh

188 1939 477 2000 Tandemque
511 1957 554 1986 se
589 1939 796 1986 omnibus
835 1939 951 1986 illam
987 1940 1100 1986 vitae
1133 1957 1231 1987 suae
1267 1939 1417 1987 diebus
1452 1940 1710 2000 quaeritasse
1747 1938 1997 1996 confirmat3

189 2026 373 2068 eamque
397 2008 647 2064 [invenisse]
672 2009 782 2055 mira
804 2007 992 2068 quadarn
1015 2007 1178 2055 laetitia
1198 2009 1351 2068 gestire
1375 2009 1506 2055 etiam
1528 2007 1714 2055 videtur.
1740 2012 1999 2055 Innumerae

190 2090 436 2136 martyrum
457 2075 649 2136 legiones
671 2075 818 2122 afferri
838 2076 882 2122 in
905 2075 1100 2123 medium
1121 2091 1318 2136 possunt,
1342 2077 1416 2137 qui
1436 2076 1744 2123 volentissimis
1767 2076 1923 2123 animis
1944 2075 1999 2123 ad

189 2158 382 2190 mortem
417 2158 751 2200 concurrerunt,
786 2158 833 2191 ut
867 2143 1056 2191 dubitari
1090 2145 1174 2191 iam
1209 2162 1299 2191 non
1330 2145 1466 2221 possit
1502 2159 1716 2220 quantum
1752 2144 1857 2191 haec
1887 2162 1997 2205 quae

188 2211 433 2272 appellatur
451 2213 541 2259 vita
561 2230 651 2258 non
675 2212 865 2259 multum
890 2212 1021 2272 diligi,
1045 2227 1258 2273 quantum
1281 2213 1412 2259 etiarn
1434 2213 1577 2273 expeti
1599 2230 1730 2268 mors,
1755 2230 1886 2289 quam
1906 2212 1997 2260 vul-

187 2298 263 2340 gus
285 2281 344 2327 ita
361 2280 525 2337 horret,
545 2280 713 2327 debeat.
733 2284 872 2357 Quae
880 2280 1058 2341 quidem
1077 2299 1141 2328 res
1162 2280 1205 2328 id
1222 2280 1388 2328 efficit
1378 2299 1422 2327 in
1439 2282 1682 2342 praesentia
1698 2295 1761 2337 ut,
1781 2281 1860 2328 etsi
1878 2280 1996 2328 relic-

187 2363 283 2395 tum
322 2366 390 2395 me
424 2367 512 2396 esse
547 2349 592 2395 in
627 2350 730 2405 vita,
766 2349 947 2396 minime
983 2367 1034 2396 ex
1068 2349 1309 2396 commodo
1347 2367 1447 2396 meo
1481 2349 1645 2396 factum
1678 2364 1832 2426 putem
1868 2348 1998 2410 idque

187 2416 375 2464 doleam.
398 2419 569 2464 Tamen
590 2417 634 2464 id
655 2435 724 2464 me
746 2417 936 2464 multum
961 2415 1262 2474 consoletur,⁶
1285 2417 1406 2478 quod
1427 2436 1519 2465 non
1540 2417 1735 2465 diutius
1724 2436 1769 2464 in
1790 2418 1880 2465 vita
1896 2435 1994 2465 sum

187 2484 372 2532 futurus.
394 2485 443 2532 Id
457 2500 519 2532 est
536 2486 654 2532 enim
671 2486 902 2546 proprium
922 2487 1156 2533 senectutis
1173 2504 1331 2533 munus
1351 2486 1471 2547 quod
1484 2485 1680 2547 plerique
1698 2500 1852 2533 contra
1868 2486 1997 2533 inter-

185 2567 418 2613 pretantur
433 2553 578 2614 obque
599 2553 643 2600 id
659 2568 860 2600 accusant
878 2569 919 2601 et
937 2555 1139 2601 miseram
1156 2569 1312 2614 putant
1329 2569 1612 2601 senectutem.
1631 2554 1747 2600 Mihi
1762 2572 1869 2601 vero
1887 2572 1936 2601 ea
1950 2572 1994 2601 re

186 2620 278 2667 sola
299 2622 453 2668 ceteris
472 2621 679 2668 omnibus
703 2621 878 2668 videtur
896 2622 1106 2668 aetatibus
1126 2636 1323 2669 senectus
1344 2623 1433 2682 ipsa
1454 2621 1735 2668 anteferenda
1752 2639 1854 2677 esse,
1876 2621 1997 2682 quod

187 2688 355 2735 abitum
383 2703 611 2749 praeparat
640 2689 768 2736 nobis
798 2689 849 2736 ab
878 2689 1055 2736 vivendi
1082 2689 1418 2736 laboriosissima
1448 2690 1638 2736 vanitate
1668 2689 1921 2750 reducitque
1948 2689 1994 2735 in

187 2756 416 2803 caelestem
434 2758 636 2817 patriam,
655 2757 731 2803 ubi
751 2758 841 2804 sine
863 2757 1021 2817 algore,
1041 2757 1213 2813 sudore,
1234 2757 1396 2813 labore,
1418 2757 1570 2804 dolore
1592 2775 1700 2803 aevo
1717 2756 1997 2817 perfruamur

186 2825 486 2884 sempiterno.'

273 2896 396 2938 Haec
418 2892 461 2937 in
486 2909 555 2938 me
578 2891 819 2952 adspiciens
842 2909 941 2938 cum
967 2892 1154 2948 dixisset,
1176 2907 1327 2952 postea
1349 2893 1574 2939 conticuit.

267 3119 310 3141 ⁸³⁸
328 3116 508 3160 nummus,
529 3118 583 3154 De
601 3127 711 3154 morte
726 3119 818 3154 Hier.
840 3119 912 3154 PL
934 3120 988 3160 22,
1008 3120 1084 3154 263.

268 3168 319 3192 ¹²¹¹¹¹
334 3173 420 3211 [bid.
440 3177 586 3211 263-64.
