2124 3458
205 147 294 189 398
1816 151 1953 184 PART
1978 152 2009 184 v

205 291 410 347 concilio,
436 292 481 337 in
504 309 593 351 quo
617 290 671 337 ad
688 291 950 350 Emporium
977 289 1191 350 oppidum
1215 288 1267 336 de
1287 289 1509 336 Florentia
1529 288 1825 336 consultatum
1849 296 1945 345 estf'
1964 303 2012 336 ut

205 374 349 407 cetera
367 359 506 405 modo
526 359 891 418 praetermittam,
912 358 1054 404 Pisani
1076 371 1284 412 oratores,
1307 357 1381 417 qui
1404 371 1445 403 et
1465 357 1544 416 ipsi
1568 374 1621 403 eo
1641 371 1939 403 convenerant
1960 356 2014 403 ad

205 426 539 474 deliberandum
572 425 624 472 de
652 425 780 472 rebus
810 424 1133 480 communibus,
1167 425 1301 484 primi
1330 425 1532 470 omniurn
1567 423 1848 470 evertendam
1876 441 1963 470 esse
1993 441 2016 471 a

204 496 338 555 stirpe
357 494 469 541 hanc
486 493 642 541 urbem
661 507 935 540 censuerunt.
956 496 1106 551 Quam
1126 491 1467 539 crudelissimam
1485 492 1748 538 sententiam
1765 509 1866 538 cum
1885 490 2014 538 multi

203 577 429 624 praeterea
450 562 587 609 secuti
615 561 809 617 fuissent,
838 561 1039 607 Farinata
1065 560 1134 606 ille
1161 560 1369 615 Ubertus‚
1401 577 1580 635 magnus
1608 560 1688 615 vir,
1716 577 1769 606 ne
1797 559 1904 619 quid
1930 559 2014 606 tale

206 630 346 687 fieret,
367 623 635 705 prohibuith
662 629 746 675 Sed
770 629 952 675 minime
977 646 1056 688 per
1079 629 1256 674 Pisanos
1279 628 1397 674 stetit
1422 628 1528 688 quin
1552 628 1745 687 perirent
1770 627 2015 673 Florentini

206 698 418 754 funditus,
444 698 519 758 qui
540 697 674 758 paulo
699 711 812 753 ante,
837 714 938 743 cum
964 697 1008 742 in
1033 695 1226 743 Baleares
1247 695 1573 756 expeditionem
1595 696 1861 755 paravissent
1885 709 2014 755 atque

206 786 229 814 a
248 766 515 814 Lucensibus
535 784 615 826 per
633 783 728 812 eam
747 783 973 812 armorum
996 764 1235 811 absentiam
1256 764 1574 824 impeterentur
1592 764 1780 823 antiquis
1802 762 2013 819 hostibus,

206 854 260 883 ne
283 836 364 896 ipsi
385 835 580 895 perirent
604 833 853 881 effecerant.

290 903 374 951 Sed
405 903 655 963 antiquiora
684 902 955 958 omittamus,
989 901 1023 948 si
1056 900 1234 961 quidem
1262 900 1359 961 plus
1394 900 1550 947 habere
1581 900 1741 947 virium
1775 900 2020 947 recentiora

204 972 361 1020 solent.
387 970 693 1032 Superioribus
721 971 839 1017 enim
864 970 987 1017 annis
1012 969 1118 1030 quid
1138 970 1492 1030 praetermissum
1519 983 1580 1016 est
1604 986 1627 1016 a
1650 968 1777 1015 nobis
1802 982 1849 1015 ut
1874 968 2018 1015 Pisani

205 1040 540 1088 sublevarentur
567 1042 583 1086 ?
610 1038 735 1098 Quid
763 1039 1006 1098 excogitare
1032 1038 1187 1085 animis
1212 1052 1396 1098 potuere
1421 1052 1493 1084 aut
1518 1051 1666 1097 petere
1691 1055 1715 1084 a
1740 1036 1867 1083 nobis
1894 1035 2016 1097 quod

207 1127 299 1156 non
316 1109 369 1156 sit
386 1108 539 1155 datum
557 1125 689 1168 quam
705 1106 1001 1154 liberalissime
1021 1108 1037 1153 ?
1055 1106 1249 1153 Remissa
1265 1105 1501 1165 vectigalia.
1519 1108 1791 1152 Concessum
1809 1119 1856 1152 ut
1875 1104 2013 1151 hono-

207 1177 325 1224 ribus
344 1191 474 1236 atque
489 1175 824 1235 magistratibus,
844 1189 1054 1234 tanquam
1070 1174 1189 1220 Pisae
1205 1173 1364 1220 liberae
1380 1173 1540 1229 forent,
1558 1172 1855 1232 fungerentur.
1876 1176 2017 1219 Locus

206 1245 261 1292 ad
287 1243 644 1292 conveniendum
676 1242 812 1290 datus.
842 1243 1105 1289 Permissum
1136 1241 1315 1288 tandem
1343 1256 1391 1288 ut
1419 1241 1598 1297 curiam,
1628 1255 1676 1287 ut
1702 1241 1870 1301 priores
1899 1257 2016 1287 sena-

206 1328 390 1374 tumque
427 1312 651 1359 haberent.
688 1315 815 1371 Quae
848 1326 997 1358 tamen
1032 1309 1300 1370 indulgentia
1334 1324 1495 1366 nostra,
1531 1323 1578 1356 ut
1614 1327 1679 1356 res
1711 1309 1802 1369 ipsa
1836 1308 2016 1355 demum

207 1382 457 1437 declaravit,
483 1380 537 1428 ad
560 1398 715 1427 eorum
742 1381 787 1425 in
814 1397 893 1426 nos
917 1379 1165 1440 superbiam
1194 1378 1359 1425 addidit
1385 1392 1513 1438 atque
1538 1377 1911 1438 ingratitudinem,
1938 1395 2019 1423 nec

207 1451 444 1511 quicquam
468 1448 605 1510 (quod
625 1449 815 1496 evenisse
837 1447 919 1495 fuit
939 1448 1286 1507 convenientius)
1310 1446 1363 1494 ad
1381 1445 1516 1493 fidem
1536 1464 1635 1506 erga
1653 1463 1732 1492 nos
1753 1463 1875 1492 suam
1897 1445 2016 1492 obse-

207 1520 449 1580 quiumque
473 1517 702 1564 retinenda
718 1516 900 1577 profuit.
923 1516 1183 1563 Desciscunt
1206 1533 1308 1575 ergo
1329 1533 1351 1562 a
1373 1514 1500 1561 nobis
1522 1515 1678 1570 Pisani,
1701 1528 1829 1574 atque
1850 1531 1903 1560 eo
1925 1513 2015 1574 qui-

207 1587 309 1634 dem
328 1601 530 1647 tempore
550 1603 639 1646 quo
659 1585 786 1632 nobis
807 1602 961 1631 eorum
981 1585 1226 1631 constantia
1243 1598 1284 1630 et
1301 1584 1462 1630 virtute
1480 1583 1613 1643 magis
1633 1600 1742 1643 opus
1762 1581 1857 1629 fuit.
1878 1585 2016 1628 Occa-

205 1656 328 1703 sione
355 1655 473 1702 enim
498 1668 741 1715 praerepta,
767 1652 888 1714 quod
914 1653 959 1698 in
985 1651 1292 1699 constituenda
1312 1651 1512 1698 libertate
1536 1669 1601 1698 res
1625 1650 1848 1697 videretur
1870 1664 2020 1697 nostra

204 1723 382 1785 publica
405 1722 718 1784 perturbatior,
746 1739 855 1783 quos
882 1722 1027 1768 iuvare
1052 1720 1193 1768 dubiis
1221 1738 1402 1781 quoquo
1429 1719 1566 1766 modo
1593 1720 1637 1765 in
1663 1718 1789 1766 rebus
1815 1718 2017 1775 debuere,

207 1793 523 1853 impetiverunt
545 1792 675 1838 armis
695 1790 947 1851 bellumque
970 1789 1169 1845 intulere,
1190 1804 1231 1836 et
1250 1789 1511 1836 Lucensium
1535 1787 1748 1848 quosdam
1770 1786 1880 1834 male
1902 1786 2016 1833 fidos

204 1860 396 1921 populos
419 1878 468 1907 ac
486 1859 657 1919 regulos
679 1859 733 1906 ad
751 1858 922 1905 easdem
942 1873 1053 1905 artes
1069 1872 1331 1918 pertraxere,
1349 1856 1590 1903 sollicitatis
1612 1857 1743 1902 etiam
1763 1869 1918 1902 contra
1936 1872 2016 1901 nos

208 1928 410 1975 finitimis
435 1928 584 1974 amicis
609 1941 650 1973 et
674 1926 907 1973 foederatis
928 1925 1187 1972 Senensibus
1213 1939 1254 1971 et
1277 1924 1554 1971 Lucensibus.
1582 1928 1631 1969 In
1655 1923 1811 1983 quibus
1837 1922 2016 1982 quidem

208 1996 262 2044 ad
293 1996 405 2043 hanc
435 1995 553 2042 diem
584 1995 726 2042 maior
756 1994 941 2054 gravitas
971 1993 1052 2040 fuit
1085 2011 1216 2053 quam
1247 2010 1355 2053 quae
1385 1993 1643 2039 Pisanorum
1677 1990 1834 2038 talibus
1863 1989 2017 2037 studiis

206 2065 459 2126 permoveri
477 2064 679 2124 quiverit
696 2066 804 2110 Sunt
822 2080 929 2109 vero
944 2061 1178 2108 nonnulli
1168 2079 1254 2108 iarn
1270 2078 1379 2121 quos
1397 2060 1559 2120 incepti
1572 2060 1794 2120 paenitere
1808 2059 1874 2106 sui
1888 2057 2017 2119 perfi-

208 2133 390 2210 diaeque
413 2150 583 2179 necesse
607 2146 683 2188 est,
705 2131 862 2207 quibus
887 2130 1029 2177 multo
1053 2130 1177 2177 aliter
1196 2147 1261 2176 res
1283 2128 1475 2176 cecidere
1496 2146 1627 2189 quam
1648 2146 1671 2174 a
1690 2127 1910 2188 principio
1935 2127 2015 2187 ipsi

208 2201 577 2249 existamaverint.
604 2203 737 2260 Saepe
765 2200 883 2246 enim
910 2198 1064 2246 accidit
1089 2212 1136 2245 ut
1164 2197 1347 2244 fluctuet
1374 2196 1531 2244 melior
1556 2214 1693 2252 causa,
1719 2195 1794 2247 sed
1818 2209 1866 2242 ut
1893 2194 2021 2242 faciat

206 2270 383 2330 penitus
403 2267 679 2328 naufragium
702 2267 895 2314 accidere
913 2285 1005 2313 non
1023 2280 1183 2327 potest,
1205 2265 1494 2326 gubernatore
1516 2279 1644 2325 atque
1664 2263 2017 2310 administratore

209 2355 356 2385 rerum
378 2337 671 2396 humanarum
691 2339 805 2382 Deo.
824 2340 983 2395 Neque
1003 2353 1082 2381 nos
1100 2334 1152 2381 de
1170 2334 1344 2394 reliquis
1363 2333 1627 2388 dubitamus,
1649 2333 1769 2392 quin,
1789 2332 2017 2391 recognito

208 2405 389 2453 tandem
415 2423 576 2460 errore,
603 2404 785 2451 redituri
808 2404 894 2450 sint
922 2404 967 2449 in
992 2404 1109 2449 viam
1133 2417 1413 2462 veteremque
1437 2415 1610 2448 nostrae
1635 2399 1915 2460 Reipublicae
1942 2398 2021 2446 cle-

209 2474 423 2521 mentiam
446 2472 737 2533 imploraturi.

293 2541 377 2589 Sed
395 2542 561 2588 interea
577 2540 870 2601 respondeant
889 2539 1029 2596 nobis,
1051 2540 1112 2585 mi
1130 2538 1322 2594 Trebati,
1341 2538 1415 2598 qui
1433 2555 1513 2584 nos
1531 2538 1795 2597 vituperant,
1815 2534 1921 2596 quid
1939 2534 2018 2588 hac

210 2612 255 2656 in
278 2624 402 2670 parte
424 2628 516 2656 non
537 2609 743 2669 probent.
768 2612 842 2654 An
866 2626 945 2655 nos
967 2607 1093 2668 plura
1116 2606 1338 2654 indulsisse
1364 2623 1495 2666 quam
1518 2605 1763 2665 oportuerit
1788 2603 2017 2664 reprehen-

210 2678 315 2725 dent
341 2692 382 2724 et
410 2677 665 2724 facilitatem
691 2691 732 2723 et
759 2676 1075 2735 benignitatem
1100 2674 1336 2735 publicam,
1366 2691 1474 2734 quae
1500 2672 1728 2733 peculiaris
1755 2686 1816 2718 est
1844 2685 2018 2717 nostrae

211 2746 411 2801 civitatis,
434 2744 796 2792 condemnabunt
820 2746 836 2790 ?
856 2747 983 2802 Quae
1005 2744 1123 2789 enim
1146 2760 1197 2789 ex
1218 2741 1423 2788 omnibus
1446 2740 1590 2788 Italiae
1609 2739 1941 2786 urbibus—nam
1968 2737 2020 2785 de

211 2814 427 2861 extraneis
448 2812 586 2859 modo
608 2812 750 2859 dicere
771 2811 879 2857 nihil
902 2812 1231 2871 attinet—quae,
1252 2811 1445 2870 inquam,
1468 2808 1583 2864 urbs,
1608 2808 1682 2868 qui
1701 2806 1855 2867 populi
1877 2824 2015 2866 unqu·

292 3059 306 3081 ἕ
324 3058 366 3091 In
385 3057 483 3097 1261,
504 3052 593 3091 after
609 3052 671 3090 the
688 3052 803 3090 defeat
823 3051 863 3089 of
878 3051 940 3089 the
959 3050 1083 3089 Guelfs
1103 3051 1151 3099 by
1168 3050 1230 3088 the
1249 3049 1472 3088 Ghibellines
1490 3061 1524 3086 at
1541 3048 1766 3096 Montaperti
1781 3047 1820 3084 in
1840 3049 1937 3084 1260.

293 3107 308 3132 ¹²
324 3113 487 3150 Farinata
499 3111 592 3160 degli
608 3111 750 3155 Uberti‚
766 3110 810 3148 cf.
826 3113 956 3154 Dante,
970 3109 1036 3158 Ins
1052 3112 1096 3153 X,
1113 3112 1235 3147 91-93:
1254 3111 1262 3123 ‘
1278 3111 1353 3145 ‘Ma
1366 3107 1417 3145 fu'
1434 3108 1469 3145 io
1484 3106 1538 3145 sol
1553 3106 1642 3150 cola,
1657 3105 1750 3144 dove
1763 3104 1913 3143 sofferto
1931 3103 1952 3142 l
1967 3107 2019 3141 Fu

210 3179 276 3213 per
293 3166 435 3202 ciascun
450 3163 489 3201 di
504 3176 603 3201 torre
622 3164 678 3200 via
696 3161 902 3206 Fiorenza,l
922 3161 1032 3199 Colui
1049 3161 1114 3199 che
1131 3161 1164 3198 la
1180 3160 1281 3198 difesi
1300 3174 1319 3197 a
1336 3161 1412 3197 viso
1431 3161 1579 3207 apert0.'
