2060 3450
110 177 283 211 POEMS

311 318 504 360 Necnon
528 315 779 360 Memnonii
801 332 904 374 gens
928 315 1047 374 nigra
1068 315 1278 371 Dardani,

311 385 461 440 Quem
486 384 746 442 Gangesque
768 381 873 429 colit
896 400 1114 443 quemque
1135 387 1162 438 †
1181 401 1301 430 sacer
1319 383 1417 431 laris

309 449 405 495 Nili
430 449 683 509 multiplicis
707 450 888 496 nomina
913 449 1108 497 fluminis

311 516 553 577 Implerunt
577 516 803 563 Medicum
826 521 865 573 †,
889 518 999 564 iurat
1022 533 1063 564 et
1084 519 1205 565 ostiis

308 588 359 631 Se
381 599 574 644 spectare
596 584 704 630 nihil
728 584 882 632 clarius
905 585 1124 642 omnibus;

308 656 419 698 Non
442 667 519 708 est,
544 670 634 698 non
656 651 778 699 locus
800 667 861 699 est
884 652 995 700 ullus
1020 654 1064 699 in
1087 654 1274 710 extimis,

309 723 459 779 Quem
483 734 531 767 tu
554 737 646 767 non
669 720 860 777 decores,
883 724 1061 778 Cosme,
1087 739 1178 769 non
1202 723 1380 779 intimis,

309 788 402 846 Qui
425 803 467 834 te
490 806 580 834 non
605 788 766 835 recolat
786 789 982 849 partibus
1004 790 1223 846 omnibus,

308 860 334 912 †
354 860 628 916 Vereturque
650 860 677 913 †
698 856 821 904 Atlas
842 872 883 904 et
904 857 985 904 tibi
1006 859 1167 905 vertice

307 925 513 971 Demisso
538 925 715 984 egregiis
738 940 862 972 nutat
886 925 1141 982 honoribus3

306 993 474 1039 Semoti
495 993 670 1053 penitus
693 993 799 1040 orbe
824 994 1062 1041 Britannici

307 1061 530 1107 Mirantur
548 1061 716 1121 populi,
742 1065 769 1117 †
790 1076 832 1108 et
852 1066 879 1117 †
899 1061 1054 1109 ultima
1076 1078 1118 1110 et
1139 1063 1329 1110 insolens

305 1128 448 1175 Thule
472 1143 514 1175 te
535 1129 672 1175 titulis
692 1131 974 1190 prosequitur
997 1132 1135 1177 novis.

305 1198 374 1242 Tu
396 1211 541 1256 gratus
561 1198 740 1257 superis,
764 1212 908 1257 gratus
930 1212 971 1244 et
993 1197 1153 1245 inferis.

305 1264 474 1310 Divum
498 1279 540 1311 te
559 1265 710 1325 pietas,
731 1264 847 1325 larga
867 1265 1110 1326 benignitas

304 1332 457 1379 Talem
480 1347 522 1379 te
543 1332 723 1389 faciunt3
746 1333 864 1380 mille
885 1352 965 1394 per
985 1352 1113 1381 aurea

305 1400 571 1460 Resplendes
592 1404 618 1457 †
640 1400 820 1448 delubra
840 1405 878 1457 †:
903 1420 1004 1448 narn
1027 1402 1107 1449 tibi
1129 1403 1318 1450 candido

303 1467 428 1514 Mille
451 1486 547 1515 arae
568 1468 757 1516 recalent
779 1487 998 1517 marmore
1022 1470 1204 1527 nobiles;

303 1538 372 1582 Tu
394 1537 577 1583 summis
603 1536 733 1583 decus
754 1555 797 1584 es
818 1552 860 1584 et
882 1538 1175 1586 mediocribus

302 1607 406 1664 Spes
429 1619 546 1651 certa
566 1619 607 1651 et
629 1605 795 1652 miseris
815 1605 1064 1666 perfugium
1088 1607 1229 1663 bonis;

302 1674 365 1718 Te
388 1671 447 1718 nil
473 1687 535 1719 est
558 1672 725 1729 melius,
751 1673 810 1719 nil
833 1675 1082 1734 sapientius3

302 1744 538 1800 Expertem
559 1741 775 1801 populum
800 1742 1088 1790 seditionibus

301 1809 445 1855 Tetris
466 1809 652 1856 consilio
676 1810 750 1870 qui
772 1809 875 1857 facis
896 1825 938 1857 et
960 1826 1095 1867 metu3

302 1879 452 1935 Quem
475 1892 659 1937 propter
678 1878 833 1938 populi
858 1879 949 1925 iure
970 1879 1217 1939 superbiam

302 1946 479 1990 Ponunt
504 1944 698 2000 finitimi,
722 1944 928 1992 fluctibus
951 1947 1135 2007 impiger

299 2015 411 2057 Non
434 2011 539 2058 Padi
561 2027 633 2059 aut
655 2012 857 2060 Thiberis
880 2013 1159 2061 inferioribus

301 2083 449 2126 Arnus
471 2079 718 2140 pellabitur3
740 2099 933 2142 paceque
955 2082 1096 2129 Lidias

300 2151 495 2194 Exornat
517 2163 693 2208 segetes,
716 2163 757 2195 et
776 2150 890 2209 parit
912 2151 1003 2196 otia

299 2217 411 2261 Tam
432 2230 552 2275 grata
572 2216 769 2276 agricolis
790 2231 995 2278 grataque
1017 2218 1194 2266 civibus.

299 2283 457 2343 Fingis‚
483 2286 661 2340 Cosme,
688 2284 889 2332 homines
914 2286 1110 2333 moribus
1135 2288 1314 2347 optimis

300 2352 518 2411 Civesque
543 2352 731 2399 instituis
754 2353 967 2400 iusticiam
990 2355 1126 2415 sequi,

300 2422 427 2477 Quae
450 2419 523 2466 dat
542 2420 814 2481 principibus
839 2439 970 2482 regna
988 2423 1257 2483 potentibus,

299 2490 427 2546 Quae
448 2503 589 2535 servat
611 2488 876 2537 domina‹n›s
901 2508 966 2537 res
986 2490 1097 2538 bene
1117 2491 1324 2552 publicas.

298 2556 607 2617 Miranturque
631 2556 832 2605 homines
857 2558 968 2606 hanc
988 2560 1259 2620 sapientiam,

298 2627 403 2682 Qua
426 2625 564 2671 nostri
586 2626 759 2686 sapiunt
783 2644 863 2673 nec
883 2628 1056 2687 sapiunt
1080 2629 1224 2675 minus

298 2693 478 2738 Externi
498 2693 666 2752 populi,
694 2693 873 2741 militiae
895 2709 937 2741 et
958 2694 1093 2742 domi.

298 2762 374 2805 Me
395 2774 511 2806 certe
532 2777 584 2806 ex
607 2759 762 2807 humili
787 2763 968 2809 materia
987 2777 1029 2809 et
1050 2762 1147 2810 rudi

298 2826 571 2888 Informique
594 2827 690 2875 luto
712 2829 797 2876 alta
817 2844 907 2877 arte
927 2830 1179 2878 Promethei

296 2895 366 2941 Sic
387 2894 516 2942 finxit
539 2913 608 2943 me
632 2896 874 2953 hominem,
898 2899 959 2945 sic
979 2898 1099 2946 dedit
1119 2899 1287 2955 alitum,

298 2965 407 3021 Quo
428 2964 548 3023 spiro
572 2978 614 3011 et
634 2963 779 3024 lyricis
803 2965 907 3013 haec
927 2965 1042 3013 dedo
1062 2967 1268 3014 versibus.

296 3030 497 3077 Tandem
519 3032 734 3079 coccineis
754 3034 882 3080 vestit
904 3033 1158 3082 honoribus.

297 3100 384 3145 Pro
405 3116 495 3159 quo
518 3099 624 3160 quid
646 3099 816 3157 referes,
839 3119 867 3148 o
890 3119 987 3149 mea
1006 3102 1233 3149 barbiton?

295 3165 375 3212 Nil
399 3181 461 3213 est
484 3167 606 3227 quod
628 3167 798 3215 referas:
822 3168 982 3225 desine,
1004 3169 1222 3217 barbiton.

1675 603 1711 634 15

1670 944 1711 974 20

1666 1625 1708 1655 30

1664 1965 1704 1995 35

1661 2645 1701 2676 45

1659 2983 1701 3015 50

1818 176 1909 215 447
