2072 3450
159 175 248 214 518
805 172 840 211 Ι;
870 172 961 211 212
1508 176 1759 211 TEXTUAL
1784 176 1959 211 NOTES

257 314 283 335 ¹⁴
299 316 519 352 revocavisti:
536 315 707 351 revocasti
722 311 836 351 Marc³

258 366 282 388 ¹⁵
298 382 362 416 ego
379 398 386 404 .
402 397 409 404 .
425 397 432 404 .
448 368 605 404 amicius:
622 367 767 403 amicius
784 367 853 403 iam
868 378 987 403 tecum
1002 363 1115 403 Marc³

258 419 283 441 ¹⁶
297 435 458 470 unquam
474 451 481 458 .
497 450 503 457 .
521 450 528 457 .
542 420 696 468 dignam:
713 420 856 468 dignam
871 420 951 456 satis
967 417 1080 456 Marc³

258 471 283 493 ¹⁷
298 473 509 510 Parthenius
524 475 577 520 Ly

258 525 283 546 ¹⁸
298 526 427 564 multo:
444 525 566 563 multis
582 523 694 562 Marc³

258 576 284 598 ¹⁹
299 580 347 616 ita
358 590 441 616 ante
453 578 672 626 distorqueat
688 575 800 614 Marc³

255 630 285 652 ²⁰
298 632 496 669 videbatur:
511 631 652 668 videtur
666 628 780 668 Marc³

255 682 282 704 ²¹
298 684 388 721 olim
402 699 468 721 om.
486 681 600 720 Marc³

255 735 284 757 ²²
298 737 334 775 id
348 737 430 774 hoc:
446 737 516 774 hoc
531 736 567 774 id
581 739 634 785 Ly

255 787 283 810 ²³
298 789 432 827 nobile:
448 790 598 826 nomine
613 791 666 837 Ly

255 841 283 863 ²⁴
297 855 417 880 tamen
428 853 504 891 post
518 857 606 891 quae
620 841 697 879 add.
715 839 829 879 Marc³

255 893 283 915 ²⁵
298 907 338 932 ut
350 906 433 932 ante
446 896 493 932 ait
506 894 568 931 del.
586 891 699 931 Marc'

255 946 284 968 ²⁶
299 950 396 986 item:
414 960 533 985 autem
548 950 601 996 Ly

255 998 284 1020 ²⁷
299 1015 425 1048 genera
439 1015 477 1036 ex
491 1000 630 1048 gemine
645 1014 727 1036 corr.
745 996 859 1035 Marc³

256 1051 283 1073 ²⁸
298 1065 412 1090 turres
422 1063 498 1101 post
512 1053 644 1089 susurri
658 1051 735 1088 add.
753 1049 866 1088 Marc³

256 1102 284 1124 ²⁹
299 1119 518 1142 enumerare:
534 1118 755 1141 enumerasse
771 1106 823 1151 Ly

257 1157 285 1179 ³⁰
257 1159 459 1231 31ductum:
476 1158 612 1195 dictum
629 1160 682 1206 Ly

257 1209 544 1260 3¹quaesiverim:
561 1211 750 1259 quesierim
766 1207 879 1246 Marc³

257 1262 543 1337 ssprofiteretur:
558 1263 818 1312 profiterentur
830 1260 943 1300 Marc³

257 1315 442 1366 ”quaevis
457 1331 496 1354 ex
509 1330 740 1365 quaecunque
755 1330 837 1353 corr.
854 1313 968 1352 Marc³

257 1369 285 1391 ³⁴
257 1373 567 1443 ³5.Quanquam.
605 1369 938 1442 applumbationem
952 1380 1071 1406 auctor
1085 1372 1122 1406 in
1138 1372 1209 1406 ima
1218 1371 1346 1417 pagina
1359 1368 1435 1405 add.
1453 1365 1578 1412 Marc³;
1594 1382 1659 1405 om.
1677 1370 1730 1416 Ly

257 1421 413 1460 ³⁵illum·
429 1437 505 1460 non
520 1425 647 1466 Marc,
662 1421 739 1459 edd.

257 1475 285 1497 ³⁶
299 1477 352 1514 de:
370 1492 388 1514 e
402 1479 455 1525 Ly

258 1527 285 1549 ³⁷
257 1532 365 1603 38Αε.
381 1531 424 1566 Et
439 1526 553 1566 Marc³

257 1580 469 1632 ³⁸quocum:
487 1597 570 1619 cum
586 1597 658 1631 quo
674 1579 799 1625 Marc³;
815 1582 875 1630 qui
890 1596 972 1618 cum
988 1583 1040 1629 Ly

257 1633 308 1655 ³⁹
300 1650 394 1684 ipse.
435 1635 646 1683 .scripserit:
661 1646 695 1671 et
711 1635 783 1694 ipse
799 1633 911 1670 multa
924 1634 1062 1682 scripsit
1076 1630 1189 1670 Marc³

256 1686 286 1708 ⁴⁰
300 1689 442 1726 nescio.
482 1703 580 1736 ‚zego
597 1702 704 1736 quam
720 1688 792 1736 ipse
808 1687 964 1724 tribuam
979 1688 1097 1724 nescio
1112 1686 1198 1736 quid
1213 1684 1326 1724 Marc³

257 1739 384 1789 ⁴¹ipse:
402 1755 466 1789 ego
482 1738 595 1777 Marc³

257 1792 285 1814 ⁴²
300 1808 394 1831 cum:
411 1806 445 1831 et
460 1791 574 1830 Marc³

257 1843 285 1866 43
300 1846 491 1894 astrologia
505 1845 666 1882 forsitan:
682 1844 766 1882 fors.
783 1844 901 1882 astrol.
917 1842 1029 1881 Marc-³

257 1898 286 1919 ⁴⁴
300 1899 581 1937 cincindelarum
595 1913 634 1936 ex
647 1898 900 1936 cincidelarum
914 1913 996 1935 corr.
1014 1895 1127 1935 Marc³

257 1950 285 1972 ⁴⁵
299 1964 418 1989 tantae
433 1967 499 1989 om.
516 1948 631 1988 Marc³

257 2004 285 2026 46
300 2008 361 2043 At:
377 2018 482 2054 atque
498 2002 610 2042 Marc³

257 2056 286 2078 ⁴⁷
300 2057 399 2107 quod
414 2088 421 2095 .
437 2088 444 2095 .
461 2088 468 2095 .
482 2057 637 2095 differar:
652 2057 767 2094 dicam
783 2056 881 2105 quod
895 2057 1011 2094 sentio
1026 2053 1141 2093 Marc³

257 2110 285 2132 ⁴⁸
300 2114 405 2160 Quae
419 2127 457 2149 ex
471 2126 578 2160 quem
592 2110 810 2160 sup.lin.corr.
827 2121 946 2148 auctor
960 2107 1075 2147 Marc³

257 2162 286 2184 ⁴⁹
299 2164 525 2201 desiderium:
544 2163 675 2212 cupido
692 2160 804 2200 Μαι-63

258 2215 286 2237 ⁵⁰
301 2217 578 2254 infructuosum:
596 2216 722 2254 inutile
735 2214 848 2253 Marc³

258 2267 284 2290 ⁵¹
300 2269 413 2307 famae
429 2300 436 2306 .
452 2300 459 2306 .
476 2300 483 2306 .
497 2282 629 2306 tamen:
644 2268 845 2317 vigiliarum
859 2282 1002 2305 suarum
1017 2267 1152 2305 fructus
1167 2268 1364 2316 percipiant
1379 2266 1572 2327 (laboribus
1587 2266 1642 2303 his
1655 2267 1725 2304 suis
1740 2265 1961 2303 confidentia

299 2326 336 2360 in
352 2338 457 2371 marg.
473 2322 535 2359 del.
551 2333 679 2365 auctor,
694 2321 823 2359 addens
835 2321 984 2358 ibidem
977 2322 1111 2370 ingenti
1124 2321 1287 2370 profecto
1302 2320 1344 2358 de
1359 2335 1394 2358 se
1409 2320 1545 2369 deque
1538 2321 1681 2368 ingenio
1695 2334 1761 2357 suo
1776 2318 1958 2356 confiden-

299 2374 371 2423 tia)
386 2377 446 2412 Ne
459 2374 575 2412 dicam
591 2374 689 2423 quod
703 2375 865 2422 usurpari
880 2373 985 2411 audio
1002 2388 1020 2410 a
1034 2373 1219 2410 nonnullis
1232 2373 1431 2421 arrogantia
1444 2387 1483 2410 ac
1496 2373 1705 2415 temeritate,
1720 2386 1827 2420 quam
1842 2385 1949 2420 quam

299 2428 337 2465 hi
352 2428 489 2465 ferendi
503 2429 646 2476 aequius
662 2427 830 2464 videntur
842 2440 935 2464 certe
950 2428 1068 2464 minus
1084 2428 1220 2463 irritare
1233 2426 1363 2463 debent
1378 2438 1411 2463 et
1426 2425 1566 2462 molesti
1582 2440 1663 2469 esse,
1680 2426 1853 2473 quoniam
1868 2425 1934 2473 ipsi

299 2480 342 2517 de
357 2495 392 2517 se
407 2481 528 2528 potius
542 2480 655 2528 deque
670 2479 806 2516 viribus
819 2478 994 2516 scribendi
1010 2480 1079 2515 suis
1094 2493 1201 2527 quam
1216 2478 1258 2515 de
1273 2478 1386 2515 aliena
1398 2479 1531 2514 virtute
1543 2477 1704 2526 proferre
1717 2477 1931 2514 sententiam

299 2533 479 2570 videntur.
494 2534 630 2569 Tamen
647 2532 683 2569 id
696 2530 810 2569 Marc³

259 2583 287 2604 ⁵²
301 2599 390 2633 quae
406 2588 443 2621 in
459 2597 563 2632 marg.
580 2599 619 2621 ex
632 2598 739 2632 quam
752 2594 872 2620 auctor
885 2598 967 2620 corr.
985 2580 1097 2620 Marc³

259 2636 286 2658 53
303 2639 339 2674 in
353 2668 360 2675 .
378 2668 384 2675 .
401 2668 407 2675 .
423 2652 549 2686 pressa:
566 2651 702 2686 praessa
718 2638 754 2673 in
769 2651 910 2673 nonum
925 2633 1038 2673 Marc³

260 2688 287 2710 ⁵⁴
301 2689 429 2727 deinde
440 2700 516 2738 post
530 2689 653 2726 limam
667 2688 744 2726 add.
762 2686 874 2725 Marc-³

260 2741 286 2763 ⁵⁵
302 2743 475 2781 accidisse:
494 2743 681 2791 contigisse
697 2739 809 2779 Marc'

260 2793 474 2832 ⁵⁶oblinunt
488 2807 602 2844 atque:
619 2807 723 2843 atque
739 2794 909 2831 oblinunt
924 2793 1131 2841 (oblinuunt
1146 2790 1271 2840 Marc³)
1288 2794 1373 2830 MSS

275 2847 410 2886 ⁷etiam
419 2860 495 2897 post
508 2848 616 2897 vulgo
630 2848 706 2885 add.
724 2845 838 2884 Marc³

260 2899 287 2921 ⁵⁸
303 2913 411 2938 nota.
450 2900 644 2938 ‚videaturt
659 2900 820 2937 videatur
835 2912 921 2936 nota
935 2899 1050 2948 aliqua
1064 2896 1176 2936 Marc³

261 2952 288 2974 59

260 3004 289 3026 ⁶0

304 2954 514 2991 insaniendi:
531 2953 745 2991 inserviendi
758 2950 872 2990 Marc³

302 3021 429 3043 verum
445 3005 542 3043 illud:
559 3005 647 3042 illud
660 3019 785 3042 verum
800 3002 914 3041 Marc³

261 3058 287 3079 ⁶¹
304 3059 394 3096 nihil
409 3060 564 3096 beatum:
581 3059 726 3096 beatum
742 3058 831 3095 nihil
846 3055 958 3095 Marc-³

261 3109 289 3131 ⁶²
303 3111 457 3160 plebeias
472 3123 724 3160 spectatorum:
741 3122 848 3159 spect.
865 3109 957 3158 pleb.
973 3106 1086 3146 Marc³

261 3163 289 3185 63
303 3165 389 3202 Vale
405 3195 412 3202 .
428 3195 436 3202 .
451 3195 458 3202 .
474 3166 888 3202 MCCCCLXXXXIII:
903 3165 1016 3208 τελος
1034 3160 1147 3199 Marc³
1163 3162 1283 3211 (postea
1297 3160 1458 3209 deletum)
