2072 3450
169 173 261 212 516
775 170 811 210 I:
845 171 1065 211 153-198
1519 176 1771 211 TEXTUAL
1795 177 1971 212 NOTES

267 313 291 334 ¹¹
307 314 420 352 crede:
436 314 524 352 vede
538 317 604 351 Mo

267 365 292 387 ¹²
307 368 503 404 necessario
519 381 557 403 ex
571 381 748 403 necessare
763 367 843 403 Min
859 367 1048 403 necessarie
1064 369 1129 403 Mo
1144 369 1271 403 correxi

267 418 292 440 ¹³
307 420 465 457 advisato
482 422 559 457 Mo:
575 419 696 457 adviso
712 420 792 456 Min

267 470 293 492 ¹⁴
307 484 341 509 et
356 487 422 509 om.
440 474 506 509 Mo

170 529 250 563 154.
267 523 276 545 ¹
292 538 326 563 et
341 525 515 562 excellens
524 535 600 573 post
614 524 766 562 Illustria
778 524 840 561 del.
858 526 920 561 MS

170 581 250 615 155.
267 575 277 597 ¹
293 593 315 615 o
330 592 416 614 vero
431 577 589 626 laghetto
604 592 643 614 ex
656 589 690 614 et
704 577 849 614 vivaetti
862 591 945 614 corr.
962 578 1025 614 MS

265 629 278 651 ²
292 630 386 668 nella
399 630 599 679 podesteria
613 645 652 667 ex
666 630 723 667 nel
738 644 932 667 commune
947 644 1029 667 corr.
1047 631 1110 667 MS

265 681 277 703 ³
293 682 310 720 ὲ
324 698 363 720 ex
376 697 468 720 sono
483 697 565 720 corr.
583 684 647 719 MS

170 740 251 774 157.
267 734 276 755 ¹
292 735 445 773 consilio
455 747 531 784 post
546 737 619 772 eius
632 735 695 772 del.
713 737 776 772 MS

170 792 251 825 158.
267 786 276 807 ¹
292 787 429 825 Volessi
444 789 480 824 D
493 799 576 824 ante
588 788 751 836 Priegovi
765 787 827 824 del.
845 789 907 824 MS

264 839 278 861 ²
292 844 344 879 Ex
359 872 366 879 .
382 871 389 878 .
406 872 413 878 .
429 844 529 878 ,1482
546 843 697 878 manuA

170 898 251 931 160.
267 892 277 913 ¹
292 896 344 931 Ex
358 893 491 943 palatio
506 893 706 930 florentino
719 908 785 930 om.
803 895 855 930 Lu

264 945 278 967 ²
292 948 457 996 Augusti:
474 947 553 984 Iulii
567 949 633 984 Mo

170 1004 251 1038 161.
267 998 276 1020 ¹
292 1001 362 1038 Die
377 1001 414 1037 iii
429 1002 468 1037 Iu
478 1011 554 1049 post
567 1001 637 1037 Die
653 1000 690 1036 iii
704 1000 856 1048 Augusti
876 1002 960 1036 1482
974 999 1036 1036 del.
1054 1001 1119 1036 Mo

170 1051 288 1091 161ει.1
304 1055 439 1102 augusti
456 1068 494 1091 ex
508 1056 547 1091 Iu
561 1068 644 1090 corr.
662 1056 727 1090 Mo

170 1110 251 1144 162.
267 1104 277 1126 ¹
292 1118 512 1155 prosecutus:
529 1118 732 1155 persecutus
748 1108 807 1142 Ian

265 1158 278 1179 ²
292 1175 499 1197 commune:
516 1174 559 1196 eo
574 1174 723 1196 munere
738 1161 797 1196 Ian

266 1210 277 1232 ³
293 1211 471 1249 beneficio
486 1226 524 1248 ex
537 1211 755 1248 beneficium
770 1226 853 1248 corr.
871 1213 936 1248 Mo

265 1264 279 1285 ⁴
293 1265 460 1303 contulit:
474 1264 630 1302 consulit
645 1267 704 1301 Ian

171 1321 251 1355 164.
268 1315 277 1337 ¹
293 1321 337 1355 24
351 1332 389 1355 ex
402 1321 444 1355 23
463 1316 502 1365 (?)
518 1332 601 1354 corr.
619 1319 682 1354 MS

170 1376 251 1409 165.
268 1369 277 1391 ¹
293 1371 465 1409 benificio
479 1386 518 1408 ex
531 1370 709 1408 beneficio
724 1386 806 1408 corr.
823 1372 886 1408 MS

170 1428 251 1462 166.
268 1422 277 1443 ¹
292 1423 460 1462 solidum:
478 1423 647 1461 soludum
664 1425 726 1460 MS

266 1475 279 1497 ²
295 1477 346 1525 (ut
360 1492 487 1514 verum
502 1476 635 1524 fatear):
651 1489 691 1514 ut
707 1476 844 1524 (verum
860 1475 979 1524 fatear)
997 1478 1060 1513 MS

266 1527 278 1549 ³
294 1529 462 1566 rescribas
477 1544 515 1566 ex
530 1529 719 1566 rescribam
735 1543 817 1566 corr.
834 1530 898 1566 MS

171 1587 251 1620 167.
268 1581 277 1603 ¹
293 1597 409 1632 eques:
426 1595 460 1620 et
474 1584 549 1627 MS,
556 1582 700 1631 fortasse
713 1595 778 1619 etc.
796 1582 841 1630 (et
856 1581 1044 1619 clarissime
1060 1596 1163 1631 eques
1179 1585 1267 1619 utin
1282 1581 1348 1619 lett.
1369 1585 1431 1619 124
1444 1580 1525 1630 sup.)

265 1633 278 1655 ²
293 1648 343 1673 est
356 1647 439 1672 ante
451 1636 558 1672 etiam
571 1634 634 1672 del.
652 1637 715 1672 MS

171 1693 251 1727 168.
268 1687 277 1709 ¹
292 1689 441 1738 speciale
455 1700 537 1726 ante
550 1688 742 1738 Magnifice
755 1688 816 1726 del.
834 1690 897 1726 MS

170 1745 251 1779 171.
268 1740 277 1761 ¹
293 1743 356 1779 noi
369 1753 453 1779 ante
464 1742 525 1779 voi
539 1741 601 1779 del.

265 1793 278 1815 ²
293 1795 496 1845 procedere:
513 1795 610 1833 lectio
623 1794 730 1832 dubia

171 1852 251 1885 174.
268 1846 277 1868 ¹
292 1860 332 1885 ut
342 1859 419 1897 post
432 1860 596 1885 curatum
612 1850 689 1891 Mo;
704 1847 888 1884 emendavi

171 1906 251 1939 175.
268 1900 277 1921 ¹
293 1901 437 1939 verbum
453 1901 612 1950 illegibile
619 1912 695 1950 post
710 1900 909 1938 Benedecto
922 1900 984 1938 del.
1002 1902 1065 1938 MS

265 1952 278 1974 ²
294 1966 498 1991 resteremo:
516 1966 695 1991 restereno
711 1955 774 1990 MS

171 2012 251 2045 177.
268 2006 277 2027 ¹
293 2020 459 2044 starem0:
475 2019 617 2044 stareno
632 2009 696 2044 MS

265 2057 279 2079 ²
293 2061 500 2096 aviseremo:
518 2059 725 2096 advisereno
740 2061 803 2096 MS

266 2111 278 2133 ³
293 2114 534 2162 GianIacopo:
550 2114 683 2150 Gian—-
699 2112 911 2160 (incertlett.)
928 2114 991 2149 MS

265 2164 279 2185 ⁴
294 2166 433 2202 Ermiti:
449 2166 588 2202 Ermini
603 2167 666 2202 MS

170 2223 251 2256 178.
268 2217 277 2238 ¹
297 2223 348 2256 12:
363 2220 412 2255 xii
426 2221 489 2256 MS

171 2274 251 2308 182.
268 2269 277 2290 ¹
292 2271 362 2308 Die
372 2281 448 2319 post
462 2273 591 2307 Vostra
605 2270 667 2307 del.
685 2272 748 2307 MS

170 2327 251 2361 183.
268 2322 277 2344 ¹
293 2323 359 2361 alla
372 2326 450 2361 S.V.
467 2338 506 2361 ex
519 2338 538 2360 a
551 2324 611 2360 voi
626 2338 709 2360 corr.
727 2325 790 2360 MS

171 2380 251 2413 184.
268 2374 277 2396 ¹
292 2377 456 2413 savamci:
472 2376 611 2413 savanci
627 2377 690 2412 MS

171 2433 251 2466 186.
268 2427 277 2449 ¹
292 2429 385 2466 dissi:
402 2429 491 2466 disse
507 2431 570 2466 MS

265 2479 279 2501 ²
293 2496 375 2518 con:
389 2481 425 2518 di
441 2483 504 2518 MS

171 2539 251 2572 187.
268 2533 277 2555 ¹
294 2535 534 2572 ‘Amorbam’:
551 2537 810 2572 AMORBAM
826 2536 889 2572 MS

171 2591 251 2625 188.
268 2585 277 2607 ¹
293 2587 393 2625 brevi
408 2602 446 2624 ex
459 2587 566 2624 breve
581 2602 663 2624 corr.
681 2589 744 2624 MS

171 2644 252 2678 191.
268 2639 277 2660 ¹
293 2641 457 2689 bisogno:
475 2641 615 2688 bisogni
630 2642 693 2677 MS

266 2690 279 2712 ²
295 2694 529 2729 riconoscere:
546 2707 775 2729 reconoscere
790 2694 853 2729 MS

267 2743 278 2766 ³
294 2745 370 2783 che:
385 2745 444 2782 chi
459 2747 522 2782 MS

172 2801 252 2834 192.
269 2796 278 2817 ¹
294 2797 451 2834 Altoviti
463 2809 619 2846 suprascr.
638 2799 701 2834 MS

266 2848 279 2870 ²
295 2852 370 2887 mio
386 2865 528 2899 genero:
543 2862 699 2899 suprascr.
718 2852 781 2887 MS

172 2907 252 2940 195.
269 2901 278 2922 ¹
294 2904 342 2940 sic
357 2902 440 2939 idest
454 2904 480 2940 si
495 2903 547 2940 vis

173 2960 253 2993 196.
270 2954 278 2975 ¹
294 2956 363 2993 Sub
374 2956 492 3004 sigillo,
501 2956 644 3004 fortasse
658 2968 722 2993 etc.

172 3011 253 3045 198.
270 3006 279 3027 ¹
294 3022 347 3044 su·
357 3019 433 3056 post
448 3007 537 3044 mihi
551 3007 613 3044 del.
631 3009 694 3044 MS

267 3058 280 3080 ²
294 3060 449 3097 detrahis
462 3071 544 3097 ante
556 3060 668 3097 demis
682 3060 744 3097 del.
762 3062 824 3097 MS

268 3110 280 3132 ³
295 3127 383 3161 quae
399 3113 503 3149 amici
519 3113 706 3160 respiciant
721 3112 929 3160 dignitatem
940 3123 1015 3160 post
1029 3112 1234 3160 praesertim
1248 3110 1310 3148 del.
1327 3112 1390 3148 MS

267 3165 281 3185 ⁴
295 3178 355 3203 aut
370 3167 409 3203 is·
420 3177 496 3214 post
511 3166 608 3202 istius
623 3165 685 3202 del.
703 3167 765 3202 MS
