2118 3444
234 176 321 217 178
1858 184 1996 217 PART
2021 185 2035 218 1

232 335 309 377 est,
337 335 490 368 autore
517 314 763 380 Vergilio,b2
795 319 911 380 apud
938 338 1068 380 quem
1096 324 1243 367 Venus
1273 319 1488 380 placidam
1514 339 1593 381 per
1620 321 1817 368 membra
1845 322 2038 382 quietem

232 389 392 448 irrigat.
414 392 525 435 Non
546 389 647 435 satis
666 387 796 434 video
817 405 894 434 cur
912 391 1040 434 citare
1056 391 1273 435 somnium
1298 406 1388 435 non
1409 389 1462 435 sit
1483 406 1764 436 commovere
1787 403 1828 436 et
1847 389 2035 437 turbare.

232 456 360 503 Adde
383 455 518 517 quod,
544 470 759 516 quantum
785 473 865 516 ego
888 456 1103 512 noverim,
1129 474 1262 503 nemo
1287 455 1338 503 de
1360 474 1520 503 somno
1546 456 1796 504 inducendo
1819 458 1893 513 sic,
1917 471 1966 504 ut
1989 471 2037 505 tu

232 525 446 585 interpres
474 542 561 571 esse
588 525 666 580 vis,
695 542 813 571 nunc
840 523 1048 584 loquitur.
1078 528 1395 571 Verumtamen
1423 525 1456 571 si
1484 524 1695 585 displicet,
1722 525 1855 572 velim
1881 539 2036 573 mutes:

220 592 369 652 fugere
390 593 443 639 sit
467 610 550 652 pro
574 595 713 638 citare.
738 592 806 638 Fit
830 591 1066 652 aliquando
1090 591 1281 638 difficilis
1304 593 1505 648 mutatio,
1529 593 1564 639 si
1587 592 1693 652 quid
1715 592 1966 653 dempseris,
1990 607 2038 640 ut

232 660 354 720 quod
389 659 572 720 quadret
606 660 804 719 reperias;
839 659 909 706 hic
942 659 1049 705 nihil
1086 660 1249 719 negotii
1284 659 1378 706 fuit.
1412 664 1522 706 Non
1554 659 1710 720 placet,
1745 664 1890 720 ‘pasco
1923 678 2040 708 meas

231 730 410 783 carnes‚’
438 745 519 774 nec
548 730 653 774 ‘tam
680 727 845 774 bonam
874 742 1020 774 cutem
1049 726 1205 774 ferire.’
1233 731 1343 774 Non
1372 728 1521 774 miror:
1553 727 1780 775 delicatior
1803 743 1950 788 gustus
1979 743 2041 776 est

231 810 344 852 tuus;
366 796 439 842 vix
459 793 730 856 apposueris³
750 795 871 856 quod
889 796 1037 856 sapiat.
1058 796 1201 842 Etiam
1222 796 1444 856 acipenser
1461 795 1603 843 fatuus
1624 797 1703 843 erit
1721 797 1755 843 si
1775 796 1975 844 inciderit
1996 797 2041 843 in

229 864 439 925 palatum.
463 863 547 911 Sed
565 882 675 925 paro
698 863 803 911 haec
822 864 966 911 minus
990 863 1143 920 doctis,
1166 882 1255 911 non
1278 865 1438 921 Persio,
1462 882 1592 925 quem
1614 879 1655 911 et
1675 864 1922 912 C.Lucilius
1945 883 2037 912 non

231 947 352 980 curat
375 951 451 980 sua
476 932 616 993 legere
640 932 756 993 apud
779 937 982 979 Marcum
1007 932 1238 979 Tullium.c
1261 932 1378 980 Volo
1405 951 1485 993 ego
1509 951 1684 994 quoque
1711 937 1756 980 L.
1782 934 2036 990 Decimum,

231 1002 305 1062 qui
325 1001 430 1048 haec
448 1002 636 1048 omnino
659 1019 751 1047 non
772 1015 1041 1048 contemnat.
1061 1005 1125 1048 Ut
1145 1001 1309 1048 rideam
1327 1002 1387 1048 sic
1407 1019 1506 1048 cum
1528 1002 1676 1048 amicis
1695 1002 1740 1047 in
1761 1002 1850 1049 istis
1870 1003 2041 1049 aestatis

230 1069 491 1125 fervoribus,
515 1087 615 1116 cum
636 1070 778 1116 otium
800 1083 876 1125 est,
897 1087 988 1115 non
1009 1069 1130 1129 quod
1146 1070 1376 1130 posteritas
1397 1069 1612 1116 custodiat
1631 1084 1672 1116 et
1692 1070 1888 1126 miretur,
1909 1069 2038 1126 cudo,

230 1152 303 1184 aut
333 1137 455 1198 quod
485 1137 593 1184 ditet
622 1136 933 1184 informatores
965 1137 1043 1184 hos
1072 1137 1302 1193 librorum,
1335 1155 1525 1198 quorum
1556 1152 1646 1184 tam
1676 1137 1832 1198 cupide
1861 1137 2040 1198 quidam

230 1205 471 1266 implorant
494 1223 687 1266 operam.
711 1208 933 1252 Graecum
954 1206 1234 1266 epigramma,
1256 1205 1375 1266 quod
1397 1205 1450 1252 ad
1470 1224 1538 1252 me
1559 1206 1726 1262 misisti,
1749 1220 1871 1253 tanta
1888 1206 2038 1267 inopia

229 1273 401 1334 linguae
429 1288 491 1320 est
518 1277 727 1329 Graecae,
752 1274 824 1319 vix
848 1273 991 1320 verbis
1018 1274 1297 1334 interpretor,
1325 1274 1487 1320 nedum
1514 1274 1771 1334 elegantiam
1796 1275 2040 1335 perspicere

228 1342 394 1402 possim
421 1342 639 1397 carminis3
662 1341 738 1388 sed
758 1356 869 1401 puto
892 1356 1018 1388 tuum
1042 1356 1117 1388 est.
1140 1341 1259 1388 Vale.

314 1410 447 1456 Venit
472 1410 619 1455 nescio
643 1408 749 1469 quid
771 1410 815 1454 in
840 1423 1035 1456 mentem
1059 1409 1110 1456 de
1132 1412 1306 1456 Graeco
1326 1410 1650 1469 epigrammate,
1673 1424 1908 1470 postquam
1934 1409 2040 1457 haec

228 1478 499 1538 scripseram.
518 1481 688 1524 Vereor
706 1495 759 1524 ne
775 1481 994 1524 Venerem
1014 1476 1183 1524 laeseris
1199 1491 1240 1524 et
1257 1478 1346 1524 eius
1365 1476 1506 1524 filium
1524 1481 1903 1534 ἁερσιπότητον,
1925 1491 1974 1525 ut
1990 1491 2039 1525 tu

230 1544 431 1606 appellas.
456 1549 529 1591 An
552 1563 604 1592 ex
625 1563 736 1606 aqua
755 1560 877 1592 ortus
899 1545 1037 1601 culex,
1057 1560 1105 1592 ut
1127 1563 1148 1592 e
1170 1546 1279 1592 mari
1298 1547 1466 1592 Venus?
1489 1546 1589 1592 Nisi
1609 1545 1840 1592 Thaletem
1862 1545 2040 1602 indicas,

229 1614 302 1660 vix
320 1614 593 1674 persuaseris:
618 1613 787 1674 hyemis
807 1613 1138 1674 tempestatibus
1155 1615 1303 1674 potius
1324 1628 1396 1661 aut
1414 1615 1526 1661 veris
1543 1614 1714 1675 aquosis
1734 1615 1867 1674 magis
1886 1628 2042 1661 natura

230 1696 380 1729 ortum
411 1682 625 1743 oportuit3
658 1681 997 1729 ferventioribus
1028 1683 1161 1742 magis
1190 1682 1376 1729 aestibus
1406 1683 1597 1729 nascitur
1622 1683 1856 1743 saevitque.
1887 1686 1961 1728 An
1989 1697 2038 1730 tu

230 1755 447 1797 Amorem
472 1750 604 1798 deum
626 1751 685 1797 ita
703 1750 946 1797 terrificum
970 1768 1135 1797 numen
1157 1765 1285 1812 atque
1306 1750 1538 1798 dominum
1562 1750 1689 1798 culici
1709 1750 1902 1798 confers?
1923 1750 2035 1798 Vide

231 1837 284 1866 ne
308 1819 389 1866 tibi
413 1837 589 1879 quoque
613 1818 837 1879 palinodia
861 1837 971 1879 opus
995 1820 1063 1875 sit,
1090 1837 1168 1866 nec
1192 1837 1341 1866 caecus
1364 1820 1557 1866 cantites.
1582 1819 1706 1878 Quid
1730 1837 1804 1879 age
1828 1819 1955 1866 culici
1978 1833 2040 1866 est

230 1888 292 1934 rei
326 1905 427 1934 cum
463 1886 732 1943 mulieribus,
772 1886 815 1933 id
849 1901 910 1934 est
944 1905 1044 1934 cum
1082 1887 1354 1934 hominibus?
1395 1888 1573 1933 Amoris
1609 1888 1642 1933 is
1676 1886 1803 1934 ludus
1837 1901 1914 1943 est,
1947 1905 2040 1934 non

230 1954 471 2002 foedissimi
510 1954 710 2002 insectuli
746 1955 922 2015 natique
958 1955 1003 2001 in
1038 1954 1330 2015 sterquiliniis.
1368 1959 1587 2002 Naturam
1622 1954 1776 2002 melius
1811 1955 2042 2002 imitantur

230 2022 443 2083 figmenta
461 2037 707 2083 poetarum.
731 2027 851 2070 Nam
872 2023 905 2069 si
928 2023 987 2070 ita
1004 2022 1140 2070 libera
1160 2022 1267 2070 fiant
1289 2024 1495 2079 carmina,
1515 2022 1621 2083 quid
1641 2023 1726 2070 iam
1748 2041 1840 2070 non
1861 2040 2038 2070 carmen

230 2092 332 2137 erit?
355 2092 487 2137 Piscis
510 2090 620 2136 mihi
643 2091 819 2137 videtur
838 2092 1000 2137 Veneri
1025 2092 1158 2151 magis
1179 2091 1344 2147 similis,
1368 2092 1402 2138 si
1427 2092 1604 2151 originis
1629 2105 1773 2151 captes
1794 2090 2039 2138 similitudi-

230 2176 346 2205 nem.
367 2159 410 2204 Si
426 2158 612 2214 volatus,
633 2158 788 2218 aquila3
806 2159 1024 2218 sanguinis
1043 2176 1149 2205 vero
1167 2158 1347 2218 sugendi
1368 2158 1580 2205 hirudinis
1598 2158 1744 2219 palma
1762 2173 1837 2205 est.
1856 2162 1977 2205 Nam
1996 2172 2038 2205 et

229 2226 561 2287 vespertiliones
595 2244 771 2287 quoque
806 2241 847 2273 et
879 2241 1064 2274 noctuae
1098 2241 1139 2273 et
1172 2226 1216 2273 id
1245 2244 1378 2287 genus
1411 2226 1608 2274 volantes
1641 2227 1685 2272 in
1717 2226 1908 2273 tenebris
1940 2244 2038 2274 aves

229 2294 381 2341 vident
405 2312 485 2355 per
510 2295 652 2341 noctis
679 2294 855 2341 umbras
883 2294 1073 2342 arbitror
1098 2309 1139 2342 et
1165 2294 1342 2355 quidem
1369 2294 1577 2342 culicibus
1606 2295 1749 2341 minus
1778 2294 2034 2351 obscuriter3

230 2363 364 2423 magis
387 2362 534 2409 forsan
558 2363 754 2423 apposite
779 2380 955 2410 caecum
977 2362 1211 2419 induxeris,
1234 2364 1268 2410 si
1290 2362 1502 2424 Cupidini
1526 2362 1872 2424 comparandum
1895 2377 2034 2423 putas.

228 2435 350 2478 Nam
391 2430 512 2492 quod
551 2431 610 2478 ais
647 2449 747 2478 eum
788 2431 1022 2478 mulierum
1062 2432 1361 2488 excitatorem,
1399 2431 1608 2488 advertas,
1646 2446 1687 2479 et
1725 2431 1794 2478 hic
1831 2430 1946 2488 licet,
1983 2449 2037 2478 ne

229 2503 428 2546 Comum
452 2514 500 2546 tu
521 2499 707 2546 alterum
728 2518 892 2546 numen
915 2499 1127 2556 offendas,
1149 2500 1269 2547 cuius
1291 2499 1491 2547 officium
1513 2499 1556 2546 id
1576 2518 1663 2546 esse
1685 2500 1843 2546 Graeci
1860 2514 2031 2560 putant.

228 2571 388 2627 Neque
420 2567 556 2614 culice
587 2567 767 2628 Cupido
800 2567 962 2628 indiget
992 2567 1205 2624 adiutore3
1236 2567 1387 2614 fratres
1417 2567 1545 2614 habet
1575 2567 1747 2614 sedulos
1777 2568 1866 2614 eius
1897 2566 2037 2614 officii

230 2636 466 2682 ministros.
502 2636 691 2682 Homini
724 2650 772 2682 tu
801 2654 976 2696 quoque
1009 2636 1087 2696 ipsi
1118 2635 1295 2682 tandem
1326 2636 1369 2681 in
1401 2635 1590 2682 amando
1617 2635 1807 2695 praefers
1837 2635 2034 2682 culicem.

230 2702 483 2749 Ridiculum
516 2717 591 2750 est.
622 2703 806 2750 Dabunt
837 2704 1024 2750 veniam.
1056 2703 1139 2750 Sed
1169 2718 1216 2750 tu
1246 2703 1403 2750 videris
1434 2702 1598 2750 melius.
1633 2707 1724 2763 Ego
1753 2703 1814 2750 sic
1845 2702 2036 2759 indocte,

228 2771 375 2831 sicque
398 2771 536 2817 amice
558 2772 713 2830 garrio.
740 2775 902 2818 Iterum
924 2771 1031 2818 vale.

309 3123 324 3147 '²
344 3133 384 3167 In
401 3129 483 3174 fact,
503 3131 696 3174 Lucretius,
714 3132 769 3168 De
786 3144 845 3168 rer.
869 3140 935 3168 nat.
958 3131 1174 3174 iv,907-908:
1196 3132 1354 3168 ‘somnus
1373 3144 1437 3178 per
1453 3129 1614 3167 membra
1632 3130 1788 3178 quietem
1802 3128 1823 3167 l
1835 3129 1988 3177 inriget.’

310 3192 323 3206 ⁰
341 3188 483 3231 Cicero,
500 3189 555 3225 De
572 3198 653 3225 orat.
678 3191 775 3231 1125.
