2118 3444
198 161 291 201 270
1806 164 1943 197 PART
1968 165 1999 196 V

200 304 497 353 incommodis
526 322 655 364 supra
682 318 743 350 est
770 321 793 350 a
819 303 944 350 nobis
973 302 1254 363 disputatum.
1285 306 1344 349 At
1374 302 1478 349 haec
1503 302 1652 349 omnia
1679 300 1789 348 nil¹⁷³
1820 316 2001 349 movent

198 375 455 434 sapientem,
476 373 551 433 qui
569 387 778 432 tanquam
797 389 848 418 ex
866 389 961 418 arce
979 370 1165 431 quadam
1184 370 1310 430 longe
1330 370 1382 417 ab
1400 388 1442 417 se
1462 370 1590 417 habet
1610 388 1763 417 omnes
1780 370 2002 431 perturba-

199 443 354 489 tiones.
381 445 540 501 Neque
562 440 809 500 putaverim
834 454 906 486 aut
930 438 1215 499 Xanthippen
1239 439 1405 485 Socrati
1428 452 1499 485 aut
1522 438 1699 485 Paulam
1723 439 1900 494 Catoni,
1926 439 2005 485 etsi

200 524 339 556 essent
371 509 691 555 morosissimae
725 525 772 554 ac
800 506 1098 562 difficillimae,
1129 524 1181 553 ne
1211 506 1348 553 hilum
1380 505 1572 566 quidem,
1602 520 1649 553 ut
1679 507 1814 562 aiunt,
1845 507 2004 553 mentis

199 577 377 624 illorum
403 573 803 637 tranquillitatem¹7
803 574 819 599 ⁴
843 575 1017 622 turbare
1038 575 1242 635 potuisse.
1270 579 1318 620 In
1340 574 1460 635 quod
1483 592 1585 634 ergo
1606 574 1810 621 dubium?
1835 573 2005 621 Profec-

199 661 247 693 to
268 664 359 692 non
379 644 524 701 video3
545 662 625 691 nec
644 643 750 704 quid
767 644 978 704 Epicurus
1000 643 1113 690 dicat
1131 644 1230 690 satis
1250 642 1448 690 attendit.
1468 647 1588 689 Nam
1608 643 1642 689 si
1663 660 1795 689 omne
1817 642 2000 689 dubium

198 715 335 761 vitare
356 713 499 768 debet,
522 712 778 772 fugiendum
802 726 863 758 est
885 729 906 758 e
926 712 1016 758 vita
1033 712 1231 771 sapienti,
1255 712 1298 756 in
1320 728 1405 771 qua
1425 710 1532 756 nihil
1555 710 1643 757 fere
1664 711 1744 757 nisi
1764 710 2002 757 dubiorum

197 781 584 842 periculorumque
604 779 906 840 plenissimum
930 779 1107 839 reperiri
1122 793 1280 839 potest.
1302 778 1440 837 Quod
1459 795 1590 838 quam
1609 777 1843 825 absurdum
1864 778 1917 824 sit
1935 777 2003 824 vel

199 850 327 896 bruta
348 845 631 904 testantur,¹7⁵
656 865 764 908 quae
786 848 922 894 vitam
945 846 1151 893 omnibus
1176 861 1356 893 tuentur
1375 846 1539 893 viribus
1563 860 1923 906 conservantque.

283 921 353 964 De
369 917 522 963 ceteris
535 934 711 976 quoque
729 914 1024 962 incommodis
1042 932 1149 975 quae
1165 914 1492 974 Theophrastus
1509 915 1750 974 exequitur,
1766 914 1818 960 de
1832 913 2004 974 quibus-

200 1003 283 1046 que
318 1002 456 1046 pauca
491 984 607 1031 dicta
638 998 739 1030 sunt
777 1001 800 1030 a
835 983 974 1039 nobis,
1014 982 1130 1030 idem
1165 982 1339 1029 videtur
1373 981 1621 1029 dicendum.
1659 981 1795 1029 Nulla
1832 979 2002 1028 enim¹⁷⁶

200 1052 486 1100 incommoda
512 1066 612 1099 sunt
639 1070 747 1112 quae
773 1069 864 1098 non
888 1065 1060 1112 superet
1083 1052 1264 1111 sapiens,
1293 1051 1366 1111 qui
1390 1064 1581 1097 mortem
1608 1051 1739 1097 etiarn
1763 1050 2004 1110 mortisque

199 1119 427 1169 dolores¹⁷⁷
456 1119 807 1167 contemnendos
831 1134 969 1180 putat.
996 1119 1120 1178 Quid
1144 1120 1178 1166 si
1203 1133 1303 1166 sunt
1330 1120 1375 1164 in
1401 1119 1563 1179 nuptiis
1591 1118 1728 1165 multa
1752 1119 1883 1165 etiarn
1906 1136 2005 1178 pro-

198 1190 420 1237 batissima
444 1207 492 1236 ac
515 1185 949 1235 desideratissima?178
977 1192 1040 1234 Ut
1064 1188 1181 1234 enim
1207 1201 1349 1234 cetera
1369 1187 1587 1242 omittam,
1613 1204 1717 1247 quas
1742 1187 2006 1233 nanciscitur

198 1257 446 1318 voluptates
485 1254 570 1303 is¹⁷9
610 1257 685 1317 qui
719 1255 924 1316 pudicam
963 1256 1131 1315 virique
1168 1269 1403 1310 amantem,
1440 1255 1515 1315 qui
1552 1253 1727 1310 fortem,
1765 1255 1839 1314 qui
1876 1254 2001 1300 omni

197 1343 354 1386 genere
372 1326 546 1372 virtutis
566 1338 767 1371 ornatam
784 1324 963 1371 sortitus
982 1324 1035 1370 sit
1055 1325 1260 1370 uxorem?
1280 1323 1517 1383 Negabunt
1538 1323 1738 1378 inveniri,
1760 1323 1805 1368 in
1824 1340 2001 1383 promp-

198 1409 333 1454 tuque
362 1392 585 1439 habebunt
614 1392 721 1439 illud
747 1410 931 1447 sacrum,
961 1391 1209 1438 ‘Mulierem
1238 1390 1399 1437 fortem
1426 1391 1520 1451 quis
1548 1391 1797 1437 inveniet?'z
1821 1387 2004 1450 atque¹⁸⁰

199 1461 307 1508 illud
328 1461 581 1520 satyricum,
607 1463 735 1506 ‘Rara
755 1460 843 1506 avis
866 1460 909 1505 in
933 1460 1057 1506 terris
1080 1460 1289 1519 nigroque
1312 1458 1533 1505 simillima
1557 1459 1749 1518 cigno.'²²

284 1533 344 1576 At
371 1547 464 1589 ego,
494 1529 538 1574 ni
562 1529 737 1588 penitus
765 1527 905 1583 fallor,
932 1528 977 1573 ni
1004 1528 1148 1573 omnis
1176 1526 1429 1586 negligenda
1454 1541 1515 1573 est
1542 1525 1734 1581 historia,
1763 1540 1804 1572 et
1827 1525 2006 1586 pudicas

199 1597 358 1644 multas
382 1611 422 1643 et
445 1596 580 1643 fortes
602 1595 730 1643 fuisse
754 1595 950 1651 feminas,
975 1610 1016 1642 et
1038 1613 1089 1642 ex
1112 1595 1269 1642 nostris
1293 1609 1333 1641 et
1355 1613 1407 1641 ex
1428 1594 1633 1650 barbaris,
1657 1608 1824 1654 quanto
1844 1608 2004 1654 potero

198 1666 373 1712 brevius
396 1664 714 1724 dilucidiusque
740 1663 981 1710 ostendam.
1008 1667 1155 1723 Atque
1178 1677 1226 1710 ut
1248 1663 1367 1723 prius
1393 1662 1445 1709 de
1466 1662 1676 1723 pudicitia
1699 1679 1934 1722 amoreque
1958 1662 2003 1707 in

198 1735 316 1780 viros
348 1733 491 1780 dicam
520 1733 814 1793 incipiamque
847 1731 898 1779 ab
930 1729 1208 1787 extraneis‚¹⁸¹
1243 1748 1390 1778 nonne
1421 1724 1744 1790 Demogenis,bb
1777 1730 2003 1790 Ariopagi-

199 1817 343 1849 tarum
378 1802 602 1862 principis,
643 1800 746 1857 filia,
782 1818 883 1847 cum
920 1799 1104 1847 audisset
1141 1799 1431 1846 Leosthenem
1468 1799 1689 1855 maritum,
1727 1799 1801 1859 qui
1835 1797 1999 1845 bellum

199 1871 453 1918 Lamiacum
471 1870 726 1925 concitarat,
742 1868 869 1916 fuisse
890 1867 1184 1924 interfectum,
1202 1869 1292 1929 ipsa
1307 1882 1521 1928 superstes
1538 1885 1625 1914 esse
1643 1867 1778 1923 nolui,
1800 1884 2002 1923 asserens,

199 1938 321 1999 quod
342 1938 579 1985 Leostheni
600 1952 747 1985 mente
769 1938 980 1998 nupsisset
1008 1936 1223 1997 (nondum
1247 1937 1364 1983 enim
1387 1936 1567 1983 duxerat
1587 1935 1662 1983 sed
1683 1935 2005 1996 desponderat),

199 2007 323 2054 alteri
342 2006 505 2053 nubere
529 2024 755 2066 nunquam
778 2005 899 2052 velle.
920 2010 1086 2052 Verum
1107 2023 1198 2052 non
1221 2006 1382 2051 mirum
1405 2005 1449 2050 in
1469 2022 1556 2051 una
1578 2003 1662 2050 hoc
1683 2004 1861 2064 reperiri
1878 2021 2004 2064 posse

199 2075 375 2123 femina.
395 2078 528 2122 Certe
544 2093 636 2121 non
653 2075 830 2130 mirum,
849 2073 1026 2135 quando
1043 2074 1356 2134 quinquaginta
1374 2074 1504 2120 etiam
1520 2073 1705 2133 virgines
1722 2071 2007 2119 Lacedaemo·

199 2145 391 2199 niorum‚
423 2161 476 2190 ne
505 2161 528 2190 a
555 2143 783 2190 Messeniis
810 2143 901 2189 vim
929 2157 1196 2203 paterentur,
1226 2157 1416 2189 mortem
1444 2141 1525 2188 sibi
1553 2155 1710 2201 sponte
1739 2141 2002 2187 conscivere.

199 2215 317 2258 Cum
341 2212 459 2258 enim
484 2225 591 2258 esset
613 2211 836 2271 Spartiatis
857 2210 1063 2257 diuturna
1086 2228 1185 2257 cum
1207 2210 1433 2256 Messeniis
1456 2210 1659 2264 amicitia,
1682 2222 2003 2255 consueverunt

199 2279 461 2340 quibusdam
484 2280 529 2325 in
548 2279 677 2326 sacris
694 2279 882 2338 virgines
903 2279 1033 2325 etiam
1054 2292 1210 2325 mutuo
1232 2277 1286 2324 ad
1301 2295 1344 2324 se
1365 2278 1552 2333 mittere3
1572 2294 1676 2337 quas
1695 2294 1796 2323 cum
1817 2275 2006 2336 aliquan-

199 2348 258 2394 do
300 2348 507 2394 Messenii
548 2344 754 2394 vitiare182
798 2361 952 2393 contra
992 2345 1145 2393 foedus
1188 2346 1401 2392 amicitiae
1441 2359 1725 2405 temptassent
1768 2342 2000 2404 illaeque¹⁸³

202 2417 263 2476 (ut
286 2415 454 2462 dictum
478 2416 554 2475 est)
579 2429 721 2462 morte
742 2415 833 2461 vim
856 2415 1178 2461 Messeniorum
1202 2413 1477 2474 aufugissent,
1502 2431 1628 2473 grave
1651 2413 1765 2459 inter
1784 2427 2005 2472 utrunque

197 2484 415 2545 populum
440 2483 605 2530 bellum
629 2484 899 2530 concitatum
922 2497 996 2529 est.
1018 2487 1070 2529 Et
1092 2483 1302 2543 quoniam
1324 2481 1433 2527 mihi
1455 2499 1580 2528 amor
1599 2498 1788 2528 uxorum
1813 2481 1858 2526 in
1879 2480 2004 2527 mari-

199 2567 267 2599 tos
297 2552 605 2612 probatissima
635 2551 810 2598 videtur
837 2551 1060 2611 pudicitia,
1093 2551 1388 2606 Artemisiam,
1420 2550 1574 2596 Cariae
1605 2550 1811 2609 reginam,
1844 2547 2004 2604 ferunt,

198 2618 458 2667 Mausolo184
490 2620 587 2666 viro
616 2619 841 2675 defuncto,
870 2637 920 2665 ex
948 2619 1079 2679 ipsius
1107 2618 1312 2665 cadavere
1338 2617 1501 2665 factum
1530 2618 1720 2664 cinerem
1749 2616 1929 2663 ebibisse
1960 2616 2005 2662 in

199 2689 376 2749 eiusque
398 2688 617 2735 honorem
640 2687 920 2748 sepulchrum
945 2686 1051 2734 illud
1071 2686 1202 2734 condi
1223 2704 1402 2742 curasse,
1424 2685 1544 2746 quod
1566 2686 1685 2732 inter
1696 2699 1863 2745 septem
1885 2684 2002 2731 orbis

200 2756 408 2803 miracula
431 2770 748 2811 numeraretur,
773 2773 796 2802 a
819 2773 908 2815 quo
931 2769 972 2801 et
994 2769 1135 2801 cetera
1154 2752 1381 2815 quoque¹²³5
1407 2754 1731 2813 sumptuosiora
1758 2753 2001 2798 monimen-

199 2839 243 2871 ta
263 2823 577 2871 defunctorum
600 2823 827 2870 Mausolea
848 2837 1169 2882 nuncupantur.
1182 2820 1228 2846 ¹⁸⁶

281 3060 294 3075 ²
313 3058 417 3093 Prov.
437 3059 549 3093 31:10.

281 3119 306 3132 ²²
321 3114 481 3161 Juvenal,
500 3116 579 3158 Sat„
600 3115 771 3158 11,vi,165.

280 3166 311 3191 bb
331 3174 393 3209 See
410 3174 611 3218 St.Jerome,
629 3170 830 3217 Avaovin.
854 3173 1015 3214 1‚41‚307.
