2124 3458
124 175 306 209 ESSAYs
1828 165 1919 206 337

125 312 335 367 medium,
367 311 488 372 quod
519 328 672 358 aureus
703 325 849 357 totum
881 308 1091 357 limbus²²⁴
1126 309 1318 370 undique
1350 307 1762 356 circumornarat.²²⁵
1794 309 1928 356 Pedes

124 397 259 440 usque
292 378 347 426 ad
372 378 554 439 pallium
589 377 812 424 molliores
845 377 1048 424 herbulae
1080 391 1199 424 totos
1230 374 1583 437 subtegebant.²²⁶
1615 381 1774 423 Manus
1805 394 1926 432 vero,

124 448 203 495 etsi
221 446 355 508 paulo
375 446 613 507 apertiores
631 445 898 502 viderentur,
917 459 1065 492 tamen
1086 444 1185 492 velo
1203 444 1395 506 quodam
1418 462 1684 505 quamquam
1704 444 1926 505 pellucido

124 515 347 563 involutae
371 514 556 562 stabant.
581 517 810 562 Coronam
838 514 927 575 ipsa
947 513 1028 561 sibi
1052 513 1106 561 ad
1126 514 1312 560 crinium
1338 513 1542 560 decorem
1566 531 1618 560 ex
1642 512 1786 560 herbis
1809 512 1926 560 flori-

123 584 289 645 busque
306 598 348 630 et
364 582 595 630 frondibus
611 583 739 630 variis
753 583 873 643 quasi
888 581 1099 629 sideribus
1114 581 1374 643 perpulchre
1391 596 1688 629 contexuerat.
1703 585 1823 629 Nam
1838 581 1925 642 pal-

122 652 231 699 lium
255 651 433 712 quidem
458 668 619 698 novem
643 650 826 711 puellae,
851 668 955 711 quas
977 651 1135 698 Graeci
1155 654 1303 697 Musas
1326 664 1500 706 vocant,
1525 649 1712 697 mirabili
1737 649 1927 697 artificio

123 734 385 767 consuerant
420 719 646 780 limboque
684 716 1087 774 interseruerant,²²⁷
1122 722 1350 765 Musarum
1385 736 1507 779 opus.
1545 717 1729 765 Vultum
1767 717 1925 765 mulier

123 802 252 848 atque
286 787 437 834 oculos
475 786 811 847 haudquaquam
846 786 1050 833 ostendit.
1086 790 1402 833 Verumtamen
1438 804 1489 833 ex
1523 786 1693 846 reliquo
1728 787 1925 846 corporis

123 870 282 902 ornatu
311 854 434 902 facile
461 855 557 915 quis
583 855 670 901 oris
698 855 829 901 etiam
857 853 1113 914 dignitatem
1140 854 1463 901 coniectaverit.
1491 856 1737 914 Paupertas,
1764 853 1925 910 Pudor,

123 923 428 979 Continentia,
451 922 647 983 Vigiliae‚
671 923 872 978 Parcitas‚
894 921 1123 978 Industria,
1145 921 1362 978 Studium,
1386 922 1666 983 Promptitas,
1692 921 1921 978 Iudicium,

122 992 306 1047 Veritas,
329 1005 377 1038 ut
399 1005 461 1038 est
482 988 739 1037 clementi²²⁸
764 1005 1079 1051 mansuetoque
1103 991 1279 1050 ingenio
1299 989 1470 1046 mulier,
1493 990 1691 1037 volentes
1711 991 1924 1037 ministra-

122 1059 228 1106 bant
253 1073 382 1119 atque
405 1073 453 1105 ut
480 1058 607 1105 deam
631 1076 778 1105 rerum
805 1058 1095 1105 humanarum
1124 1073 1165 1105 et
1187 1059 1432 1118 principem
1460 1056 1770 1105 excolebant2²⁹
1796 1058 1927 1105 vexil-

122 1126 302 1186 lumque
334 1126 642 1186 sequebantur,
677 1126 797 1172 cuius
829 1125 955 1172 altius
988 1125 1243 1186 firmiusque
1278 1140 1417 1172 terrae
1448 1125 1584 1172 infixa
1615 1125 1748 1182 hasta3
1782 1126 1924 1186 ipsum

123 1194 339 1241 herbaceo
369 1194 414 1240 in
445 1193 598 1250 linteo,
630 1211 734 1254 quas
765 1193 936 1240 assiduo
966 1197 1111 1240 Amor
1139 1211 1240 1240 cum
1273 1193 1574 1254 complexibus
1606 1194 1715 1254 gerit
1745 1211 1924 1254 pugnas,

122 1263 290 1323 egregia
306 1263 477 1323 pictura
496 1262 707 1309 continet.
727 1266 791 1308 Ex
811 1279 886 1308 ore
906 1276 1066 1318 autem,
1086 1262 1165 1308 etsi
1185 1262 1327 1322 ipsum
1350 1261 1526 1308 mortali
1546 1262 1734 1322 aspicere
1753 1261 1815 1308 fas
1834 1279 1927 1308 non

122 1345 199 1387 est,
221 1348 398 1377 carmen
421 1330 636 1377 continuo
660 1329 833 1377 excidit:
858 1330 1026 1377 ‘Amari
1046 1330 1193 1391 patior
1212 1344 1400 1386 tantum;
1423 1329 1642 1377 abstineto
1665 1348 1688 1377 a
1708 1330 1924 1377 tactibus.'

120 1401 242 1446 Toto
268 1398 313 1446 id
337 1416 495 1459 campo
521 1416 697 1446 carmen
722 1398 840 1446 nulla
866 1398 1056 1446 humana
1081 1416 1213 1459 opera
1237 1398 1503 1459 insculptum
1528 1413 1663 1459 patet,
1688 1398 1794 1446 dum
1819 1417 1926 1446 vero

121 1468 225 1528 ipse,
254 1466 361 1527 quid
388 1466 546 1514 mulier
571 1466 666 1523 sibi,
697 1466 803 1527 quid
828 1481 1020 1523 ornatus,
1050 1466 1156 1528 quid
1182 1467 1365 1514 comites
1391 1468 1650 1528 signumque
1680 1482 1722 1514 et
1749 1485 1926 1514 carmen

120 1535 272 1591 velint,
303 1536 450 1595 cogito
481 1550 610 1595 atque
640 1534 797 1582 haereo
825 1534 1035 1596 stupidus.
1068 1534 1294 1582 Profusior
1325 1535 1503 1596 quidam
1534 1536 1640 1582 risus
1671 1535 1850 1582 alteram
1881 1536 1926 1581 in

119 1617 291 1663 partem
313 1603 532 1650 convertit
554 1602 717 1650 oculos:
742 1607 933 1650 Veneres
955 1602 1194 1650 illudebant
1218 1618 1259 1650 et
1280 1603 1535 1663 Cupidines.

874 1743 939 1786 99.
964 1739 1175 1786 Celeritas

119 1842 260 1888 Navis
280 1841 516 1888 secundam
539 1856 665 1888 nacta
683 1856 988 1901 tempestatem
1008 1842 1173 1901 ingenti
1194 1860 1294 1888 cum
1317 1841 1535 1888 celeritate
1553 1841 1785 1889 ferebatur.
1808 1845 1926 1888 Cum

121 1908 259 1955 altum
283 1923 452 1956 teneret
475 1908 664 1969 felixque
689 1909 820 1956 etiam
844 1906 1072 1956 iamiam²³⁰
1098 1909 1236 1956 videri
1261 1910 1480 1969 navigatio
1499 1924 1660 1970 posset,
1688 1909 1840 1957 incidit
1865 1910 1925 1955 in-

119 1991 295 2037 sperato
312 1977 357 2023 in
376 1995 527 2024 caecos
542 1976 746 2038 scopulos
768 1995 816 2024 ac
832 1978 1023 2024 carinam
1041 1977 1255 2025 dissecuit.
1276 1982 1340 2025 Ita
1355 1992 1536 2038 accepto
1552 1978 1661 2025 mari
1679 1996 1780 2025 cum
1800 1979 1925 2025 omni

119 2044 267 2092 subito
296 2063 439 2092 merce
467 2046 511 2091 in
538 2044 726 2092 fundum
754 2063 894 2093 mersa
919 2064 1019 2093 cum
1045 2046 1245 2103 venisset,
1272 2045 1433 2094 Salacia
1457 2047 1638 2108 excepit.
1667 2049 1794 2106 Quae
1821 2064 1927 2093 mox

120 2113 268 2160 audita
291 2131 343 2160 ex
370 2110 651 2174 naufragis‚²³l
682 2115 757 2174 qui
781 2115 1018 2161 morientes
1043 2114 1409 2171 lamentabantur,
1437 2133 1574 2162 causa:
1603 2118 1728 2162 ‘Non
1754 2133 1922 2162 novum

120 2185 212 2238 est,'
236 2181 316 2229 dea
336 2182 493 2243 inquit,
518 2181 676 2229 ‘obfuit
700 2182 922 2230 celeritas?

856 2324 945 2366 100.
969 2323 1194 2367 Numerus

121 2422 317 2465 Centum
343 2434 404 2466 est
428 2434 657 2466 taurorum
683 2419 799 2480 apud
822 2424 1072 2467 Homerum
1097 2438 1351 2481 supremum
1377 2421 1654 2477 sacrificium,
1679 2436 1858 2468 centum
1883 2436 1925 2469 et

119 2501 276 2547 poetae
294 2486 473 2534 tradunt
488 2487 615 2534 lunae
634 2505 721 2534 esse
736 2502 987 2548 potestates,
1003 2503 1156 2549 portae
1173 2507 1348 2550 quoque
1367 2490 1524 2536 veteris
1537 2489 1710 2536 Thebes
1729 2504 1923 2546 centum,

121 2569 163 2601 et
181 2555 285 2601 anni
305 2570 484 2601 centum
502 2556 615 2602 vitae
634 2570 807 2603 nostrae
825 2557 1049 2603 terminus.
1073 2560 1268 2604 Centum
1288 2558 1387 2604 estis
1405 2572 1447 2604 et
1463 2575 1555 2614 vos,
1577 2557 1783 2618 Apologi,
1806 2576 1924 2605 nunc

122 2622 222 2677 iam,
245 2637 293 2668 ut
316 2640 504 2669 numero
527 2622 669 2669 valere
688 2624 875 2683 possitis,
900 2625 934 2670 si
957 2623 1065 2671 desit
1087 2625 1236 2671 virtus.
1260 2624 1425 2680 Valete,
1448 2623 1707 2685 ΑροΙοςί.232
