2118 3444
206 165 300 205 280
1818 171 1956 204 PART
1981 172 2012 203 V

209 309 333 355 initia
349 309 521 368 capiant
539 307 707 354 dictum
722 322 861 368 putat,
878 325 1041 368 perque
1058 308 1207 354 omnia
1225 308 1355 354 etiarn
1372 308 1555 354 minima
1572 322 1719 354 mente
1735 308 2017 368 cogitatione-

208 395 292 438 que
308 394 548 437 percurras,
569 375 677 422 nihil
697 377 883 436 reperias
901 376 981 422 nisi
998 393 1170 422 summa
1189 376 1398 436 sapientia
1413 375 1627 436 planeque
1646 375 1793 423 divina
1809 394 1896 423 esse
1915 394 2015 424 con-

206 446 425 492 stitutum.
451 449 513 491 Ita
532 462 624 490 non
644 443 788 490 solum
812 444 977 499 oculos,
1001 444 1075 504 qui
1096 442 1421 490 nominantur19
1441 444 1529 490 sive
1549 444 1670 504 quod
1691 444 1743 491 ab
1765 443 1872 491 ciliis
1892 462 2017 492 occu-

207 513 367 568 lantur,
394 527 441 559 ut
465 513 655 559 Varroni
681 511 889 568 videtur,¹³
913 513 1001 558 sive
1027 512 1079 558 ab
1103 513 1192 558 eius
1217 510 1398 558 sensus²⁰
1427 512 1614 558 mirabili
1639 512 1872 568 celeritate,
1895 512 2016 573 quod

209 580 318 626 mihi
340 581 474 640 magis
495 579 650 640 placet,
671 594 743 626 aut
764 597 886 626 aures
905 579 956 626 ab
976 579 1157 626 vocibus
1181 579 1427 626 hauriendis
1448 579 1764 636 denominatas,
1786 594 1858 627 aut
1878 598 2015 636 nares,

207 663 280 696 aut
303 666 392 704 ora,
415 666 523 708 quae
543 647 699 708 procul
721 647 857 694 dubio
878 662 978 694 sunt
1000 648 1045 693 in
1068 647 1247 694 homine
1268 648 1513 708 praecipua,
1534 665 1706 695 summa
1727 666 1828 695 cum
1851 649 2020 695 ratione

207 716 322 764 facta
347 735 434 763 esse
465 717 616 763 omnia
644 717 951 776 conspicimus,
984 715 1059 763 sed
1087 730 1128 763 et
1157 714 1459 776 cartilagines²¹
1491 715 1668 776 quidem
1698 731 1739 763 et
1766 715 1944 777 capillos
1974 731 2016 764 et

206 803 372 845 ungues
396 803 487 832 non
509 799 683 832 tantum
705 802 797 831 non
819 784 1052 844 neglectos,
1074 784 1149 831 sed
1169 785 1438 831 exactissima
1457 785 1588 831 etiam
1610 784 1822 832 industria
1842 784 2020 832 fabrica-

207 868 289 900 tos.
319 853 459 912 Quod
485 854 519 900 si
547 852 746 899 membra
774 853 863 913 ipsa
890 870 1134 913 corpusque
1166 852 1408 899 humanum
1438 853 1496 899 ita
1520 852 1675 899 fictum
1702 867 1763 900 est
1790 870 1814 900 a
1838 871 2016 900 summo

208 940 355 969 rerum
378 922 582 968 omnium
608 920 768 981 opifice
791 924 906 977 Deo,
928 939 1076 967 nonne
1101 920 1243 967 multo
1265 921 1398 981 magis
1420 921 1616 968 animum
1643 922 1798 981 ipsum,
1823 922 1898 982 qui
1917 939 2016 982 pro-

205 991 300 1051 prie
326 991 471 1050 imago
496 990 582 1036 Dei
608 1003 684 1045 est,
709 989 931 1036 excultum
959 988 1086 1036 fuisse
1113 990 1331 1049 oportuit?
1360 987 1533 1048 Quod22
1560 988 1612 1036 ab
1638 988 1795 1036 eodem
1820 990 1879 1037 ita
1900 1007 2018 1037 cura-

207 1073 304 1105 tum
327 1058 517 1105 extitisse
539 1072 580 1104 et
602 1057 750 1104 multis
772 1057 863 1104 aliis
885 1072 1055 1104 constat
1076 1057 1215 1113 rebus,
1239 1072 1279 1104 et
1300 1057 1407 1104 illud
1428 1058 1473 1103 in
1493 1058 1646 1118 primis
1668 1056 2016 1105 manifestissime

207 1126 411 1183 declarat,
434 1126 555 1187 quod
578 1140 804 1173 auctorem
826 1127 1007 1173 unicum
1033 1140 1232 1173 nostrum
1258 1144 1411 1173 verum
1434 1129 1596 1182 Deum,
1622 1144 1713 1173 non
1736 1125 2019 1187 quemadmo-

207 1195 314 1242 dum
331 1196 462 1256 prisci
482 1194 557 1251 illi,
577 1213 687 1255 quos
703 1213 833 1255 supra
850 1194 1044 1241 refellere
1062 1195 1208 1241 conati
1223 1213 1385 1250 sumus,
1407 1194 1482 1241 sed
1497 1209 1543 1241 ut
1564 1195 1648 1241 iarn
1666 1194 1917 1242 Christiana
1936 1213 2016 1242 nos

208 1263 360 1323 religio
379 1263 571 1319 edocuit,
590 1263 908 1322 cognoscimus,
932 1280 1119 1323 eumque
1139 1263 1281 1323 ipsum
1301 1266 1449 1310 Deum
1470 1277 1510 1309 et
1526 1263 1775 1309 Dominum
1798 1277 2013 1319 nostrum,

206 1346 254 1379 ut
283 1331 432 1378 divina
456 1332 724 1392 praecipitur
749 1330 1097 1387 adnuntiatione,
1127 1349 1179 1377 ex
1204 1345 1303 1378 toto
1329 1330 1460 1378 corde
1488 1345 1640 1378 nostro
1667 1345 1846 1391 totaque
1872 1331 2018 1378 anima

207 1415 357 1447 nostra
386 1399 657 1459 diligendum
686 1399 979 1459 intelligimus.
1012 1402 1161 1458 Quam
1191 1399 1369 1459 quidem
1396 1399 1449 1446 ad
1475 1417 1567 1446 rem
1595 1399 1799 1455 multum,
1829 1413 1877 1446 ut
1904 1399 2014 1445 mihi

206 1468 395 1523 videtur,
418 1467 591 1514 confert
615 1485 706 1514 non
728 1467 872 1514 solum
898 1467 1119 1527 dignitatis
1142 1467 1356 1514 humanae
1380 1466 1711 1527 contemplatio,
1735 1467 1856 1527 quod
1878 1467 1953 1514 abs
1976 1481 2019 1514 te

204 1536 339 1597 paulo
368 1550 468 1583 ante
495 1535 661 1583 factum
690 1550 766 1592 est,
794 1553 947 1582 verum
977 1536 1108 1582 etiam
1135 1536 1472 1596 uniuscuiusque
1504 1535 1556 1582 de
1581 1553 1624 1582 se
1653 1536 1747 1596 ipso
1777 1549 2017 1596 naturaque

205 1622 403 1652 seorsum
421 1622 497 1651 sua
514 1605 835 1651 accuratissima
850 1603 1082 1664 indagatio.
1102 1603 1241 1663 Quod
1257 1604 1388 1651 etiam
1403 1603 1750 1664 Apollo—quem
1770 1621 1899 1664 supra
1915 1621 2016 1651 con-

206 1674 480 1734 tempsimus,
502 1673 547 1718 in
568 1672 652 1719 hoc
670 1687 817 1719 autem
835 1673 1017 1719 minime
1036 1671 1145 1718 mihi
1163 1672 1338 1719 videtur
1353 1690 1439 1719 esse
1457 1671 2013 1719 contemnendus—voluis-

205 1759 248 1788 se
271 1741 459 1797 videtur,
483 1740 589 1787 dum
614 1740 658 1787 id
678 1741 904 1801 praecipit,
927 1755 974 1787 ut
997 1741 1288 1801 nosmetipsos
1314 1747 1662 1800 cognoscamus.q

292 1814 383 1869 Ego
405 1827 595 1869 quoque,
618 1823 666 1855 ut
686 1808 922 1869 aliquando
944 1808 1123 1855 tandem
1143 1808 1196 1855 ad
1216 1826 1284 1855 me
1303 1809 1491 1864 veniam,
1515 1808 1774 1868 iampridem
1796 1807 1840 1855 id
1860 1807 2017 1855 dabam

206 1896 387 1939 operam
408 1892 456 1924 ut
480 1895 549 1924 me
571 1895 895 1937 cognoscerem,
919 1895 1106 1938 cumque
1128 1877 1260 1924 tantis
1279 1876 1535 1924 affluentem
1557 1894 1626 1924 me
1646 1876 1787 1933 bonis,
1811 1890 2018 1937 tantaque

205 1961 406 1993 utentem
428 1945 634 1993 felicitate
654 1945 956 2006 intelligerem,
981 1945 1232 2006 nullamque
1255 1946 1299 1991 in
1324 1963 1392 1992 me
1414 1963 1491 1992 cur
1511 1944 1762 1992 huiusmodi
1789 1963 1858 1992 me
1880 1944 2015 1992 fortu-

207 2016 272 2061 nis
295 2014 497 2074 dignarer
516 2032 688 2060 causam
711 2015 961 2074 reperirem,
983 2031 1100 2060 eram
1123 2014 1166 2059 in
1190 2031 1345 2073 magna
1364 2013 1542 2074 quidem
1563 2013 1768 2060 felicitate
1784 2013 2017 2060 vehemen-

205 2097 273 2129 ter
293 2083 459 2138 anxius,
486 2081 642 2142 illaque
665 2081 855 2142 Philippi
882 2081 1139 2128 Macedonis
1162 2081 1272 2128 bene
1296 2081 1486 2128 humana
1508 2082 1724 2128 sententia
1743 2080 1945 2128 veniebat
1969 2081 2015 2127 in

206 2165 416 2197 mentem.
437 2153 556 2196 Cum
574 2150 692 2196 enim
710 2168 802 2196 uno
819 2149 1063 2210 eodemque
1081 2149 1148 2196 die
1165 2164 1271 2196 esset
1289 2150 1540 2196 nuntiatum
1558 2163 1599 2196 et
1615 2149 1917 2196 Alexandrum
1932 2148 2014 2196 sibi

206 2218 349 2265 filium
377 2232 530 2265 natum
558 2236 645 2264 esse
671 2232 712 2264 et
735 2216 813 2264 se23
842 2217 1056 2278 Olympia
1083 2217 1299 2278 quadrigis
1324 2218 1473 2264 vicisse
1499 2231 1540 2264 et
1563 2217 1795 2264 Dardanos
1820 2217 1966 2264 hostes
1992 2234 2016 2264 a

205 2287 498 2333 Parmenione
523 2285 748 2347 praefecto
772 2304 852 2333 suo
878 2285 1005 2333 fuisse
1032 2300 1270 2346 superatos,
1300 2303 1391 2332 non
1417 2300 1478 2332 est
1504 2286 1572 2332 vir
1595 2284 1797 2332 fortunae
1823 2299 2014 2332 assuetus

205 2355 312 2402 ludo
334 2369 425 2402 tam
446 2354 568 2402 laetis
590 2355 754 2401 nuntiis
777 2354 941 2415 aliquid
961 2354 1109 2410 elatus,
1130 2354 1205 2401 sed
1223 2354 1374 2401 oculos
1397 2354 1451 2401 ad
1469 2354 1636 2401 caelum
1657 2353 1829 2410 tollens,
1851 2353 2014 2401 medio·

206 2441 325 2470 crem
355 2441 439 2483 pro
472 2423 605 2469 tantis
635 2422 763 2469 bonis
798 2422 1090 2469 calamitatem
1121 2422 1374 2483 deprecatus
1404 2429 1497 2469 est.r
1527 2422 1647 2469 Idem
1679 2421 1767 2469 fere
1798 2421 1850 2469 de
1880 2422 2014 2468 Furio

206 2491 400 2538 Camillo
423 2490 575 2547 fertur,
595 2491 714 2538 Veiis
734 2491 883 2551 captis,
905 2505 951 2537 ut
971 2505 1066 2537 tum
1090 2508 1155 2537 res
1174 2505 1310 2547 erant,
1329 2491 1634 2551 potentissima
1656 2490 1830 2537 civitate
1847 2504 1889 2537 et
1909 2507 2014 2550 opu·

205 2559 473 2606 lentissima.s
507 2563 599 2619 Ego
634 2577 809 2619 quoque
845 2559 1026 2605 minime
1061 2573 1151 2605 tarn
1184 2558 1426 2605 blandienti
1458 2558 1660 2605 fortunae
1693 2557 2011 2605 confidendum

206 2642 337 2684 ratus,
361 2629 507 2688 magni
531 2628 747 2674 continuo
771 2627 879 2673 mihi
902 2627 1066 2688 aliquid
1087 2627 1189 2674 mali
1211 2626 1463 2687 impendere
1485 2626 1742 2687 cogitabam.
1767 2630 1916 2687 Itaque
1937 2626 2016 2673 etsi

205 2696 344 2743 videri
362 2696 443 2743 tibi
463 2711 535 2743 aut
555 2696 690 2743 cuivis
710 2695 813 2742 felix
829 2710 1045 2756 poteram,
1066 2710 1239 2742 tantum
1257 2710 1405 2742 tamen
1423 2695 1631 2742 amaroris
1650 2694 1708 2742 ob
1728 2694 2014 2741 formidinem

286 2961 302 2983 Ρ
318 2956 404 2993 [bid.
424 2955 538 2993 ch.1o.

285 3018 302 3040 ‘¹
320 3014 378 3052 Cf.
400 3015 541 3058 Cicero,
565 3016 750 3062 Tusc.Disp,
774 3014 942 3057 l,xxii,52;
961 3013 1005 3051 cf.
1023 3015 1077 3051 De
1094 3013 1153 3061 leg.
1174 3014 1355 3057 I,xxiii,6l.

286 3077 298 3091 ¹'
314 3071 371 3109 Cf.
391 3070 570 3115 Plutarch,
587 3071 660 3119 Life
676 3070 719 3119 os
722 3070 928 3114 Alexander,
944 3070 1034 3114 ch.3;
1052 3070 1113 3108 the
1128 3084 1222 3108 same
1238 3071 1355 3119 point,
1373 3069 1463 3107 with
1477 3069 1644 3107 different
1661 3068 1848 3118 examples,
1867 3069 1895 3106 is
1910 3067 2013 3106 made

205 3125 255 3173 by
274 3126 416 3169 Cicero,
440 3127 625 3173 TuscDisp.
648 3124 840 3168 1‚xlvi,111.

287 3187 295 3201 ⁸
315 3185 380 3219 On
399 3181 583 3226 Camillus,
605 3181 783 3225 Plutarch,
808 3185 911 3225 Vitae3
933 3182 1033 3229 Livy,
1050 3181 1109 3218 Ab
1124 3181 1207 3218 urbe
1223 3181 1317 3218 cond.
1339 3184 1564 3218 V.21.14-15.
