2124 3464
183 173 239 214 34
1814 179 1952 213 PART
1977 180 1990 213 I

182 333 279 365 tum
301 317 438 364 oculis
457 335 541 378 pro
561 331 628 364 tot
648 316 776 363 bonis
798 316 1037 363 mediocria
1056 316 1108 363 ab
1128 321 1230 363 Iove
1249 316 1360 363 male
1378 331 1578 377 precatus
1597 331 1672 364 est.
1694 317 1814 364 Idem
1835 316 1923 364 fere
1942 317 1995 365 de

183 386 377 434 Camillo
399 385 570 446 legitur,
593 386 710 432 Veiis
732 386 881 446 captis,
903 385 977 446 qui
998 403 1151 432 manus
1174 384 1227 432 ad
1246 385 1413 432 caelum
1434 385 1592 432 tollens
1613 400 1813 446 precatus
1833 385 1995 434 dicitur

181 470 229 502 ut
250 455 284 502 si
307 455 376 502 cui
398 454 584 501 deorum
608 453 929 514 hominumque
955 454 1090 500 nimia
1110 471 1185 500 sua
1207 452 1385 501 fortuna
1403 453 1643 514 populique
1667 455 1858 501 Romani
1879 454 1995 502 vide-

183 538 316 579 retur,
350 537 397 569 ut
431 540 527 569 eam
559 522 771 568 invidiam
805 522 940 568 lenire
974 539 1104 582 quam
1138 523 1332 568 maximo
1364 540 1445 568 suo
1476 523 1651 582 privato
1683 522 1988 579 incommodo,

182 609 315 651 quarn
346 591 536 636 minimo
568 589 721 650 populi
755 590 946 636 Romani
975 589 1155 636 liceret.e
1184 594 1295 636 Non
1326 589 1528 636 accidunt
1557 607 1659 650 ergo
1690 589 1795 637 haec
1820 605 1995 650 praeter

182 658 549 706 consuetudinem
580 673 621 704 et
646 672 847 704 naturam
875 675 1020 704 rerum
1048 657 1352 704 humanarum.
1383 661 1530 718 Atque
1557 657 1611 704 ad
1633 659 1875 718 sapientem
1900 676 1994 719 per-

181 728 292 774 tinet
310 727 513 786 vitaeque
532 740 705 773 nostrae
726 740 956 786 expertum
976 726 1126 772 omnia
1149 725 1305 772 habere
1323 725 1640 786 praemeditata
1656 740 1696 773 et
1713 727 1922 786 praevisa,
1942 741 1990 774 ut

182 794 422 855 Philippus,
453 809 500 841 ut
528 793 755 850 Camillus,
785 794 1090 854 sapientissimi
1119 793 1262 850 duces,
1288 793 1633 841 vicissitudinem
1661 812 1807 841 rerum
1837 794 1992 842 intelli-

179 878 330 924 gentes
351 862 498 910 futura
518 862 631 910 mala
651 880 674 910 a
693 862 774 910 diis
796 862 1118 910 immortalibus
1143 862 1444 923 deprecantur.
1466 866 1668 910 Deorum
1692 863 1809 910 enim
1833 881 1993 911 munus

181 946 242 979 est
266 949 439 978 merum
463 931 530 978 vel
555 931 703 978 multis
727 932 771 977 in
794 932 884 978 vita
904 930 1027 978 malis
1050 931 1104 978 ad
1123 931 1254 978 breve
1277 949 1452 992 quoque
1476 946 1649 992 tempus
1673 932 1868 979 caruisse.

265 999 398 1047 Unde
417 1017 559 1060 neque
577 1000 734 1046 iniuria
752 999 931 1046 fortas3e
949 999 1127 1060 quidam
1145 1014 1266 1047 extra
1283 999 1511 1046 hominem
1529 1014 1704 1060 ponunt
1726 999 1918 1047 hominis
1937 999 1994 1047 fe-

179 1068 405 1124 licitatem,
431 1082 479 1115 ut
507 1067 551 1114 hi
577 1067 785 1114 videntur
808 1068 882 1128 qui
907 1067 961 1114 ad
985 1068 1119 1114 animi
1145 1067 1263 1115 bona
1290 1082 1331 1115 et
1355 1067 1409 1115 ad
1432 1068 1643 1115 virtutem
1668 1068 1832 1129 aliquid
1857 1083 1994 1116 extra-

123 1138 126 1142 ’
180 1155 313 1184 neum
338 1136 662 1197 fortuitumque
687 1135 941 1196 adiungunt.
966 1140 1065 1183 Nos
1087 1137 1249 1183 virtute
1269 1136 1360 1183 sola
1383 1137 1582 1183 contenti
1605 1137 1777 1184 erimus.

265 1209 393 1264 Quae
411 1204 591 1265 quidem
608 1219 655 1252 ut
671 1223 811 1265 saepe,
828 1219 875 1252 ut
892 1223 1065 1265 semper
1082 1204 1169 1251 dux
1186 1205 1329 1252 extitit
1345 1219 1474 1265 atque
1490 1205 1635 1265 auriga
1650 1206 1913 1252 certissimus
1932 1223 1993 1252 re-

179 1292 277 1320 rum
309 1288 500 1329 tuarum,
532 1274 591 1320 ita
619 1273 757 1320 modo
786 1287 834 1320 ut
864 1274 953 1319 eius
983 1291 1103 1320 arma
1133 1273 1285 1320 induas
1315 1288 1469 1320 contra
1497 1273 1698 1320 dolorem
1729 1288 1906 1334 oportet
1938 1291 1991 1320 ne

178 1356 306 1401 turpe
330 1340 510 1388 fortasse
532 1342 586 1387 sit
609 1359 632 1387 a
653 1340 806 1387 dolore
831 1340 968 1387 modo
989 1341 1105 1387 vinci
1128 1358 1228 1387 eum
1253 1342 1327 1401 qui
1348 1340 1531 1388 antehac
1551 1341 1667 1387 vinci
1690 1341 1813 1387 nullo
1837 1341 1988 1397 modo,

179 1407 337 1456 nullo12
364 1409 479 1465 loco,
505 1408 627 1455 nullo
651 1423 867 1469 tempore,
893 1408 1010 1455 nulla
1033 1427 1077 1455 re
1100 1408 1312 1456 didicerit.
1334 1408 1453 1456 Vale.

1060 1551 1112 1592 38

723 1621 801 1660 TO
824 1621 1103 1660 LORENZO
1126 1622 1216 1660 DE'
1238 1622 1449 1661 MEDICI

775 1688 1000 1735 Florence‚
1022 1692 1069 1728 21
1094 1691 1268 1741 August
1293 1692 1397 1728 1472

261 1784 374 1822 MAI>
410 1786 555 1830 28‚442.
591 1782 776 1835 Original.
811 1782 1049 1835 Autograph.
1090 1785 1206 1823 Verso:
1243 1782 1461 1835 ‘Magnifico
1496 1783 1591 1823 Viro
1625 1783 1827 1823 Laurentio
1862 1782 1908 1823 de

261 1838 420 1879 Medicis
442 1839 540 1891 patri
560 1840 674 1879 meo.'
696 1838 810 1879 Recd.
832 1842 875 1878 21
897 1841 1044 1891 August
1070 1842 1172 1879 1472.
1191 1838 1303 1887 Scala,
1326 1842 1372 1879 76
1391 1842 1479 1887 [52].

177 1943 416 2004 Magnifice
440 1958 566 2004 pater
589 1944 664 2000 mi,
690 1943 818 1990 salve.
845 1943 1019 2004 Filippo
1045 1943 1302 1991 Machellini
1326 1951 1512 2000 nostro,a
1538 1943 1617 1990 che
1644 1943 1760 1991 ando
1785 1961 1808 1990 a
1832 1948 1990 2000 Roma,

178 2011 199 2058 ὲ
223 2026 405 2058 tornato
427 2026 590 2072 presto.
616 2011 835 2058 Mandolo
862 2012 1005 2058 insino
1031 2030 1055 2058 a
1078 2026 1120 2058 te
1140 2011 1301 2072 perche
1326 2011 1506 2059 intenda
1528 2030 1552 2058 a
1573 2011 1717 2058 bocha
1742 2011 1890 2072 quello
1914 2011 1994 2058 che

178 2079 381 2127 riferisce.
402 2084 456 2127 Et
477 2079 605 2127 dicali
624 2079 772 2140 quello
793 2081 826 2127 ti
844 2098 946 2140 pare
967 2079 1046 2127 che
1067 2079 1175 2127 facci
1191 2079 1267 2140 piu
1289 2080 1414 2136 oltre3
1436 2079 1526 2127 fara
1543 2094 1711 2140 quanto
1729 2080 1762 2126 ti
1780 2079 1919 2140 parra.
1942 2084 1990 2127 Io

178 2148 311 2195 credo
333 2147 413 2195 che
435 2148 693 2208 seguitando
717 2163 872 2208 questo
894 2166 993 2195 caso
1015 2166 1141 2195 come
1162 2149 1197 2195 si
1218 2148 1360 2209 potra,
1383 2166 1426 2195 se
1450 2166 1502 2195 ne
1526 2147 1678 2195 cavera
1696 2147 1851 2195 utilita.

263 2221 323 2263 La
342 2216 474 2263 Badia
494 2216 538 2263 di
558 2220 732 2277 Spugna
755 2216 798 2263 di
821 2216 947 2263 Colle
969 2216 1058 2264 l'ha
1079 2232 1213 2264 avuto
1234 2217 1261 2263 il
1284 2216 1517 2264 Cardinale
1537 2220 1621 2263 San
1642 2210 1786 2263 Sixtob
1807 2231 1849 2263 et
1871 2234 1989 2263 man-

178 2284 232 2332 da
248 2302 327 2345 per
343 2284 383 2331 la
400 2285 685 2345 possessione.
710 2284 811 2331 Sara
827 2285 902 2345 qui
922 2284 949 2330 il
969 2284 1179 2332 mandato
1198 2285 1279 2332 alla
1295 2286 1492 2345 Signoria
1512 2303 1597 2332 con
1617 2284 1771 2332 lettera
1785 2284 1854 2332 del
1874 2287 1990 2345 Papa

177 2368 219 2400 et
241 2371 264 2400 a
284 2367 339 2400 te.
362 2352 493 2400 Parra
513 2352 693 2400 difficile
714 2356 750 2400 a’
773 2353 1008 2414 Colligiani
1034 2353 1133 2400 dare
1153 2353 1193 2400 la
1210 2354 1480 2414 possessione
1506 2371 1529 2400 a
1550 2352 1781 2400 forestiero
1801 2367 1843 2400 et
1862 2353 1989 2414 speti-

177 2421 367 2468 almente
392 2421 624 2478 cardinale3
647 2436 689 2469 et
711 2421 778 2482 gia
802 2421 1051 2469 havendolo
1076 2422 1231 2478 inteso,
1255 2440 1298 2469 se
1322 2440 1376 2469 ne
1397 2439 1509 2469 sono
1535 2421 1677 2469 doluti
1702 2436 1743 2469 et
1765 2422 1987 2482 scriptone

177 2491 252 2550 qui
270 2489 352 2537 alla
368 2491 566 2550 Signoria
587 2505 627 2537 et
646 2508 669 2537 a
686 2508 769 2537 me.
791 2494 958 2537 Hanno
978 2505 1179 2551 sospecto
1199 2505 1240 2537 et
1258 2489 1450 2537 fannone
1471 2505 1621 2546 conto,
1643 2491 1832 2537 maxime
1848 2489 1919 2551 pel
1936 2490 1986 2537 si-

176 2572 238 2614 to,
261 2558 340 2604 che
363 2557 383 2604 ὲ
404 2576 492 2605 una
511 2558 648 2605 bastia
668 2558 749 2605 alla
769 2573 895 2605 terra.
916 2563 969 2605 Et
990 2558 1265 2605 nondimeno
1289 2559 1332 2605 io
1354 2558 1486 2605 credo
1505 2559 1566 2605 sia
1585 2558 1696 2605 bene
1716 2559 1989 2618 compiacere

177 2644 199 2673 a
228 2641 384 2686 questo
414 2626 662 2682 Cardinale,
691 2626 851 2687 perche
881 2626 902 2673 ὲ
932 2641 1085 2673 nostro
1115 2627 1271 2673 amico.
1302 2630 1352 2674 Se
1382 2645 1405 2673 a
1434 2641 1476 2674 te
1502 2626 1629 2687 parra
1657 2625 1760 2683 cosi,
1791 2624 1986 2673 avisami1

176 2694 298 2741 accio
323 2694 402 2741 che
430 2695 472 2741 io
499 2696 560 2741 mi
583 2696 699 2755 possi
727 2694 935 2742 adirizare
960 2713 983 2742 a
1007 2695 1107 2742 dare
1131 2694 1280 2742 favore
1306 2710 1347 2742 et
1370 2696 1444 2755 qui
1469 2709 1510 2742 et
1533 2694 1574 2742 la
1598 2696 1643 2741 in
1669 2694 1816 2755 quello
1838 2694 1985 2755 potro.

177 2763 442 2809 Occorremi
468 2763 699 2809 ricordarti
720 2781 800 2823 per
822 2764 1030 2810 acconcio
1054 2763 1121 2810 del
1148 2762 1265 2810 facto
1287 2763 1366 2810 che
1390 2763 1427 2809 el
1452 2762 1699 2818 Cardinale,
1725 2761 1927 2809 havendo
1949 2761 1990 2809 la

174 2831 462 2891 possessione,
484 2830 602 2877 desse
620 2830 719 2891 quel
736 2849 933 2891 governo
951 2849 974 2877 a
990 2830 1088 2891 quel
1108 2831 1199 2877 mio
1215 2845 1395 2891 parente
1411 2830 1465 2877 da
1480 2830 1621 2886 Colle,
1642 2829 1844 2877 havendo
1862 2829 1985 2877 have-

257 3029 268 3042 ‘
288 3026 389 3073 Livy,
408 3028 451 3069 V,
472 3029 585 3069 21‚15,
606 3025 649 3063 cf.
667 3025 832 3073 Dialogus
849 3025 892 3063 de
908 3025 1137 3063 consolatione
1155 3025 1258 3073 (V:3).

257 3087 269 3101 ²
288 3082 430 3131 Filippo
448 3082 486 3120 di
503 3082 656 3120 Alberto
675 3082 886 3120 Machellini
901 3082 942 3120 of
959 3082 1074 3127 Colle,
1091 3096 1147 3120 see
1165 3082 1271 3120 letter
1289 3085 1362 3120 120.

257 3135 272 3160 *²
291 3144 333 3178 In
350 3141 431 3185 fact,
450 3141 512 3179 the
532 3141 700 3179 Cardinal
720 3141 761 3179 of
776 3142 930 3179 S.Pietro
950 3142 989 3178 in
1007 3140 1162 3185 Vincoli‚
1182 3140 1353 3179 Giuliano
1372 3140 1464 3178 della
1482 3143 1621 3178 Rovere
1640 3139 1880 3188 (1443-1513)‚
1902 3138 1992 3177 later

176 3207 272 3242 pope
286 3192 400 3240 Julius
421 3196 461 3237 H,
479 3207 535 3231 see
555 3196 732 3237 Lorenzo‚
751 3196 879 3231 Leztere
897 3196 921 3237 I,
941 3205 1027 3230 note
1048 3196 1076 3230 1.
