2072 3450
199 173 290 212 532
766 171 849 211 IV:
879 172 1003 212 3-V:
1037 173 1054 212 1
1550 179 1802 214 TEXTUAL
1826 180 2001 215 NOTES

286 313 311 334 ¹⁶
325 314 553 352 acerbissimo
571 314 622 362 (?):
638 315 840 352 tervissimo
856 317 930 359 MS,
946 315 1129 352 emendavi

285 364 311 386 ¹⁷
325 367 491 404 amicitia:
507 367 661 404 amicitie
675 368 750 411 MS,
766 369 894 404 correxi

285 418 310 440 ¹⁸
325 420 494 458 confisus:
510 420 684 458 confissus
700 422 775 464 MS,
789 423 918 458 correxi

285 470 311 492 ¹⁹
325 473 374 510 ni:
391 473 427 509 in
443 474 518 516 MS,
533 475 662 509 correxi

282 523 312 545 ²⁰
325 525 415 562 fessi:
432 525 522 563 fesso
539 527 614 569 MS,
629 529 758 563 correxi

848 735 1037 775 NOTES
1058 736 1136 775 TO
1159 736 1307 775 PART
1327 738 1364 775 V

199 846 231 880 1.
284 840 294 862 ¹
313 842 466 880 Titulum
481 857 548 880 om.
565 840 621 880 Μ2

281 892 295 914 ²
309 894 549 932 Borrhomeo:
565 894 824 932 Bartholomeo
839 892 905 939 ΜΖ,
920 898 1049 933 correxi

282 946 294 969 ³
308 948 559 998 philosophari
574 952 611 986 in
627 948 813 998 margadd.
831 946 870 986 L²

281 1000 295 1021 ⁴
309 1016 439 1038 errans:
455 1016 547 1038 erras
562 999 618 1038 Μ2

281 1053 293 1075 ⁵
308 1067 480 1104 tanquam
495 1070 561 1092 om.
579 1053 620 1092 L²

281 1105 294 1126 ⁶
306 1107 352 1144 ab
366 1108 678 1156 investigationem
694 1106 863 1156 (positum
877 1119 960 1145 ante
972 1107 1072 1156 quae)
1089 1111 1209 1157 incipit
1223 1110 1288 1145 Mo

281 1159 294 1180 ⁷
308 1160 441 1198 multis:
459 1160 645 1198 nonnullis
659 1158 699 1198 L²

281 1211 293 1232 ⁸
307 1213 424 1262 plane:
439 1212 586 1250 fortasse
602 1215 699 1257 MSS,
716 1228 798 1250 corr.
816 1228 926 1251 manu
938 1217 1084 1251 auctoris
1098 1211 1139 1251 L²

279 1264 294 1286 ⁹
308 1266 461 1303 infinitis
474 1281 586 1315 paene
598 1278 681 1303 ante
693 1266 866 1315 explicata
877 1266 940 1304 del.
957 1269 1023 1304 Mo

283 1316 309 1338 ¹⁰
323 1318 359 1355 id
373 1318 463 1355 mihi
477 1329 559 1355 ante
572 1318 765 1355 molestum
780 1318 842 1356 del.
860 1321 926 1355 Mo

283 1369 307 1391 ¹¹
322 1383 498 1409 sectarum
511 1382 594 1409 ante
607 1386 648 1409 ex
662 1371 724 1409 del.
742 1374 807 1409 Mo

282 1421 308 1444 ¹²
322 1436 356 1461 et
369 1435 452 1461 ante
465 1423 551 1473 quid
564 1423 627 1461 del.
644 1426 710 1461 Mo

282 1475 307 1497 ¹³
322 1477 372 1515 hi:
388 1478 411 1514 ii
426 1475 468 1514 L²

282 1528 308 1549 ¹⁴
322 1531 349 1567 si
364 1560 371 1567 .
388 1560 396 1567 .
411 1560 419 1567 .
434 1545 645 1579 percurrero
660 1545 698 1567 ex
711 1533 809 1568 Nam
825 1545 931 1579 quam
947 1534 984 1568 in
1000 1545 1191 1579 margaeorr.
1209 1533 1274 1568 Mo

282 1581 307 1604 ¹⁵
321 1598 421 1621 sensa
436 1581 477 1621 L²
491 1581 559 1628 M²;
574 1598 678 1621 sensu
694 1586 760 1621 Mo

282 1634 308 1656 ¹⁶
322 1637 490 1673 omnium
504 1647 587 1674 ante
599 1636 756 1674 ostendit
769 1636 831 1674 del.
849 1639 914 1674 Mo

282 1687 307 1709 ¹⁷
321 1691 429 1727 secari
443 1705 482 1727 ex
494 1690 651 1727 secandis
666 1705 749 1728 corr.
766 1686 832 1728 Mo

281 1740 307 1762 ¹⁸
321 1744 467 1780 Rursus:
484 1745 641 1780 Rursum
657 1745 723 1780 Mo

281 1793 307 1816 ¹⁹
321 1811 603 1845 unumquocque
620 1796 765 1840 horum,
780 1808 819 1834 ut
832 1796 912 1840 vid„
926 1808 1009 1834 ante
1021 1809 1080 1834 aut
1093 1796 1155 1834 del.
1172 1800 1238 1834 Mo

278 1845 308 1868 ²⁰
321 1863 409 1897 quae
425 1878 433 1885 .
448 1878 456 1885 .
471 1879 478 1885 .
494 1848 641 1886 discitur
655 1851 692 1885 in
708 1848 888 1897 marg.add
899 1851 964 1886 Mo

278 1899 305 1921 ²¹
321 1916 392 1939 esse
408 1917 474 1939 om.
492 1900 545 1946 L²;
560 1902 757 1951 expetenda
771 1917 841 1939 esse
857 1905 923 1940 Mo

278 1952 307 1973 ²²
320 1954 499 2003 voluptati
513 1984 520 1991 .
537 1984 544 1991 .
560 1984 567 1991 .
583 1954 761 2003 voluptati
774 1969 813 1992 ex
825 1954 1049 2003 voluptatem
1064 1955 1240 1992 antecellit
1253 1956 1365 1992 virtus
1379 1968 1439 1993 aut
1452 1957 1559 1993 servit
1573 1968 1607 1993 et
1621 1957 1734 1993 virtus
1747 1955 1925 2005 voluptati

319 2022 402 2044 corr.
419 2010 486 2044 Mo

278 2057 306 2079 ²³
320 2059 546 2108 voluptatem
560 2089 567 2096 .
585 2089 592 2096 .
607 2089 615 2096 .
629 2061 812 2096 virtutem:
827 2059 991 2097 obtinere
1004 2060 1076 2097 vol.
1092 2074 1130 2097 ac
1143 2061 1224 2097 virt.
1239 2058 1293 2104 L²;
1307 2061 1420 2098 virtus
1434 2061 1588 2097 ottinere
1601 2075 1640 2098 ac
1653 2060 1818 2109 voluptas
1831 2063 1898 2098 Mo

278 2110 307 2132 ²⁴
320 2113 437 2161 prima
449 2124 606 2161 suprascr.
625 2110 667 2149 L²

278 2162 305 2184 ²⁵
320 2177 420 2213 parte
434 2179 473 2202 ex
486 2179 564 2214 pars
578 2179 661 2202 corr.
679 2167 744 2202 Mo

278 2216 306 2238 ²⁶
320 2231 390 2256 tres
404 2231 512 2256 sectas
527 2221 605 2263 Mo,
620 2218 698 2256 fieri
712 2218 774 2256 del.

277 2268 306 2290 ²⁷
320 2270 433 2308 facere
447 2286 486 2308 ex
499 2270 581 2308 facit
595 2286 678 2308 corr.
696 2274 762 2308 Mo

277 2322 305 2344 ²⁸
321 2324 415 2361 idem
430 2325 665 2373 primogenia:
682 2337 786 2374 atque
802 2339 841 2362 ea
854 2339 942 2374 quae
958 2325 1000 2362 ab
1015 2340 1058 2362 eo
1072 2325 1226 2362 diximus
1242 2325 1409 2374 appellari
1422 2326 1645 2374 primogenia
1659 2327 1724 2362 Mo

277 2374 306 2396 ²⁹
320 2378 494 2426 quoniam
507 2389 664 2426 suprascr.
683 2379 749 2414 Mo

277 2428 306 2450 ³⁰
319 2430 402 2467 solis
418 2443 637 2479 expetuntur
649 2430 736 2468 nob.
752 2428 803 2475 L²;
819 2431 905 2468 nob.
920 2431 1003 2468 solis
1019 2432 1135 2480 expeti
1150 2433 1215 2468 Mo

277 2480 303 2502 ³¹
319 2482 549 2531 duplicantur
563 2513 570 2520 .
586 2513 593 2520 .
610 2513 617 2520 .
631 2484 691 2520 xii:
706 2483 888 2532 duplicato
903 2498 1056 2520 numero
1071 2498 1112 2520 ex
1126 2484 1175 2520 xii
1189 2483 1282 2521 effici
1297 2484 1367 2520 iam
1382 2486 1448 2521 Mo

277 2533 305 2556 ³²
318 2533 387 2573 vel¹
403 2551 469 2573 om.

277 2585 304 2608 ³³
318 2600 490 2636 tanquam
505 2603 572 2625 om.
589 2591 655 2625 Mo

277 2639 305 2661 ³⁴
318 2641 521 2690 duplicatur
535 2672 542 2679 .
558 2672 565 2679 .
583 2672 590 2679 .
605 2643 685 2679 iarn:
702 2642 874 2691 duplicari
890 2657 1081 2679 numerum
1097 2657 1187 2691 opus
1203 2657 1273 2680 esse
1287 2642 1372 2680 dicit
1386 2655 1563 2691 sectasque
1579 2642 1710 2680 confici
1725 2654 1810 2680 octo
1824 2644 1891 2679 Mo

277 2691 304 2714 ³⁵
318 2693 490 2742 disputari
505 2706 634 2743 potest:
651 2694 913 2743 phil.disputari
927 2695 1038 2743 possit
1054 2697 1131 2738 Mo;
1146 2709 1283 2732 necesse
1298 2709 1369 2732 esse
1383 2707 1423 2732 ut
1432 2706 1508 2743 post
1521 2695 1632 2743 possit
1645 2694 1708 2732 del.
1725 2697 1791 2731 Mo

277 2745 304 2767 ³⁶
319 2748 516 2784 auctiorem
531 2747 609 2784 fieri
626 2747 805 2795 (faciamus
820 2747 897 2795 del.)
913 2762 1105 2785 numerum
1121 2760 1154 2785 et
1168 2762 1226 2785 sex
1241 2760 1275 2785 et
1289 2749 1484 2796 nonaginta
1497 2749 1567 2785 iam
1582 2747 1704 2785 haberi
1720 2747 1802 2795 (iam
1817 2747 1989 2785 habemus

315 2798 393 2846 del.)
409 2802 476 2836 Mo

277 2849 305 2871 ³⁷
320 2851 378 2889 illa
392 2882 399 2888 .
415 2882 422 2889 .
438 2882 445 2889 .
461 2853 568 2889 otiosi
583 2867 622 2889 ex
636 2852 709 2889 illas
725 2853 772 2889 ita
785 2853 877 2889 tueri
892 2852 1057 2889 homines
1071 2864 1220 2901 possunt
1235 2864 1269 2889 et
1285 2852 1365 2900 (ut?)
1383 2853 1489 2889 otiosi
1503 2867 1586 2889 corr.
1603 2854 1669 2889 Mo

277 2901 304 2923 ³⁸
319 2916 352 2940 et
368 2905 404 2940 in
420 2905 493 2941 vita
506 2916 739 2952 persecuntur
748 2915 824 2952 post
837 2903 1011 2941 dederunt
1024 2903 1086 2941 del.
1103 2907 1169 2941 Mo

277 2954 305 2976 ³⁹
319 2957 624 3006 quemadmodum
643 2987 650 2994 .
667 2987 674 2994 .
690 2987 697 2994 .
713 2957 923 2994 conditione
937 2972 975 2994 ex
987 2957 1085 2994 velut
1099 2957 1137 2994 hi
1151 2958 1211 3006 qui
1226 2957 1593 2995 administrationibus
1607 2971 1642 2994 se
1658 2956 1920 2994 admiscuerunt

318 3024 438 3046 rerum
452 3009 678 3058 publicarum
694 3021 753 3046 aut
767 3010 908 3047 variatis
921 3022 1129 3058 temporum
1144 3009 1414 3047 conditionibus
1427 3024 1509 3047 corr.
1526 3011 1592 3046 Mo

276 3060 305 3083 ⁴⁰
318 3077 389 3100 sese
400 3074 476 3112 post
490 3063 609 3100 studio
623 3062 685 3100 a'el.
703 3065 769 3100 Mo

276 3113 303 3135 ⁴¹
318 3127 552 3164 persecuntur
560 3126 636 3164 post
650 3114 796 3152 fuerunt
809 3115 871 3152 del.
888 3118 954 3152 Mo
967 3114 1036 3163 (om
1051 3114 1144 3163 cett),
1161 3118 1290 3152 restitui
1306 3114 1361 3163 (cf.
1377 3115 1631 3163 Augustinum,
1649 3116 1733 3152 CD.
1750 3116 1882 3151 XIX.1:
1904 3114 1986 3163 quia

317 3183 439 3205 earum
455 3168 606 3217 singulas
622 3199 629 3205 .
645 3198 652 3205 .
670 3199 676 3205 .
691 3169 782 3205 tueri
797 3168 962 3206 homines
976 3181 1125 3217 possunt
1141 3181 1245 3217 atque
1259 3168 1394 3216 sectari)
