2124 3458
205 173 298 214 330
1816 181 1953 214 PART
1978 181 2009 213 v

206 317 267 364 illi
300 317 474 378 plantae
508 331 564 373 et,
600 335 709 377 quae
741 316 937 377 graditur
969 316 1140 363 duobus
1173 316 1370 377 pedibus,
1408 317 1707 378 quadrupedes
1741 318 1833 378 ipsi,
1871 317 2013 365 ferum

204 404 352 446 genus,
386 385 586 446 praedae,
617 385 853 446 despectui,
885 384 1097 432 ludibrio?
1131 389 1313 446 Impune
1346 385 1514 432 tamdiu
1545 400 1670 433 vorat
1700 404 1784 446 pro
1816 386 2010 443 libidine,

205 468 391 501 asservat
410 472 579 501 carcere
596 468 637 500 et
654 453 852 510 vinculis,
873 453 1021 500 labore
1042 468 1229 500 macerat
1247 468 1302 510 et,
1322 453 1442 514 quod
1461 468 1522 500 est
1537 469 1710 514 praeter
1725 469 1867 501 cetera
1882 472 2013 515 quarn

206 522 572 583 indignissimum,
603 522 766 569 vectari
789 522 935 578 etiam,
959 522 993 568 si
1020 521 1099 569 diis
1123 521 1278 582 placet,
1304 540 1327 569 a
1350 521 1618 569 nobilissima
1646 540 1862 583 equorum
1887 537 2015 583 gente

203 590 410 652 postulat.
438 589 755 651 Insurgendum
781 605 842 637 est
866 588 1107 646 iamiam,¹²³³
1135 589 1473 647 commilitones,
1501 589 1687 638 ferocius
1711 609 1758 638 ac
1778 606 1867 638 tam
1892 592 2014 638 mise-

206 677 304 706 rum
331 677 354 706 a
378 659 619 706 cervicibus
646 660 794 719 iugum
825 658 1123 719 repellendum
1151 673 1225 705 est.
1252 659 1334 705 His
1361 658 1539 706 tandem
1565 658 1690 706 dictis
1715 677 1814 706 cum
1843 660 2013 707 animos

206 727 519 774 inflammasset
543 745 724 773 suorum
750 745 798 773 ac
818 727 908 772 vim
933 727 1181 782 exacuisset,
1204 726 1351 773 eduxit
1376 727 1419 772 in
1443 728 1592 773 aciem.
1618 731 1773 773 Homo
1798 742 1952 774 contra
1973 742 2015 774 et

206 796 294 856 ipse
323 813 411 842 sese
438 809 665 855 paraverat
692 794 746 841 ad
771 794 1003 855 proelium.
1035 797 1103 841 De
1133 812 1266 855 regno
1293 812 1438 855 pugna
1467 795 1616 855 ingens
1644 794 1725 841 fuit
1755 813 1803 842 ac
1827 796 2010 842 summis

204 864 428 923 utrimque
452 863 616 909 viribus
641 877 702 910 est
726 877 953 909 certatum.
978 867 1178 923 Regnum
1201 881 1284 923 pro
1307 864 1467 910 virtute
1487 863 1636 910 stetit.'
1715 876 1717 878 “

982 1004 1047 1045 77.
1073 1002 1241 1045 Cantus

203 1102 386 1149 Veneris
418 1102 463 1148 in
495 1101 664 1162 templo
695 1102 740 1147 in
769 1102 933 1162 pariete
963 1102 1130 1148 extimo
1160 1119 1410 1149 marmoreo
1442 1116 1527 1148 tres
1557 1116 1820 1162 expresserat
1849 1101 2014 1162 puellas

202 1171 350 1231 pictor
378 1169 538 1217 nobilis
569 1171 736 1230 egregia
765 1169 908 1217 forma
936 1188 1131 1230 voceque
1161 1184 1202 1216 et
1229 1170 1345 1217 tibiis
1375 1188 1422 1217 ac
1450 1169 1614 1217 cithara
1642 1170 1839 1230 insignes.
1872 1169 2013 1229 Quod

204 1253 351 1286 autem
372 1239 463 1286 sine
487 1239 722 1285 nominum
750 1239 1033 1299 inscriptione
1058 1253 1161 1294 erat,
1184 1239 1379 1299 quaestio
1400 1239 1515 1285 inter
1533 1253 1798 1299 spectatores
1819 1253 1916 1286 orta
1937 1253 2013 1295 est,

203 1308 430 1354 Sirenasne
450 1307 519 1354 ille
537 1307 729 1367 pinxerit
748 1325 802 1353 an
821 1311 981 1353 Musas.
1003 1310 1121 1353 Cum
1141 1307 1441 1353 intervenisset
1460 1307 1616 1367 pictor:
1639 1310 1727 1352 ‘An
1746 1325 1825 1353 vos
1845 1307 2011 1367 ignora-

203 1376 286 1431 tis,'
313 1376 470 1435 inquit,
497 1374 732 1435 ‘Apollinis
758 1375 803 1421 in
826 1374 995 1435 templo
1018 1374 1222 1422 diversari
1244 1379 1405 1431 Musas,
1430 1393 1521 1421 non
1545 1371 1640 1420 in¹8⁴
1663 1375 1880 1422 Veneris?

959 1516 1024 1557 78.
1048 1511 1262 1571 Voluptas

204 1612 360 1660 Medio
384 1613 428 1658 in
455 1613 565 1659 mari
587 1612 756 1673 scopuli
781 1627 881 1659 sunt
907 1612 1168 1672 complures;
1196 1612 1410 1672 navigiola
1434 1611 1556 1659 facile
1580 1611 1750 1668 dixeris,
1776 1611 1861 1659 huc
1885 1626 2014 1672 atque

206 1680 307 1727 illuc
327 1695 492 1727 temere
511 1699 611 1727 cum
632 1681 845 1727 innatent.
864 1685 949 1727 Eos
971 1680 1172 1727 insedisse
1192 1698 1243 1726 ex
1263 1680 1327 1727 his
1346 1681 1558 1726 matronis
1577 1679 1756 1726 alteram
1776 1679 2015 1740 (Hedonen

205 1749 365 1795 Graeci
379 1749 573 1808 vocant),
590 1766 699 1808 quae
717 1748 770 1795 ad
784 1748 1098 1795 deliberantem
1115 1749 1159 1794 in
1175 1748 1296 1795 bivio
1314 1748 1553 1795 Herculem
1570 1747 1795 1808 quondam
1813 1747 2017 1795 advener-

204 1831 297 1864 unt.
336 1816 409 1863 Ad
443 1835 516 1863 eos
552 1815 644 1863 fato
679 1816 872 1877 quodam
909 1816 1118 1873 humano,
1155 1817 1188 1863 si
1224 1834 1341 1863 mare
1377 1815 1630 1876 ingrediare,
1665 1830 1712 1863 ut
1746 1815 1922 1863 accedas
1955 1830 2016 1863 est

204 1903 389 1932 necesse.
410 1888 529 1932 Cum
548 1903 655 1932 vero
671 1886 934 1946 perveneris,
954 1886 1100 1932 statim
1120 1886 1164 1931 in
1183 1884 1363 1946 tripudii
1383 1884 1567 1932 modum
1587 1884 1755 1945 scopuli
1775 1885 2012 1932 circumsis-

204 1968 317 2000 tunt.
346 1954 503 2000 Varius
534 1954 838 2000 ministrorum
871 1953 982 2000 ordo
1011 1968 1087 2009 est,
1116 1971 1225 2014 quos
1254 1954 1368 2000 inter
1394 1956 1626 2013 Gorgones
1657 1971 1744 2000 esse
1772 1971 1820 1999 ac
1844 1953 2013 2000 Sirenas

206 2022 421 2083 imprimis
455 2021 616 2078 ferunt3
647 2036 776 2082 atque
807 2022 921 2069 inter
949 2025 1182 2082 Gorgonas
1215 2021 1392 2082 quidem
1420 2035 1690 2082 pugnantem
1722 2039 1823 2068 cum
1854 2024 2012 2068 Perseo

204 2090 437 2137 Medusam
458 2108 599 2150 neque
618 2089 949 2137 concedentem.
968 2091 1068 2137 Nisi
1088 2108 1210 2137 aures
1228 2089 1470 2146 occluseris,
1493 2089 1614 2150 quod
1633 2089 1685 2136 de
1701 2088 1832 2136 Ulixe
1852 2088 2013 2145 ferunt,

205 2158 473 2219 alteramque
494 2159 730 2219 respexeris
753 2159 797 2204 in
818 2173 1002 2219 partem,
1026 2173 1097 2205 aut
1120 2159 1164 2204 in
1186 2176 1337 2205 saxum
1359 2172 1536 2205 vertunt
1559 2172 1631 2205 aut
1653 2172 1855 2218 mergunt
1878 2158 2010 2218 aquis.

935 2299 1000 2341 79.
1026 2294 1289 2355 Perplexitas

206 2402 253 2443 In
279 2397 496 2458 templum
524 2398 736 2457 ingressus
763 2397 982 2458 Apollinis
1010 2394 1310 2444 adolescens¹⁸⁵
1337 2415 1385 2444 ac
1406 2398 1525 2458 prius
1551 2411 1792 2444 structurae
1817 2395 2012 2457 magnifi—

205 2466 395 2512 centiam
418 2465 787 2525 splendoremque
813 2465 1003 2512 multum
1030 2466 1210 2512 miratus
1235 2480 1599 2512 ornamentorum
1626 2464 1679 2511 ad
1701 2482 1878 2520 novem,
1903 2482 2012 2524 quae

206 2534 250 2578 in
269 2533 439 2593 templo
457 2547 573 2589 sunt,
592 2537 821 2580 Musarum
841 2533 1070 2580 simulacra
1089 2533 1239 2580 oculos
1259 2532 1437 2580 tandem
1456 2532 1624 2579 adiecit.
1641 2537 1704 2579 Ut
1722 2550 1829 2579 vero
1846 2531 2015 2579 diversa

205 2619 355 2648 earum
378 2602 574 2657 nomina,
600 2601 769 2648 diversa
790 2601 894 2648 item
919 2600 1067 2648 officia
1089 2619 1175 2648 esse
1197 2600 1372 2661 singulis
1397 2618 1445 2648 ac
1465 2615 1550 2647 tres
1572 2600 1798 2647 dumtaxat
1820 2600 1864 2646 in
1887 2599 2013 2647 vulti-

204 2669 284 2715 bus
305 2668 575 2716 differentias
592 2669 915 2725 animadvertit,
933 2669 1131 2729 stupidus
1149 2670 1296 2729 primo
1318 2687 1418 2716 curn
1438 2669 1700 2715 constitisset
1719 2682 2013 2729 versassetque

203 2755 283 2797 per
302 2751 460 2784 cuncta
479 2738 691 2793 animum,
716 2737 822 2797 quid
843 2737 887 2784 id
907 2751 1013 2784 esset
1036 2738 1235 2793 monstri,
1260 2736 1417 2784 frustra
1435 2737 1741 2797 pervestigans,
1764 2737 1938 2783 accessit
1959 2735 2013 2783 ad

205 2804 427 2865 tripodem
460 2806 655 2865 propius,
692 2805 798 2865 quid
829 2806 872 2851 in
906 2823 953 2852 ea
983 2805 1160 2852 tandem
1193 2823 1237 2852 re
1269 2805 1412 2852 arcani
1443 2804 1609 2860 lateret,
1638 2804 1917 2851 sciscitatum.
1951 2808 2014 2850 Ex

207 2874 367 2919 intimo
397 2874 528 2933 igitur
554 2891 698 2933 specu,
727 2891 827 2920 cum
856 2873 1102 2933 perplexius
1131 2872 1244 2919 foret
1272 2873 1656 2919 obmurmuratum
1688 2887 1735 2919 ut
1762 2873 1835 2918 vix
1861 2871 2014 2919 elicere

206 2937 509 2987 adolescens185
528 2955 688 3001 posset,
706 2941 960 3001 provectior
978 2955 1024 2987 ut
1043 2940 1215 2996 rediret,
1233 2958 1421 3000 egressus
1440 2958 1461 2987 e
1478 2939 1646 3000 templo
1665 2954 1952 3000 temporaque
1969 2954 2011 2986 et

207 3027 351 3055 mores
375 3024 563 3069 questus:
590 3013 724 3055 ‘Itane
746 3009 953 3064 tandem,'
980 3010 1134 3069 inquit,
1160 3008 1233 3055 ‘dii
1256 3026 1430 3069 quoque
1455 3009 1539 3055 iam
1563 3007 1711 3054 fantur
1731 3007 1991 3054 obscurius?'
