2124 3458
209 175 299 215 334
1816 178 1953 211 PART
1978 179 2009 211 V

210 332 352 365 tarent
377 317 598 364 continuis
628 315 867 371 discordiis,
895 315 1027 362 fessus
1052 314 1283 362 tolerando
1309 314 1456 361 Chaos
1483 319 1643 361 Lucem
1670 314 1849 361 demum
1876 317 2013 362 Tene-

209 386 421 445 bramque
454 385 609 431 emisit.
642 389 828 430 Manent
856 398 1004 430 tamen
1035 381 1216 429 etiarn20⁶
1250 401 1366 429 nunc
1398 400 1553 429 mores:
1586 382 1792 429 infestum
1825 382 2013 429 reddunt

210 453 378 500 orbem.
409 452 577 499 Bellum
605 451 710 498 dum
736 466 891 511 gerunt
919 451 1190 506 obstinatius,
1219 451 1378 497 virtute
1403 454 1495 496 Lux
1520 468 1568 496 ac
1590 468 1696 496 vero
1718 464 1896 510 pugnat,
1923 464 2013 497 arte

208 521 411 568 Tenebra
440 521 596 567 nititur
624 534 665 567 et
692 519 880 575 latebris3
910 534 1038 579 atque
1068 518 1172 565 haec
1199 515 1431 579 quidem207
1462 532 1618 565 cuncta
1643 535 1867 565 armorum
1899 532 2015 578 tegu-

210 604 360 636 menta
384 588 574 636 afferunt
598 589 643 634 in
668 588 818 635 aciem.
844 587 918 634 Illa
942 601 1102 643 autem,
1127 584 1297 647 quod208
1324 586 1375 633 de
1399 586 1692 646 Gallograecis
1715 585 1861 633 ferunt
1883 587 2012 647 scrip-

209 665 355 714 tores,s
381 656 508 704 nudis
535 655 793 717 corporibus
822 655 1177 716 congrediuntur.
1207 655 1293 701 Cui
1317 655 1370 701 sit
1396 655 1526 715 igitur
1552 655 1727 710 mirum,
1752 655 1786 701 si
1813 655 2016 701 cesserint

210 725 446 786 aliquando
470 725 577 772 nudi
601 725 796 771 armatis?
820 728 912 770 Lux
934 738 1082 770 tamen
1104 741 1285 783 regnum
1310 723 1493 770 obtinet.

919 864 983 906 89.
1010 859 1307 906 Infortunium

210 968 378 1011 Graves
400 963 700 1010 Infortunium
726 980 826 1009 cum
850 967 973 1018 Noo,
999 963 1112 1008 Iovis
1135 962 1312 1022 Optimi
1334 962 1520 1008 Maximi
1543 960 1651 1017 filio,
1676 962 1924 1007 inimicitias
1947 960 2017 1008 ali-

210 1031 389 1093 quando
412 1032 604 1078 exercuit
625 1045 673 1077 ut
696 1030 750 1077 ad
770 1048 890 1077 arma
911 1048 1086 1090 quoque
1110 1044 1151 1076 et
1171 1030 1425 1090 sanguinem
1450 1030 1679 1076 contentio
1700 1047 1824 1089 saepe
1845 1046 2015 1089 proces-

208 1101 324 1147 serit.
344 1104 451 1146 Eam
472 1099 660 1159 denique
678 1098 882 1158 singulari
903 1099 1139 1145 certamine
1157 1115 1208 1144 ex
1226 1098 1475 1158 composito
1496 1097 1779 1144 diremerunt.
1799 1097 2018 1157 Spectavit

209 1172 300 1215 Pan
324 1186 425 1214 cum
449 1168 610 1223 Satiris,
633 1166 687 1213 ad
709 1184 840 1226 quem
865 1167 995 1212 etiam
1019 1165 1279 1212 duellatores
1300 1183 1469 1225 pugnae
1494 1165 1723 1211 arbitrium
1749 1164 2012 1211 detulerunt.

210 1240 329 1283 Cum
357 1235 657 1282 subcubuisset
689 1233 1001 1290 Infortunium,
1031 1237 1120 1280 Pan
1147 1233 1220 1280 has
1248 1234 1455 1294 imposuit
1484 1233 1603 1279 victo
1629 1232 1752 1292 leges.
1782 1233 2014 1292 Congestis

210 1305 329 1352 enim
354 1305 398 1350 in
419 1322 559 1351 unum
584 1303 732 1350 locum
757 1303 937 1358 cunctis,
961 1302 1116 1363 quibus
1139 1320 1330 1363 pugnare
1354 1301 1579 1348 consuevit
1603 1301 1732 1348 armis
1755 1315 1796 1348 et
1818 1301 2019 1348 insectari

208 1378 381 1428 Noum,
407 1390 516 1432 quae
538 1386 629 1418 tam
653 1371 792 1418 multa
813 1385 854 1418 et
875 1385 965 1418 tam
987 1371 1105 1417 varia
1125 1385 1224 1417 sunt
1248 1384 1295 1417 ut
1318 1370 1537 1416 numerari
1563 1383 1795 1430 nequeant,
1818 1368 2014 1416 medium

211 1442 326 1488 inter
349 1458 424 1487 sua
452 1458 571 1487 arma
597 1439 807 1499 colligatis
835 1439 888 1486 ad
910 1438 1059 1499 palum
1089 1438 1288 1485 manibus
1317 1437 1615 1484 Infortunium
1644 1438 1871 1484 constituit
1899 1436 2016 1483 fron-

209 1510 329 1569 tique
359 1509 590 1568 inscripsit,
620 1507 741 1568 quod
767 1512 910 1563 Nous,
940 1508 1053 1553 Iovis
1082 1506 1210 1562 filius,
1240 1506 1537 1553 Infortunium
1567 1506 1846 1566 superaverit.
1874 1509 1938 1551 Ex
1965 1523 2019 1552 eo

209 1592 425 1637 tempore,
450 1577 532 1622 nisi
554 1575 698 1622 vincla
718 1575 910 1631 solveris,
937 1574 1044 1620 nihil
1069 1574 1223 1621 oberit.

985 1715 1050 1757 90.
1074 1715 1247 1757 Natura

210 1817 329 1861 Cum
346 1813 421 1860 diu
438 1813 633 1860 acerbius
649 1817 870 1859 Naturam
886 1826 1151 1859 accusassent
1170 1810 1483 1872 quadrupedes,
1498 1811 1649 1871 pisces,
1666 1810 1878 1866 volucres,
1898 1810 2015 1856 mitti

210 1881 390 1929 tandem
413 1881 577 1941 legatos
600 1880 925 1941 expostulatum
949 1879 1111 1940 placuit
1135 1879 1188 1926 ad
1208 1894 1407 1926 senatum
1433 1878 1630 1926 deorum.
1657 1879 1749 1937 Qui
1774 1878 2014 1925 intromissi

211 1968 311 1997 cum
356 1963 556 1996 accurata
594 1946 766 2009 prius20⁹
814 1949 1013 1995 oratione
1056 1947 1108 1994 de
1150 1946 1444 1994 incommodis
1488 1946 1805 2007 praedicassent
1846 1946 1932 1992 suis
1977 1959 2018 1992 et

211 2017 357 2065 datam
377 2035 461 2078 pro
482 2035 524 2064 se
548 2017 728 2077 quisque
750 2030 915 2063 sortem
940 2015 1229 2072 damnassent,
1251 2015 1388 2076 pisces
1411 2014 1464 2062 ad
1481 2029 1756 2075 postremum
1780 2031 1951 2070 vocem,
1975 2027 2017 2060 at

209 2084 463 2133 volucres2¹0
496 2085 660 2142 dentes,
690 2084 991 2146 quadrupedes
1020 2098 1165 2131 autem
1193 2083 1274 2131 sibi
1304 2083 1387 2131 alas
1417 2083 1722 2144 deposcebant.
1753 2083 1925 2143 Magnis
1955 2096 2016 2129 est

210 2169 305 2201 acta
320 2172 446 2201 causa
461 2153 833 2201 contentionibus.
857 2158 967 2200 Iuno
985 2153 1102 2199 enim
1122 2153 1267 2213 regina
1282 2167 1322 2199 et
1338 2151 1504 2213 Apollo
1523 2151 1815 2212 Amphrysius
1835 2169 1883 2198 ac
1897 2155 2016 2211 Nep-

210 2237 342 2270 tunus
362 2222 658 2286 Amphitrites·
674 2223 869 2282 ingentes
884 2222 1060 2282 patroni
1079 2236 1119 2268 et
1136 2222 1360 2267 minorum
1379 2235 1602 2281 praeterea
1615 2220 1811 2280 gentium
1830 2219 1903 2275 dii,
1921 2237 2014 2266 non

211 2290 539 2337 contemnenda
557 2290 698 2346 turba,
720 2289 963 2350 legatorum
986 2307 1134 2336 causae
1155 2289 1370 2336 favebant.
1393 2289 1596 2349 Denique
1617 2289 1661 2334 in
1683 2288 1796 2334 Iovis
1815 2287 1949 2334 verba
1970 2288 2019 2347 (is

211 2373 301 2405 erat
323 2373 496 2405 senatus
520 2359 737 2418 princeps)
766 2372 938 2404 senatus
963 2357 1212 2404 consultum
1240 2356 1417 2404 factum:
1446 2357 1636 2403 ‘Rectius
1661 2374 1734 2403 eos
1759 2355 1951 2402 facturos
1975 2370 2016 2402 et

212 2426 339 2473 rebus
363 2426 517 2473 melius
541 2425 818 2473 consulturos
842 2426 941 2481 suis,
965 2429 1161 2472 Naturae
1181 2426 1215 2472 si
1239 2424 1575 2485 obtemperent.'

997 2566 1061 2608 91.
1086 2562 1235 2608 Virtus

211 2666 384 2711 Exierat
401 2666 445 2710 in
461 2665 745 2711 venationem
760 2664 974 2724 Voluptas
993 2665 1187 2710 maximo
1204 2664 1416 2710 comitatu
1432 2664 1539 2710 retia
1550 2680 1697 2709 secum
1716 2662 1857 2709 ferens
1873 2661 2016 2708 multi-

209 2732 340 2793 plicia
368 2732 714 2792 laqueorumque
746 2733 967 2792 ingentem
998 2732 1089 2778 vim
1120 2746 1160 2778 et
1190 2730 1522 2778 innumerabilia
1552 2748 1689 2791 paene
1717 2747 1874 2790 genera
1900 2728 2018 2790 pedi-

212 2818 367 2860 casque
395 2818 530 2847 novas
557 2814 598 2847 et
625 2796 817 2846 novos211
847 2817 1003 2860 capses.
1032 2803 1118 2846 Pro
1145 2814 1345 2846 monstro
1375 2813 1478 2854 erat,
1503 2798 1577 2845 ubi
1606 2799 1695 2859 ipsa
1719 2797 1862 2845 studia
1887 2811 2016 2857 atque

212 2883 324 2915 artes
339 2868 594 2915 intendisset
613 2882 660 2915 ut
680 2869 774 2929 quis
794 2867 972 2915 falleret.
990 2867 1089 2914 Sola
1107 2867 1160 2914 ad
1176 2885 1270 2914 eam
1288 2867 1404 2914 diem
1421 2867 1584 2923 Virtus,
1605 2883 1871 2927 quamquam
1889 2883 2014 2926 saepe

210 2938 349 2997 petita
370 2936 534 2983 insidiis
558 2937 630 2982 vix
652 2935 861 2996 effugerat
883 2937 972 2982 eius
995 2953 1161 2991 manus,
1188 2936 1348 2982 invicta
1370 2934 1662 2994 inviolataque
1684 2933 1915 2994 perstabat.
1936 2932 2020 2980 Sed

293 3188 302 3202 ³
321 3184 422 3230 Livy,
441 3187 553 3227 38,21.
