<?xml version="1.0" encoding="UTF-8"?>
<!DOCTYPE html PUBLIC "-//W3C//DTD XHTML 1.0 Transitional//EN"
    "http://www.w3.org/TR/xhtml1/DTD/xhtml1-transitional.dtd">
<html xmlns="http://www.w3.org/1999/xhtml" xml:lang="en" lang="en">
 <head>
  <title>
</title>
<meta http-equiv="Content-Type" content="text/html;charset=utf-8" />
  <meta name='ocr-system' content='tesseract 3.04.00' />
  <meta name='ocr-capabilities' content='ocr_page ocr_carea ocr_par ocr_line ocrx_word'/>
</head>
<body>
  <div class='ocr_page' id='page_1' title='image "bartolomeoscalah00scaluoft_0252.png"; bbox 0 0 2118 3444; ppageno 0'>
   <div class='ocr_carea' id='block_1_1' title="bbox 207 149 2011 189">
    <p class='ocr_par' dir='ltr' id='par_1_1' title="bbox 207 149 2011 189">
     <span class='ocr_line' id='line_1_1' title="bbox 207 149 2011 189; baseline -0.002 0"><span class='ocrx_word' id='word_1_1' title='bbox 207 149 298 189; x_wconf 84' lang='lat'>212</span> <span class='ocrx_word' id='word_1_2' title='bbox 1795 153 1932 186; x_wconf 90' lang='lat' dir='ltr'>PART</span> <span class='ocrx_word' id='word_1_3' title='bbox 1957 153 2011 187; x_wconf 93' lang='lat'>111</span> 
     </span>
    </p>
   </div>
   <div class='ocr_carea' id='block_1_2' title="bbox 207 290 2024 3213">
    <p class='ocr_par' dir='ltr' id='par_1_2' title="bbox 207 290 2024 1717">
     <span class='ocr_line' id='line_1_2' title="bbox 208 290 2016 353; baseline -0.002 -12"><span class='ocrx_word' id='word_1_4' title='bbox 208 293 292 341; x_wconf 93' lang='lat' dir='ltr'>tale</span> <span class='ocrx_word' id='word_1_5' title='bbox 307 308 570 353; x_wconf 91' lang='lat' dir='ltr'>tantumque</span> <span class='ocrx_word' id='word_1_6' title='bbox 587 291 854 339; x_wconf 90' lang='lat' dir='ltr'>beneficium</span> <span class='ocrx_word' id='word_1_7' title='bbox 871 309 963 338; x_wconf 91' lang='lat' dir='ltr'>non</span> <span class='ocrx_word' id='word_1_8' title='bbox 981 291 1119 339; x_wconf 94' lang='lat' dir='ltr'>modo</span> <span class='ocrx_word' id='word_1_9' title='bbox 1135 309 1227 338; x_wconf 92' lang='lat' dir='ltr'>rem</span> <span class='ocrx_word' id='word_1_10' title='bbox 1243 306 1284 338; x_wconf 93' lang='lat' dir='ltr'>et</span> <span class='ocrx_word' id='word_1_11' title='bbox 1299 291 1432 338; x_wconf 90' lang='lat' dir='ltr'>verba</span> <span class='ocrx_word' id='word_1_12' title='bbox 1445 305 1649 352; x_wconf 90' lang='lat' dir='ltr'>superant</span> <span class='ocrx_word' id='word_1_13' title='bbox 1667 309 1742 338; x_wconf 91' lang='lat' dir='ltr'>sua</span> <span class='ocrx_word' id='word_1_14' title='bbox 1758 290 2016 351; x_wconf 90' lang='lat' dir='ltr'>magnitudi-</span> 
     </span>
     <span class='ocr_line' id='line_1_3' title="bbox 208 358 2018 420; baseline -0.002 -12"><span class='ocrx_word' id='word_1_15' title='bbox 208 380 277 418; x_wconf 88' lang='lat' dir='ltr'>ne,</span> <span class='ocrx_word' id='word_1_16' title='bbox 297 361 372 408; x_wconf 91' lang='lat' dir='ltr'>sed</span> <span class='ocrx_word' id='word_1_17' title='bbox 393 362 525 408; x_wconf 91' lang='lat' dir='ltr'>etiam</span> <span class='ocrx_word' id='word_1_18' title='bbox 546 358 850 420; x_wconf 77' lang='lat' dir='ltr'>cogitationes⁸</span> <span class='ocrx_word' id='word_1_19' title='bbox 871 361 1127 420; x_wconf 90' lang='lat' dir='ltr'>animosque</span> <span class='ocrx_word' id='word_1_20' title='bbox 1151 360 1352 406; x_wconf 92' lang='lat' dir='ltr'>omnium</span> <span class='ocrx_word' id='word_1_21' title='bbox 1377 373 1590 406; x_wconf 91' lang='lat' dir='ltr'>nostrum.</span> <span class='ocrx_word' id='word_1_22' title='bbox 1615 358 1720 406; x_wconf 92' lang='lat' dir='ltr'>Vult</span> <span class='ocrx_word' id='word_1_23' title='bbox 1740 360 1847 406; x_wconf 92' lang='lat' dir='ltr'>scire</span> <span class='ocrx_word' id='word_1_24' title='bbox 1870 358 2018 406; x_wconf 90' lang='lat' dir='ltr'>huma-</span> 
     </span>
     <span class='ocr_line' id='line_1_4' title="bbox 209 426 2019 488; baseline -0.002 -11"><span class='ocrx_word' id='word_1_25' title='bbox 209 431 411 477; x_wconf 91' lang='lat' dir='ltr'>nissimus</span> <span class='ocrx_word' id='word_1_26' title='bbox 444 426 912 488; x_wconf 83' lang='lat' dir='ltr'>clementissimusque⁹</span> <span class='ocrx_word' id='word_1_27' title='bbox 944 446 1019 475; x_wconf 91' lang='lat' dir='ltr'>rex</span> <span class='ocrx_word' id='word_1_28' title='bbox 1047 427 1184 488; x_wconf 91' lang='lat' dir='ltr'>qui‹d›</span> <span class='ocrx_word' id='word_1_29' title='bbox 1211 428 1265 475; x_wconf 90' lang='lat' dir='ltr'>sit</span> <span class='ocrx_word' id='word_1_30' title='bbox 1294 445 1440 474; x_wconf 90' lang='lat' dir='ltr'>rerum</span> <span class='ocrx_word' id='word_1_31' title='bbox 1470 441 1718 474; x_wconf 91' lang='lat' dir='ltr'>nostrarum</span> <span class='ocrx_word' id='word_1_32' title='bbox 1748 441 1897 484; x_wconf 84' lang='lat' dir='ltr'>status3</span> <span class='ocrx_word' id='word_1_33' title='bbox 1925 426 2019 474; x_wconf 90' lang='lat' dir='ltr'>vult</span> 
     </span>
     <span class='ocr_line' id='line_1_5' title="bbox 209 494 2016 559; baseline -0.001 -14"><span class='ocrx_word' id='word_1_34' title='bbox 209 516 342 559; x_wconf 90' lang='lat' dir='ltr'>opem</span> <span class='ocrx_word' id='word_1_35' title='bbox 371 497 483 544; x_wconf 90' lang='lat' dir='ltr'>ferre</span> <span class='ocrx_word' id='word_1_36' title='bbox 509 498 544 544; x_wconf 94' lang='lat' dir='ltr'>si</span> <span class='ocrx_word' id='word_1_37' title='bbox 571 494 691 557; x_wconf 85' lang='lat' dir='ltr'>qua¹⁰</span> <span class='ocrx_word' id='word_1_38' title='bbox 720 497 890 557; x_wconf 87' lang='lat' dir='ltr'>ingruat</span> <span class='ocrx_word' id='word_1_39' title='bbox 920 497 1161 552; x_wconf 81' lang='lat' dir='ltr'>necessitas3</span> <span class='ocrx_word' id='word_1_40' title='bbox 1188 495 1281 543; x_wconf 92' lang='lat' dir='ltr'>vult</span> <span class='ocrx_word' id='word_1_41' title='bbox 1308 496 1421 543; x_wconf 90' lang='lat' dir='ltr'>tueri</span> <span class='ocrx_word' id='word_1_42' title='bbox 1448 513 1528 542; x_wconf 93' lang='lat' dir='ltr'>nos</span> <span class='ocrx_word' id='word_1_43' title='bbox 1555 510 1683 556; x_wconf 92' lang='lat' dir='ltr'>atque</span> <span class='ocrx_word' id='word_1_44' title='bbox 1710 494 1944 542; x_wconf 87' lang='lat' dir='ltr'>defendere</span> <span class='ocrx_word' id='word_1_45' title='bbox 1967 509 2016 543; x_wconf 92' lang='lat' dir='ltr'>ut</span> 
     </span>
     <span class='ocr_line' id='line_1_6' title="bbox 209 562 2016 620; baseline -0.002 -7"><span class='ocrx_word' id='word_1_46' title='bbox 209 567 374 613; x_wconf 90' lang='lat' dir='ltr'>amicos</span> <span class='ocrx_word' id='word_1_47' title='bbox 396 580 437 612; x_wconf 90' lang='lat' dir='ltr'>et</span> <span class='ocrx_word' id='word_1_48' title='bbox 458 564 796 612; x_wconf 91' lang='lat' dir='ltr'>confoederatos</span> <span class='ocrx_word' id='word_1_49' title='bbox 815 564 910 620; x_wconf 88' lang='lat' dir='ltr'>sibi,</span> <span class='ocrx_word' id='word_1_50' title='bbox 934 579 981 611; x_wconf 92' lang='lat' dir='ltr'>ut</span> <span class='ocrx_word' id='word_1_51' title='bbox 1002 579 1179 611; x_wconf 90' lang='lat' dir='ltr'>utamur</span> <span class='ocrx_word' id='word_1_52' title='bbox 1201 563 1285 611; x_wconf 91' lang='lat' dir='ltr'>hoc</span> <span class='ocrx_word' id='word_1_53' title='bbox 1307 562 1441 611; x_wconf 87' lang='lat' dir='ltr'>locoll</span> <span class='ocrx_word' id='word_1_54' title='bbox 1463 563 1606 610; x_wconf 92' lang='lat' dir='ltr'>verbis</span> <span class='ocrx_word' id='word_1_55' title='bbox 1626 564 1778 610; x_wconf 90' lang='lat' dir='ltr'>vestris</span> <span class='ocrx_word' id='word_1_56' title='bbox 1799 563 2016 610; x_wconf 90' lang='lat' dir='ltr'>humanis-</span> 
     </span>
     <span class='ocr_line' id='line_1_7' title="bbox 207 630 2017 694; baseline -0.002 -13"><span class='ocrx_word' id='word_1_57' title='bbox 207 635 341 690; x_wconf 87' lang='lat' dir='ltr'>simis,</span> <span class='ocrx_word' id='word_1_58' title='bbox 388 633 510 694; x_wconf 94' lang='lat' dir='ltr'>quod</span> <span class='ocrx_word' id='word_1_59' title='bbox 553 633 816 694; x_wconf 89' lang='lat' dir='ltr'>improvisos</span> <span class='ocrx_word' id='word_1_60' title='bbox 863 630 1026 693; x_wconf 84' lang='lat' dir='ltr'>atque¹²</span> <span class='ocrx_word' id='word_1_61' title='bbox 1069 630 1338 693; x_wconf 88' lang='lat' dir='ltr'>imparatos¹³</span> <span class='ocrx_word' id='word_1_62' title='bbox 1384 632 1651 692; x_wconf 84' lang='lat' dir='ltr'>iniquissime</span> <span class='ocrx_word' id='word_1_63' title='bbox 1696 630 1874 678; x_wconf 86' lang='lat' dir='ltr'>adorti¹⁴</span> <span class='ocrx_word' id='word_1_64' title='bbox 1916 645 2017 678; x_wconf 92' lang='lat' dir='ltr'>sunt</span> 
     </span>
     <span class='ocr_line' id='line_1_8' title="bbox 210 699 2017 761; baseline -0.001 -12"><span class='ocrx_word' id='word_1_65' title='bbox 210 702 369 749; x_wconf 91' lang='lat' dir='ltr'>hostes.</span> <span class='ocrx_word' id='word_1_66' title='bbox 400 701 695 749; x_wconf 86' lang='lat' dir='ltr'>Adduxerunt</span> <span class='ocrx_word' id='word_1_67' title='bbox 724 701 770 747; x_wconf 92' lang='lat' dir='ltr'>in</span> <span class='ocrx_word' id='word_1_68' title='bbox 796 700 1041 761; x_wconf 92' lang='lat' dir='ltr'>periculum</span> <span class='ocrx_word' id='word_1_69' title='bbox 1072 715 1113 747; x_wconf 93' lang='lat' dir='ltr'>et</span> <span class='ocrx_word' id='word_1_70' title='bbox 1140 699 1300 747; x_wconf 92' lang='lat' dir='ltr'>damna</span> <span class='ocrx_word' id='word_1_71' title='bbox 1325 699 1464 747; x_wconf 88' lang='lat' dir='ltr'>multa</span> <span class='ocrx_word' id='word_1_72' title='bbox 1490 714 1531 747; x_wconf 90' lang='lat' dir='ltr'>et</span> <span class='ocrx_word' id='word_1_73' title='bbox 1557 700 1675 747; x_wconf 91' lang='lat' dir='ltr'>varia</span> <span class='ocrx_word' id='word_1_74' title='bbox 1700 699 1915 747; x_wconf 91' lang='lat' dir='ltr'>dederunt</span> <span class='ocrx_word' id='word_1_75' title='bbox 1941 717 2017 747; x_wconf 92' lang='lat' dir='ltr'>no-</span> 
     </span>
     <span class='ocr_line' id='line_1_9' title="bbox 208 766 2016 831; baseline -0.002 -13"><span class='ocrx_word' id='word_1_76' title='bbox 208 768 309 818; x_wconf 80' lang='lat' dir='ltr'>bis15</span> <span class='ocrx_word' id='word_1_77' title='bbox 331 771 546 831; x_wconf 91' lang='lat' dir='ltr'>sociisque</span> <span class='ocrx_word' id='word_1_78' title='bbox 569 770 743 826; x_wconf 84' lang='lat' dir='ltr'>nostris,</span> <span class='ocrx_word' id='word_1_79' title='bbox 767 783 816 816; x_wconf 96' lang='lat' dir='ltr'>ut</span> <span class='ocrx_word' id='word_1_80' title='bbox 835 768 968 830; x_wconf 87' lang='lat' dir='ltr'>paulo</span> <span class='ocrx_word' id='word_1_81' title='bbox 989 783 1089 830; x_wconf 92' lang='lat' dir='ltr'>post</span> <span class='ocrx_word' id='word_1_82' title='bbox 1112 768 1318 816; x_wconf 87' lang='lat' dir='ltr'>dicemus.</span> <span class='ocrx_word' id='word_1_83' title='bbox 1340 767 1467 815; x_wconf 94' lang='lat' dir='ltr'>Nihil</span> <span class='ocrx_word' id='word_1_84' title='bbox 1491 767 1633 815; x_wconf 90' lang='lat' dir='ltr'>adhuc</span> <span class='ocrx_word' id='word_1_85' title='bbox 1653 781 1854 824; x_wconf 90' lang='lat' dir='ltr'>cessatur,</span> <span class='ocrx_word' id='word_1_86' title='bbox 1875 766 1951 815; x_wconf 93' lang='lat' dir='ltr'>sed</span> <span class='ocrx_word' id='word_1_87' title='bbox 1970 768 2016 814; x_wconf 89' lang='lat' dir='ltr'>in</span> 
     </span>
     <span class='ocr_line' id='line_1_10' title="bbox 209 834 2018 898; baseline -0.002 -12"><span class='ocrx_word' id='word_1_88' title='bbox 209 839 300 887; x_wconf 91' lang='lat' dir='ltr'>dies</span> <span class='ocrx_word' id='word_1_89' title='bbox 321 838 531 886; x_wconf 90' lang='lat' dir='ltr'>insultant</span> <span class='ocrx_word' id='word_1_90' title='bbox 553 837 790 885; x_wconf 88' lang='lat' dir='ltr'>ferociores</span> <span class='ocrx_word' id='word_1_91' title='bbox 811 852 852 885; x_wconf 94' lang='lat' dir='ltr'>et</span> <span class='ocrx_word' id='word_1_92' title='bbox 871 838 1120 898; x_wconf 90' lang='lat' dir='ltr'>opprimere</span> <span class='ocrx_word' id='word_1_93' title='bbox 1140 855 1266 898; x_wconf 91' lang='lat' dir='ltr'>posse</span> <span class='ocrx_word' id='word_1_94' title='bbox 1290 855 1383 893; x_wconf 89' lang='lat' dir='ltr'>nos,</span> <span class='ocrx_word' id='word_1_95' title='bbox 1405 838 1439 884; x_wconf 95' lang='lat' dir='ltr'>si</span> <span class='ocrx_word' id='word_1_96' title='bbox 1461 834 1762 893; x_wconf 83' lang='lat' dir='ltr'>accederent‚¹⁶</span> <span class='ocrx_word' id='word_1_97' title='bbox 1782 837 1827 883; x_wconf 93' lang='lat' dir='ltr'>in</span> <span class='ocrx_word' id='word_1_98' title='bbox 1847 837 2018 883; x_wconf 88' lang='lat' dir='ltr'>animos</span> 
     </span>
     <span class='ocr_line' id='line_1_11' title="bbox 210 904 2017 965; baseline -0.002 -10"><span class='ocrx_word' id='word_1_99' title='bbox 210 907 492 955; x_wconf 89' lang='lat' dir='ltr'>induxerunt.</span> <span class='ocrx_word' id='word_1_100' title='bbox 512 911 612 954; x_wconf 92' lang='lat' dir='ltr'>Nos</span> <span class='ocrx_word' id='word_1_101' title='bbox 632 921 799 963; x_wconf 87' lang='lat' dir='ltr'>contra,</span> <span class='ocrx_word' id='word_1_102' title='bbox 819 924 919 953; x_wconf 91' lang='lat' dir='ltr'>cum</span> <span class='ocrx_word' id='word_1_103' title='bbox 938 906 1065 953; x_wconf 91' lang='lat' dir='ltr'>sociis</span> <span class='ocrx_word' id='word_1_104' title='bbox 1084 906 1243 953; x_wconf 90' lang='lat' dir='ltr'>nostris</span> <span class='ocrx_word' id='word_1_105' title='bbox 1262 905 1398 953; x_wconf 91' lang='lat' dir='ltr'>Italici</span> <span class='ocrx_word' id='word_1_106' title='bbox 1413 905 1613 961; x_wconf 89' lang='lat' dir='ltr'>foederis,</span> <span class='ocrx_word' id='word_1_107' title='bbox 1633 904 1741 951; x_wconf 93' lang='lat' dir='ltr'>nihil</span> <span class='ocrx_word' id='word_1_108' title='bbox 1761 905 1842 952; x_wconf 90' lang='lat' dir='ltr'>nisi</span> <span class='ocrx_word' id='word_1_109' title='bbox 1861 904 1914 952; x_wconf 91' lang='lat' dir='ltr'>de</span> <span class='ocrx_word' id='word_1_110' title='bbox 1931 904 2017 965; x_wconf 92' lang='lat' dir='ltr'>dig—</span> 
     </span>
     <span class='ocr_line' id='line_1_12' title="bbox 210 973 2014 1034; baseline -0.002 -12"><span class='ocrx_word' id='word_1_111' title='bbox 210 977 346 1022; x_wconf 85' lang='lat' dir='ltr'>nitate</span> <span class='ocrx_word' id='word_1_112' title='bbox 389 974 665 1022; x_wconf 87' lang='lat' dir='ltr'>defendenda</span> <span class='ocrx_word' id='word_1_113' title='bbox 705 975 946 1034; x_wconf 82' lang='lat' dir='ltr'>cogitamus</span> <span class='ocrx_word' id='word_1_114' title='bbox 988 988 1029 1020; x_wconf 92' lang='lat' dir='ltr'>et</span> <span class='ocrx_word' id='word_1_115' title='bbox 1071 973 1293 1020; x_wconf 82' lang='lat' dir='ltr'>defensam</span> <span class='ocrx_word' id='word_1_116' title='bbox 1332 973 1626 1034; x_wconf 88' lang='lat' dir='ltr'>pulcherrime</span> <span class='ocrx_word' id='word_1_117' title='bbox 1670 974 1756 1020; x_wconf 90' lang='lat' dir='ltr'>iam</span> <span class='ocrx_word' id='word_1_118' title='bbox 1795 987 2014 1033; x_wconf 90' lang='lat' dir='ltr'>putamus,</span> 
     </span>
     <span class='ocr_line' id='line_1_13' title="bbox 208 1041 2024 1104; baseline -0.002 -13"><span class='ocrx_word' id='word_1_119' title='bbox 208 1041 463 1104; x_wconf 80' lang='lat' dir='ltr'>legatione¹⁷</span> <span class='ocrx_word' id='word_1_120' title='bbox 494 1042 641 1090; x_wconf 92' lang='lat' dir='ltr'>audita</span> <span class='ocrx_word' id='word_1_121' title='bbox 669 1056 823 1090; x_wconf 89' lang='lat' dir='ltr'>vestra.</span> <span class='ocrx_word' id='word_1_122' title='bbox 854 1046 976 1089; x_wconf 93' lang='lat' dir='ltr'>Nam</span> <span class='ocrx_word' id='word_1_123' title='bbox 1008 1042 1102 1103; x_wconf 90' lang='lat' dir='ltr'>quis</span> <span class='ocrx_word' id='word_1_124' title='bbox 1131 1042 1267 1103; x_wconf 92' lang='lat' dir='ltr'>possit</span> <span class='ocrx_word' id='word_1_125' title='bbox 1302 1041 1528 1089; x_wconf 91' lang='lat' dir='ltr'>offendere</span> <span class='ocrx_word' id='word_1_126' title='bbox 1556 1042 1591 1088; x_wconf 94' lang='lat' dir='ltr'>si</span> <span class='ocrx_word' id='word_1_127' title='bbox 1622 1055 1768 1088; x_wconf 93' lang='lat' dir='ltr'>tantus</span> <span class='ocrx_word' id='word_1_128' title='bbox 1798 1058 1873 1088; x_wconf 89' lang='lat' dir='ltr'>rex</span> <span class='ocrx_word' id='word_1_129' title='bbox 1902 1054 2024 1088; x_wconf 88' lang='lat' dir='ltr'>tanta</span> 
     </span>
     <span class='ocr_line' id='line_1_14' title="bbox 209 1110 2021 1172; baseline -0.002 -13"><span class='ocrx_word' id='word_1_130' title='bbox 209 1112 470 1159; x_wconf 90' lang='lat' dir='ltr'>auctoritate</span> <span class='ocrx_word' id='word_1_131' title='bbox 487 1126 616 1172; x_wconf 92' lang='lat' dir='ltr'>atque</span> <span class='ocrx_word' id='word_1_132' title='bbox 629 1111 831 1172; x_wconf 93' lang='lat' dir='ltr'>potentia</span> <span class='ocrx_word' id='word_1_133' title='bbox 847 1110 1073 1158; x_wconf 85' lang='lat' dir='ltr'>defendat?</span> <span class='ocrx_word' id='word_1_134' title='bbox 1088 1111 1201 1170; x_wconf 90' lang='lat' dir='ltr'>Quis</span> <span class='ocrx_word' id='word_1_135' title='bbox 1219 1111 1327 1157; x_wconf 93' lang='lat' dir='ltr'>ausit</span> <span class='ocrx_word' id='word_1_136' title='bbox 1343 1110 1543 1157; x_wconf 88' lang='lat' dir='ltr'>insectari</span> <span class='ocrx_word' id='word_1_137' title='bbox 1559 1110 1798 1157; x_wconf 90' lang='lat' dir='ltr'>inimicitiis</span> <span class='ocrx_word' id='word_1_138' title='bbox 1817 1123 1946 1170; x_wconf 90' lang='lat' dir='ltr'>atque</span> <span class='ocrx_word' id='word_1_139' title='bbox 1960 1126 2021 1156; x_wconf 89' lang='lat' dir='ltr'>ar-</span> 
     </span>
     <span class='ocr_line' id='line_1_15' title="bbox 209 1177 2020 1240; baseline -0.002 -14"><span class='ocrx_word' id='word_1_140' title='bbox 209 1181 292 1227; x_wconf 92' lang='lat' dir='ltr'>mis</span> <span class='ocrx_word' id='word_1_141' title='bbox 313 1198 422 1240; x_wconf 90' lang='lat' dir='ltr'>quos</span> <span class='ocrx_word' id='word_1_142' title='bbox 443 1181 531 1240; x_wconf 92' lang='lat' dir='ltr'>ipse</span> <span class='ocrx_word' id='word_1_143' title='bbox 551 1180 716 1226; x_wconf 90' lang='lat' dir='ltr'>amicos</span> <span class='ocrx_word' id='word_1_144' title='bbox 735 1194 776 1226; x_wconf 90' lang='lat' dir='ltr'>et</span> <span class='ocrx_word' id='word_1_145' title='bbox 794 1178 1131 1225; x_wconf 90' lang='lat' dir='ltr'>confoederatos</span> <span class='ocrx_word' id='word_1_146' title='bbox 1148 1178 1449 1239; x_wconf 87' lang='lat' dir='ltr'>appellaverit?</span> <span class='ocrx_word' id='word_1_147' title='bbox 1467 1178 1547 1225; x_wconf 91' lang='lat' dir='ltr'>Vel</span> <span class='ocrx_word' id='word_1_148' title='bbox 1569 1177 1648 1224; x_wconf 90' lang='lat' dir='ltr'>hac</span> <span class='ocrx_word' id='word_1_149' title='bbox 1664 1177 1756 1225; x_wconf 91' lang='lat' dir='ltr'>sola</span> <span class='ocrx_word' id='word_1_150' title='bbox 1772 1177 2020 1237; x_wconf 88' lang='lat' dir='ltr'>significati-</span> 
     </span>
     <span class='ocr_line' id='line_1_16' title="bbox 209 1244 2020 1308; baseline -0.002 -13"><span class='ocrx_word' id='word_1_151' title='bbox 209 1266 294 1295; x_wconf 93' lang='lat' dir='ltr'>one</span> <span class='ocrx_word' id='word_1_152' title='bbox 323 1249 462 1308; x_wconf 88' lang='lat' dir='ltr'>regiae</span> <span class='ocrx_word' id='word_1_153' title='bbox 488 1247 742 1303; x_wconf 91' lang='lat' dir='ltr'>voluntatis‚</span> <span class='ocrx_word' id='word_1_154' title='bbox 770 1247 804 1294; x_wconf 89' lang='lat' dir='ltr'>si</span> <span class='ocrx_word' id='word_1_155' title='bbox 833 1247 1002 1294; x_wconf 91' lang='lat' dir='ltr'>ratione</span> <span class='ocrx_word' id='word_1_156' title='bbox 1029 1246 1245 1293; x_wconf 90' lang='lat' dir='ltr'>ducantur</span> <span class='ocrx_word' id='word_1_157' title='bbox 1271 1246 1415 1293; x_wconf 91' lang='lat' dir='ltr'>hostes</span> <span class='ocrx_word' id='word_1_158' title='bbox 1444 1247 1577 1306; x_wconf 91' lang='lat' dir='ltr'>magis</span> <span class='ocrx_word' id='word_1_159' title='bbox 1604 1263 1735 1306; x_wconf 93' lang='lat' dir='ltr'>quam</span> <span class='ocrx_word' id='word_1_160' title='bbox 1762 1244 1924 1302; x_wconf 89' lang='lat' dir='ltr'>furore,</span> <span class='ocrx_word' id='word_1_161' title='bbox 1954 1263 2020 1292; x_wconf 88' lang='lat' dir='ltr'>res</span> 
     </span>
     <span class='ocr_line' id='line_1_17' title="bbox 209 1313 2022 1375; baseline -0.002 -12"><span class='ocrx_word' id='word_1_162' title='bbox 209 1317 355 1363; x_wconf 89' lang='lat' dir='ltr'>omnis</span> <span class='ocrx_word' id='word_1_163' title='bbox 378 1330 528 1362; x_wconf 90' lang='lat' dir='ltr'>nostra</span> <span class='ocrx_word' id='word_1_164' title='bbox 546 1316 591 1361; x_wconf 94' lang='lat' dir='ltr'>in</span> <span class='ocrx_word' id='word_1_165' title='bbox 612 1330 711 1362; x_wconf 93' lang='lat' dir='ltr'>tuto</span> <span class='ocrx_word' id='word_1_166' title='bbox 730 1330 771 1362; x_wconf 93' lang='lat' dir='ltr'>et</span> <span class='ocrx_word' id='word_1_167' title='bbox 789 1314 1028 1375; x_wconf 91' lang='lat' dir='ltr'>tranquillo</span> <span class='ocrx_word' id='word_1_168' title='bbox 1049 1329 1125 1371; x_wconf 88' lang='lat' dir='ltr'>est,</span> <span class='ocrx_word' id='word_1_169' title='bbox 1145 1332 1396 1375; x_wconf 89' lang='lat' dir='ltr'>quanquam</span> <span class='ocrx_word' id='word_1_170' title='bbox 1416 1313 1606 1361; x_wconf 91' lang='lat' dir='ltr'>multum</span> <span class='ocrx_word' id='word_1_171' title='bbox 1627 1331 1832 1361; x_wconf 92' lang='lat' dir='ltr'>veremur</span> <span class='ocrx_word' id='word_1_172' title='bbox 1847 1331 2022 1374; x_wconf 88' lang='lat' dir='ltr'>praeva-</span> 
     </span>
     <span class='ocr_line' id='line_1_18' title="bbox 208 1380 2018 1444; baseline -0.002 -13"><span class='ocrx_word' id='word_1_173' title='bbox 208 1384 315 1431; x_wconf 92' lang='lat' dir='ltr'>lebit</span> <span class='ocrx_word' id='word_1_174' title='bbox 348 1385 410 1431; x_wconf 92' lang='lat' dir='ltr'>ira</span> <span class='ocrx_word' id='word_1_175' title='bbox 439 1398 481 1430; x_wconf 90' lang='lat' dir='ltr'>et</span> <span class='ocrx_word' id='word_1_176' title='bbox 510 1381 752 1444; x_wconf 80' lang='lat' dir='ltr'>proterva18</span> <span class='ocrx_word' id='word_1_177' title='bbox 786 1382 999 1443; x_wconf 89' lang='lat' dir='ltr'>quaedam</span> <span class='ocrx_word' id='word_1_178' title='bbox 1030 1397 1071 1430; x_wconf 91' lang='lat' dir='ltr'>et</span> <span class='ocrx_word' id='word_1_179' title='bbox 1101 1383 1192 1430; x_wconf 91' lang='lat' dir='ltr'>sine</span> <span class='ocrx_word' id='word_1_180' title='bbox 1224 1400 1349 1429; x_wconf 91' lang='lat' dir='ltr'>causa</span> <span class='ocrx_word' id='word_1_181' title='bbox 1379 1382 1623 1442; x_wconf 88' lang='lat' dir='ltr'>indignatio</span> <span class='ocrx_word' id='word_1_182' title='bbox 1655 1396 1697 1429; x_wconf 90' lang='lat' dir='ltr'>et</span> <span class='ocrx_word' id='word_1_183' title='bbox 1724 1382 1837 1428; x_wconf 91' lang='lat' dir='ltr'>vires</span> <span class='ocrx_word' id='word_1_184' title='bbox 1866 1380 2018 1428; x_wconf 92' lang='lat' dir='ltr'>volent</span> 
     </span>
     <span class='ocr_line' id='line_1_19' title="bbox 209 1450 2017 1513; baseline -0.002 -14"><span class='ocrx_word' id='word_1_185' title='bbox 209 1450 432 1513; x_wconf 82' lang='lat' dir='ltr'>experiri¹⁹</span> <span class='ocrx_word' id='word_1_186' title='bbox 454 1470 550 1499; x_wconf 89' lang='lat' dir='ltr'>suas</span> <span class='ocrx_word' id='word_1_187' title='bbox 573 1466 729 1498; x_wconf 90' lang='lat' dir='ltr'>contra</span> <span class='ocrx_word' id='word_1_188' title='bbox 751 1465 920 1498; x_wconf 87' lang='lat' dir='ltr'>nostras</span> <span class='ocrx_word' id='word_1_189' title='bbox 942 1451 1054 1498; x_wconf 92' lang='lat' dir='ltr'>vires</span> <span class='ocrx_word' id='word_1_190' title='bbox 1076 1465 1117 1498; x_wconf 92' lang='lat' dir='ltr'>et</span> <span class='ocrx_word' id='word_1_191' title='bbox 1140 1451 1465 1498; x_wconf 90' lang='lat' dir='ltr'>iniustissimam</span> <span class='ocrx_word' id='word_1_192' title='bbox 1491 1467 1663 1497; x_wconf 89' lang='lat' dir='ltr'>causam</span> <span class='ocrx_word' id='word_1_193' title='bbox 1686 1467 1911 1510; x_wconf 91' lang='lat' dir='ltr'>opponere</span> <span class='ocrx_word' id='word_1_194' title='bbox 1938 1450 2017 1496; x_wconf 92' lang='lat' dir='ltr'>ius-</span> 
     </span>
     <span class='ocr_line' id='line_1_20' title="bbox 208 1519 2020 1580; baseline -0.002 -12"><span class='ocrx_word' id='word_1_195' title='bbox 208 1521 412 1568; x_wconf 91' lang='lat' dir='ltr'>tissimae.</span> <span class='ocrx_word' id='word_1_196' title='bbox 443 1519 583 1579; x_wconf 88' lang='lat' dir='ltr'>Quod</span> <span class='ocrx_word' id='word_1_197' title='bbox 608 1520 643 1567; x_wconf 91' lang='lat' dir='ltr'>si</span> <span class='ocrx_word' id='word_1_198' title='bbox 670 1519 850 1576; x_wconf 87' lang='lat' dir='ltr'>accidat,</span> <span class='ocrx_word' id='word_1_199' title='bbox 874 1537 970 1580; x_wconf 92' lang='lat' dir='ltr'>spes</span> <span class='ocrx_word' id='word_1_200' title='bbox 997 1533 1058 1566; x_wconf 92' lang='lat' dir='ltr'>est</span> <span class='ocrx_word' id='word_1_201' title='bbox 1085 1537 1186 1566; x_wconf 90' lang='lat' dir='ltr'>cum</span> <span class='ocrx_word' id='word_1_202' title='bbox 1212 1537 1288 1566; x_wconf 92' lang='lat' dir='ltr'>sua</span> <span class='ocrx_word' id='word_1_203' title='bbox 1312 1519 1596 1566; x_wconf 88' lang='lat' dir='ltr'>sacratissima</span> <span class='ocrx_word' id='word_1_204' title='bbox 1619 1519 1848 1565; x_wconf 88' lang='lat' dir='ltr'>Maiestate</span> <span class='ocrx_word' id='word_1_205' title='bbox 1870 1520 2020 1565; x_wconf 92' lang='lat' dir='ltr'>Deum</span> 
     </span>
     <span class='ocr_line' id='line_1_21' title="bbox 209 1586 2020 1650; baseline -0.003 -13"><span class='ocrx_word' id='word_1_206' title='bbox 209 1607 386 1650; x_wconf 92' lang='lat' dir='ltr'>quoque</span> <span class='ocrx_word' id='word_1_207' title='bbox 411 1607 495 1649; x_wconf 93' lang='lat' dir='ltr'>pro</span> <span class='ocrx_word' id='word_1_208' title='bbox 520 1588 647 1635; x_wconf 91' lang='lat' dir='ltr'>nobis</span> <span class='ocrx_word' id='word_1_209' title='bbox 675 1602 716 1635; x_wconf 92' lang='lat' dir='ltr'>et</span> <span class='ocrx_word' id='word_1_210' title='bbox 739 1589 970 1635; x_wconf 89' lang='lat' dir='ltr'>iustissima</span> <span class='ocrx_word' id='word_1_211' title='bbox 995 1605 1120 1635; x_wconf 91' lang='lat' dir='ltr'>causa</span> <span class='ocrx_word' id='word_1_212' title='bbox 1143 1602 1291 1634; x_wconf 91' lang='lat' dir='ltr'>nostra</span> <span class='ocrx_word' id='word_1_213' title='bbox 1317 1605 1403 1634; x_wconf 92' lang='lat' dir='ltr'>esse</span> <span class='ocrx_word' id='word_1_214' title='bbox 1425 1601 1736 1648; x_wconf 91' lang='lat' dir='ltr'>pugnaturum,</span> <span class='ocrx_word' id='word_1_215' title='bbox 1763 1586 2020 1647; x_wconf 87' lang='lat' dir='ltr'>praesertim</span> 
     </span>
     <span class='ocr_line' id='line_1_22' title="bbox 210 1654 1794 1717; baseline -0.001 -13"><span class='ocrx_word' id='word_1_216' title='bbox 210 1657 276 1704; x_wconf 92' lang='lat' dir='ltr'>his</span> <span class='ocrx_word' id='word_1_217' title='bbox 299 1658 485 1717; x_wconf 88' lang='lat' dir='ltr'>cognitis</span> <span class='ocrx_word' id='word_1_218' title='bbox 509 1674 618 1717; x_wconf 91' lang='lat' dir='ltr'>quae</span> <span class='ocrx_word' id='word_1_219' title='bbox 640 1674 718 1703; x_wconf 93' lang='lat' dir='ltr'>vos</span> <span class='ocrx_word' id='word_1_220' title='bbox 742 1657 787 1702; x_wconf 95' lang='lat' dir='ltr'>in</span> <span class='ocrx_word' id='word_1_221' title='bbox 810 1654 1011 1703; x_wconf 84' lang='lat' dir='ltr'>Italiam²0</span> <span class='ocrx_word' id='word_1_222' title='bbox 1036 1674 1059 1703; x_wconf 94' lang='lat' dir='ltr'>a</span> <span class='ocrx_word' id='word_1_223' title='bbox 1080 1655 1455 1703; x_wconf 86' lang='lat' dir='ltr'>Christianissimo</span> <span class='ocrx_word' id='word_1_224' title='bbox 1481 1660 1596 1715; x_wconf 88' lang='lat' dir='ltr'>Rege</span> <span class='ocrx_word' id='word_1_225' title='bbox 1617 1654 1794 1702; x_wconf 87' lang='lat' dir='ltr'>affertis.</span> 
     </span>
    </p>

    <p class='ocr_par' dir='ltr' id='par_1_3' title="bbox 207 1722 2021 2399">
     <span class='ocr_line' id='line_1_23' title="bbox 295 1722 2019 1784; baseline -0.002 -12"><span class='ocrx_word' id='word_1_226' title='bbox 295 1725 436 1784; x_wconf 85' lang='lat' dir='ltr'>Quod</span> <span class='ocrx_word' id='word_1_227' title='bbox 460 1740 522 1772; x_wconf 91' lang='lat' dir='ltr'>est</span> <span class='ocrx_word' id='word_1_228' title='bbox 546 1743 569 1772; x_wconf 88' lang='lat' dir='ltr'>a</span> <span class='ocrx_word' id='word_1_229' title='bbox 591 1725 717 1771; x_wconf 92' lang='lat' dir='ltr'>vobis</span> <span class='ocrx_word' id='word_1_230' title='bbox 742 1724 843 1771; x_wconf 93' lang='lat' dir='ltr'>loco</span> <span class='ocrx_word' id='word_1_231' title='bbox 867 1722 1031 1771; x_wconf 86' lang='lat' dir='ltr'>tertio21</span> <span class='ocrx_word' id='word_1_232' title='bbox 1055 1725 1348 1784; x_wconf 90' lang='lat' dir='ltr'>propositum,</span> <span class='ocrx_word' id='word_1_233' title='bbox 1377 1738 1425 1770; x_wconf 90' lang='lat' dir='ltr'>ut</span> <span class='ocrx_word' id='word_1_234' title='bbox 1450 1741 1529 1770; x_wconf 92' lang='lat' dir='ltr'>nos</span> <span class='ocrx_word' id='word_1_235' title='bbox 1553 1741 1605 1770; x_wconf 86' lang='lat' dir='ltr'>ex</span> <span class='ocrx_word' id='word_1_236' title='bbox 1628 1724 1747 1783; x_wconf 91' lang='lat' dir='ltr'>regio</span> <span class='ocrx_word' id='word_1_237' title='bbox 1768 1737 2019 1783; x_wconf 90' lang='lat' dir='ltr'>praecepto,</span> 
     </span>
     <span class='ocr_line' id='line_1_24' title="bbox 209 1790 2021 1854; baseline -0.002 -14"><span class='ocrx_word' id='word_1_238' title='bbox 209 1808 421 1854; x_wconf 88' lang='lat' dir='ltr'>tanquam</span> <span class='ocrx_word' id='word_1_239' title='bbox 440 1811 586 1840; x_wconf 92' lang='lat' dir='ltr'>rerum</span> <span class='ocrx_word' id='word_1_240' title='bbox 607 1792 752 1840; x_wconf 87' lang='lat' dir='ltr'>Italiae</span> <span class='ocrx_word' id='word_1_241' title='bbox 768 1793 1011 1853; x_wconf 91' lang='lat' dir='ltr'>peritiores,</span> <span class='ocrx_word' id='word_1_242' title='bbox 1032 1792 1247 1839; x_wconf 91' lang='lat' dir='ltr'>mandatis</span> <span class='ocrx_word' id='word_1_243' title='bbox 1263 1792 1415 1839; x_wconf 90' lang='lat' dir='ltr'>vestris</span> <span class='ocrx_word' id='word_1_244' title='bbox 1432 1791 1499 1839; x_wconf 93' lang='lat' dir='ltr'>vel</span> <span class='ocrx_word' id='word_1_245' title='bbox 1518 1791 1775 1838; x_wconf 90' lang='lat' dir='ltr'>adderemus</span> <span class='ocrx_word' id='word_1_246' title='bbox 1791 1790 1859 1838; x_wconf 93' lang='lat' dir='ltr'>vel</span> <span class='ocrx_word' id='word_1_247' title='bbox 1878 1790 2021 1838; x_wconf 91' lang='lat' dir='ltr'>deme—</span> 
     </span>
     <span class='ocr_line' id='line_1_25' title="bbox 210 1858 2021 1921; baseline -0.002 -13"><span class='ocrx_word' id='word_1_248' title='bbox 210 1879 355 1909; x_wconf 95' lang='lat' dir='ltr'>remus</span> <span class='ocrx_word' id='word_1_249' title='bbox 382 1876 430 1908; x_wconf 93' lang='lat' dir='ltr'>ut</span> <span class='ocrx_word' id='word_1_250' title='bbox 458 1879 544 1908; x_wconf 91' lang='lat' dir='ltr'>esse</span> <span class='ocrx_word' id='word_1_251' title='bbox 572 1862 617 1907; x_wconf 93' lang='lat' dir='ltr'>in</span> <span class='ocrx_word' id='word_1_252' title='bbox 646 1879 739 1908; x_wconf 91' lang='lat' dir='ltr'>rem</span> <span class='ocrx_word' id='word_1_253' title='bbox 766 1861 893 1908; x_wconf 90' lang='lat' dir='ltr'>nobis</span> <span class='ocrx_word' id='word_1_254' title='bbox 923 1861 1056 1921; x_wconf 89' lang='lat' dir='ltr'>magis</span> <span class='ocrx_word' id='word_1_255' title='bbox 1082 1860 1317 1917; x_wconf 87' lang='lat' dir='ltr'>videretur,</span> <span class='ocrx_word' id='word_1_256' title='bbox 1344 1858 1543 1907; x_wconf 79' lang='lat' dir='ltr'>factum22</span> <span class='ocrx_word' id='word_1_257' title='bbox 1572 1874 1633 1907; x_wconf 90' lang='lat' dir='ltr'>est</span> <span class='ocrx_word' id='word_1_258' title='bbox 1661 1858 2021 1907; x_wconf 88' lang='lat' dir='ltr'>excellentissima</span> 
     </span>
     <span class='ocr_line' id='line_1_26' title="bbox 210 1925 2016 1990; baseline -0.001 -14"><span class='ocrx_word' id='word_1_259' title='bbox 210 1929 399 1990; x_wconf 91' lang='lat' dir='ltr'>quadam</span> <span class='ocrx_word' id='word_1_260' title='bbox 424 1929 697 1976; x_wconf 89' lang='lat' dir='ltr'>humanitate</span> <span class='ocrx_word' id='word_1_261' title='bbox 723 1928 1041 1989; x_wconf 90' lang='lat' dir='ltr'>clementiaque</span> <span class='ocrx_word' id='word_1_262' title='bbox 1064 1929 1189 1989; x_wconf 89' lang='lat' dir='ltr'>regia.</span> <span class='ocrx_word' id='word_1_263' title='bbox 1215 1928 1298 1975; x_wconf 91' lang='lat' dir='ltr'>Sed</span> <span class='ocrx_word' id='word_1_264' title='bbox 1318 1928 1494 1975; x_wconf 91' lang='lat' dir='ltr'>videtur</span> <span class='ocrx_word' id='word_1_265' title='bbox 1517 1927 1643 1975; x_wconf 92' lang='lat' dir='ltr'>nobis</span> <span class='ocrx_word' id='word_1_266' title='bbox 1669 1928 1855 1988; x_wconf 92' lang='lat' dir='ltr'>attigisse</span> <span class='ocrx_word' id='word_1_267' title='bbox 1880 1925 2016 1974; x_wconf 88' lang='lat' dir='ltr'>cum²³</span> 
     </span>
     <span class='ocr_line' id='line_1_27' title="bbox 208 1993 2019 2058; baseline -0.001 -13"><span class='ocrx_word' id='word_1_268' title='bbox 208 1999 421 2058; x_wconf 91' lang='lat' dir='ltr'>sapientia</span> <span class='ocrx_word' id='word_1_269' title='bbox 444 1997 619 2044; x_wconf 93' lang='lat' dir='ltr'>culmen</span> <span class='ocrx_word' id='word_1_270' title='bbox 647 2015 792 2044; x_wconf 92' lang='lat' dir='ltr'>rerum</span> <span class='ocrx_word' id='word_1_271' title='bbox 819 1997 1110 2044; x_wconf 86' lang='lat' dir='ltr'>humanarum</span> <span class='ocrx_word' id='word_1_272' title='bbox 1137 2011 1178 2044; x_wconf 92' lang='lat' dir='ltr'>et</span> <span class='ocrx_word' id='word_1_273' title='bbox 1203 1997 1476 2044; x_wconf 86' lang='lat' dir='ltr'>coniunxisse</span> <span class='ocrx_word' id='word_1_274' title='bbox 1503 2014 1603 2043; x_wconf 91' lang='lat' dir='ltr'>curn</span> <span class='ocrx_word' id='word_1_275' title='bbox 1630 2014 1679 2043; x_wconf 90' lang='lat' dir='ltr'>ea</span> <span class='ocrx_word' id='word_1_276' title='bbox 1700 1996 1909 2043; x_wconf 90' lang='lat' dir='ltr'>iustitiam</span> <span class='ocrx_word' id='word_1_277' title='bbox 1935 1993 2019 2043; x_wconf 83' lang='lat' dir='ltr'>ac²⁴</span> 
     </span>
     <span class='ocr_line' id='line_1_28' title="bbox 209 2064 2018 2126; baseline -0.002 -13"><span class='ocrx_word' id='word_1_278' title='bbox 209 2066 471 2122; x_wconf 86' lang='lat' dir='ltr'>bonitatem,</span> <span class='ocrx_word' id='word_1_279' title='bbox 495 2080 543 2112; x_wconf 93' lang='lat' dir='ltr'>ut</span> <span class='ocrx_word' id='word_1_280' title='bbox 568 2065 778 2126; x_wconf 91' lang='lat' dir='ltr'>quicquid</span> <span class='ocrx_word' id='word_1_281' title='bbox 799 2065 851 2112; x_wconf 89' lang='lat' dir='ltr'>ab</span> <span class='ocrx_word' id='word_1_282' title='bbox 876 2083 929 2112; x_wconf 94' lang='lat' dir='ltr'>eo</span> <span class='ocrx_word' id='word_1_283' title='bbox 951 2066 1222 2125; x_wconf 90' lang='lat' dir='ltr'>excogitetur</span> <span class='ocrx_word' id='word_1_284' title='bbox 1244 2064 1587 2125; x_wconf 88' lang='lat' dir='ltr'>decernaturque</span> <span class='ocrx_word' id='word_1_285' title='bbox 1607 2082 1780 2125; x_wconf 90' lang='lat' dir='ltr'>semper</span> <span class='ocrx_word' id='word_1_286' title='bbox 1801 2064 1855 2111; x_wconf 91' lang='lat' dir='ltr'>sit</span> <span class='ocrx_word' id='word_1_287' title='bbox 1878 2064 2018 2111; x_wconf 90' lang='lat' dir='ltr'>omni·</span> 
     </span>
     <span class='ocr_line' id='line_1_29' title="bbox 209 2131 2019 2193; baseline -0.001 -13"><span class='ocrx_word' id='word_1_288' title='bbox 209 2134 303 2190; x_wconf 89' lang='lat' dir='ltr'>bus,</span> <span class='ocrx_word' id='word_1_289' title='bbox 324 2148 372 2180; x_wconf 92' lang='lat' dir='ltr'>ut</span> <span class='ocrx_word' id='word_1_290' title='bbox 391 2135 527 2189; x_wconf 85' lang='lat' dir='ltr'>aiunt,</span> <span class='ocrx_word' id='word_1_291' title='bbox 548 2134 741 2180; x_wconf 89' lang='lat' dir='ltr'>numeris</span> <span class='ocrx_word' id='word_1_292' title='bbox 759 2133 1019 2193; x_wconf 89' lang='lat' dir='ltr'>perfectum.</span> <span class='ocrx_word' id='word_1_293' title='bbox 1039 2135 1209 2180; x_wconf 90' lang='lat' dir='ltr'>Tamen</span> <span class='ocrx_word' id='word_1_294' title='bbox 1227 2150 1484 2180; x_wconf 92' lang='lat' dir='ltr'>communes</span> <span class='ocrx_word' id='word_1_295' title='bbox 1505 2146 1700 2179; x_wconf 91' lang='lat' dir='ltr'>oratores</span> <span class='ocrx_word' id='word_1_296' title='bbox 1717 2133 1855 2179; x_wconf 91' lang='lat' dir='ltr'>nostri</span> <span class='ocrx_word' id='word_1_297' title='bbox 1875 2131 2019 2179; x_wconf 88' lang='lat' dir='ltr'>foede-</span> 
     </span>
     <span class='ocr_line' id='line_1_30' title="bbox 210 2200 2018 2261; baseline -0.001 -14"><span class='ocrx_word' id='word_1_298' title='bbox 210 2203 266 2249; x_wconf 93' lang='lat' dir='ltr'>ris</span> <span class='ocrx_word' id='word_1_299' title='bbox 298 2201 398 2248; x_wconf 89' lang='lat' dir='ltr'>freti</span> <span class='ocrx_word' id='word_1_300' title='bbox 427 2201 700 2248; x_wconf 90' lang='lat' dir='ltr'>humanitate</span> <span class='ocrx_word' id='word_1_301' title='bbox 730 2202 844 2261; x_wconf 91' lang='lat' dir='ltr'>regia</span> <span class='ocrx_word' id='word_1_302' title='bbox 872 2200 1081 2261; x_wconf 91' lang='lat' dir='ltr'>quicquid</span> <span class='ocrx_word' id='word_1_303' title='bbox 1109 2201 1449 2261; x_wconf 88' lang='lat' dir='ltr'>excogitaverint</span> <span class='ocrx_word' id='word_1_304' title='bbox 1478 2201 1523 2246; x_wconf 91' lang='lat' dir='ltr'>in</span> <span class='ocrx_word' id='word_1_305' title='bbox 1552 2217 1789 2247; x_wconf 91' lang='lat' dir='ltr'>commune</span> <span class='ocrx_word' id='word_1_306' title='bbox 1821 2217 2018 2246; x_wconf 92' lang='lat' dir='ltr'>commo-</span> 
     </span>
     <span class='ocr_line' id='line_1_31' title="bbox 210 2267 2019 2330; baseline -0.002 -13"><span class='ocrx_word' id='word_1_307' title='bbox 210 2267 353 2317; x_wconf 81' lang='lat' dir='ltr'>dum25</span> <span class='ocrx_word' id='word_1_308' title='bbox 388 2270 598 2330; x_wconf 90' lang='lat' dir='ltr'>aperient;</span> <span class='ocrx_word' id='word_1_309' title='bbox 631 2287 710 2316; x_wconf 92' lang='lat' dir='ltr'>vos</span> <span class='ocrx_word' id='word_1_310' title='bbox 743 2283 906 2326; x_wconf 87' lang='lat' dir='ltr'>tamen,</span> <span class='ocrx_word' id='word_1_311' title='bbox 938 2283 985 2316; x_wconf 92' lang='lat' dir='ltr'>ut</span> <span class='ocrx_word' id='word_1_312' title='bbox 1018 2268 1251 2325; x_wconf 91' lang='lat' dir='ltr'>videbitur,</span> <span class='ocrx_word' id='word_1_313' title='bbox 1284 2287 1368 2330; x_wconf 95' lang='lat' dir='ltr'>pro</span> <span class='ocrx_word' id='word_1_314' title='bbox 1399 2282 1540 2316; x_wconf 90' lang='lat' dir='ltr'>vestra</span> <span class='ocrx_word' id='word_1_315' title='bbox 1569 2267 1774 2328; x_wconf 90' lang='lat' dir='ltr'>singulari</span> <span class='ocrx_word' id='word_1_316' title='bbox 1807 2267 2019 2329; x_wconf 90' lang='lat' dir='ltr'>sapientia</span> 
     </span>
     <span class='ocr_line' id='line_1_32' title="bbox 207 2338 458 2399; baseline 0.004 -15"><span class='ocrx_word' id='word_1_317' title='bbox 207 2338 458 2399; x_wconf 90' lang='lat' dir='ltr'>perficietis.</span> 
     </span>
    </p>

    <p class='ocr_par' dir='ltr' id='par_1_4' title="bbox 208 2403 2019 3213">
     <span class='ocr_line' id='line_1_33' title="bbox 295 2403 2017 2467; baseline -0.001 -14"><span class='ocrx_word' id='word_1_318' title='bbox 295 2406 395 2453; x_wconf 91' lang='lat' dir='ltr'>Illae</span> <span class='ocrx_word' id='word_1_319' title='bbox 411 2421 623 2467; x_wconf 91' lang='lat' dir='ltr'>quattuor</span> <span class='ocrx_word' id='word_1_320' title='bbox 638 2407 828 2453; x_wconf 90' lang='lat' dir='ltr'>rationes</span> <span class='ocrx_word' id='word_1_321' title='bbox 845 2424 922 2453; x_wconf 89' lang='lat' dir='ltr'>cur</span> <span class='ocrx_word' id='word_1_322' title='bbox 938 2405 1333 2453; x_wconf 87' lang='lat' dir='ltr'>Christianissimus</span> <span class='ocrx_word' id='word_1_323' title='bbox 1354 2410 1447 2452; x_wconf 90' lang='lat' dir='ltr'>Rex</span> <span class='ocrx_word' id='word_1_324' title='bbox 1463 2406 1521 2452; x_wconf 91' lang='lat' dir='ltr'>ita</span> <span class='ocrx_word' id='word_1_325' title='bbox 1534 2405 1588 2452; x_wconf 92' lang='lat' dir='ltr'>sit</span> <span class='ocrx_word' id='word_1_326' title='bbox 1605 2405 1834 2460; x_wconf 90' lang='lat' dir='ltr'>animatus,</span> <span class='ocrx_word' id='word_1_327' title='bbox 1851 2418 1900 2451; x_wconf 91' lang='lat' dir='ltr'>ut</span> <span class='ocrx_word' id='word_1_328' title='bbox 1916 2403 2017 2451; x_wconf 91' lang='lat' dir='ltr'>deli-</span> 
     </span>
     <span class='ocr_line' id='line_1_34' title="bbox 209 2471 2018 2534; baseline -0.002 -13"><span class='ocrx_word' id='word_1_329' title='bbox 209 2474 425 2521; x_wconf 90' lang='lat' dir='ltr'>beraverit</span> <span class='ocrx_word' id='word_1_330' title='bbox 445 2492 603 2534; x_wconf 89' lang='lat' dir='ltr'>corpus</span> <span class='ocrx_word' id='word_1_331' title='bbox 627 2489 668 2521; x_wconf 90' lang='lat' dir='ltr'>et</span> <span class='ocrx_word' id='word_1_332' title='bbox 687 2474 805 2521; x_wconf 94' lang='lat' dir='ltr'>bona</span> <span class='ocrx_word' id='word_1_333' title='bbox 826 2492 1044 2534; x_wconf 89' lang='lat' dir='ltr'>exponere</span> <span class='ocrx_word' id='word_1_334' title='bbox 1062 2492 1146 2534; x_wconf 94' lang='lat' dir='ltr'>pro</span> <span class='ocrx_word' id='word_1_335' title='bbox 1167 2475 1302 2520; x_wconf 87' lang='lat' dir='ltr'>causis</span> <span class='ocrx_word' id='word_1_336' title='bbox 1322 2474 1411 2520; x_wconf 90' lang='lat' dir='ltr'>istis</span> <span class='ocrx_word' id='word_1_337' title='bbox 1432 2474 1678 2520; x_wconf 90' lang='lat' dir='ltr'>verissimae</span> <span class='ocrx_word' id='word_1_338' title='bbox 1697 2487 1812 2528; x_wconf 89' lang='lat' dir='ltr'>sunt,</span> <span class='ocrx_word' id='word_1_339' title='bbox 1835 2471 2018 2533; x_wconf 90' lang='lat' dir='ltr'>illaeque</span> 
     </span>
     <span class='ocr_line' id='line_1_35' title="bbox 209 2540 2016 2603; baseline -0.002 -14"><span class='ocrx_word' id='word_1_340' title='bbox 209 2557 357 2603; x_wconf 91' lang='lat' dir='ltr'>aperte</span> <span class='ocrx_word' id='word_1_341' title='bbox 384 2542 605 2589; x_wconf 88' lang='lat' dir='ltr'>declarant</span> <span class='ocrx_word' id='word_1_342' title='bbox 631 2543 814 2589; x_wconf 86' lang='lat' dir='ltr'>virtutes</span> <span class='ocrx_word' id='word_1_343' title='bbox 842 2542 977 2588; x_wconf 91' lang='lat' dir='ltr'>animi</span> <span class='ocrx_word' id='word_1_344' title='bbox 1006 2543 1109 2602; x_wconf 91' lang='lat' dir='ltr'>regii</span> <span class='ocrx_word' id='word_1_345' title='bbox 1137 2541 1355 2597; x_wconf 88' lang='lat' dir='ltr'>mirificas,</span> <span class='ocrx_word' id='word_1_346' title='bbox 1384 2541 1638 2601; x_wconf 91' lang='lat' dir='ltr'>religionem</span> <span class='ocrx_word' id='word_1_347' title='bbox 1668 2555 1709 2587; x_wconf 91' lang='lat' dir='ltr'>et</span> <span class='ocrx_word' id='word_1_348' title='bbox 1733 2541 1944 2601; x_wconf 90' lang='lat' dir='ltr'>pietatem</span> <span class='ocrx_word' id='word_1_349' title='bbox 1970 2540 2016 2586; x_wconf 93' lang='lat' dir='ltr'>in</span> 
     </span>
     <span class='ocr_line' id='line_1_36' title="bbox 208 2608 2018 2669; baseline -0.002 -12"><span class='ocrx_word' id='word_1_350' title='bbox 208 2614 358 2657; x_wconf 92' lang='lat' dir='ltr'>Deum</span> <span class='ocrx_word' id='word_1_351' title='bbox 379 2625 420 2657; x_wconf 90' lang='lat' dir='ltr'>et</span> <span class='ocrx_word' id='word_1_352' title='bbox 439 2610 674 2657; x_wconf 92' lang='lat' dir='ltr'>dominum</span> <span class='ocrx_word' id='word_1_353' title='bbox 696 2624 897 2656; x_wconf 92' lang='lat' dir='ltr'>nostrum</span> <span class='ocrx_word' id='word_1_354' title='bbox 919 2614 1059 2656; x_wconf 91' lang='lat' dir='ltr'>Iesum</span> <span class='ocrx_word' id='word_1_355' title='bbox 1082 2609 1324 2666; x_wconf 89' lang='lat' dir='ltr'>Christum,</span> <span class='ocrx_word' id='word_1_356' title='bbox 1346 2609 1671 2669; x_wconf 90' lang='lat' dir='ltr'>redemptorem</span> <span class='ocrx_word' id='word_1_357' title='bbox 1693 2608 1873 2655; x_wconf 90' lang='lat' dir='ltr'>humani</span> <span class='ocrx_word' id='word_1_358' title='bbox 1893 2625 2018 2668; x_wconf 84' lang='lat' dir='ltr'>gene-</span> 
     </span>
     <span class='ocr_line' id='line_1_37' title="bbox 209 2676 2017 2734; baseline -0.002 -9"><span class='ocrx_word' id='word_1_359' title='bbox 209 2679 279 2734; x_wconf 89' lang='lat' dir='ltr'>ris,</span> <span class='ocrx_word' id='word_1_360' title='bbox 302 2679 528 2725; x_wconf 89' lang='lat' dir='ltr'>caritatem</span> <span class='ocrx_word' id='word_1_361' title='bbox 548 2679 593 2724; x_wconf 93' lang='lat' dir='ltr'>in</span> <span class='ocrx_word' id='word_1_362' title='bbox 615 2677 768 2725; x_wconf 84' lang='lat' dir='ltr'>affines</span> <span class='ocrx_word' id='word_1_363' title='bbox 788 2692 829 2725; x_wconf 91' lang='lat' dir='ltr'>et</span> <span class='ocrx_word' id='word_1_364' title='bbox 848 2679 1011 2724; x_wconf 90' lang='lat' dir='ltr'>amicos</span> <span class='ocrx_word' id='word_1_365' title='bbox 1033 2692 1074 2724; x_wconf 92' lang='lat' dir='ltr'>et</span> <span class='ocrx_word' id='word_1_366' title='bbox 1094 2677 1372 2724; x_wconf 90' lang='lat' dir='ltr'>observantes</span> <span class='ocrx_word' id='word_1_367' title='bbox 1392 2692 1433 2724; x_wconf 93' lang='lat' dir='ltr'>et</span> <span class='ocrx_word' id='word_1_368' title='bbox 1452 2676 1644 2724; x_wconf 92' lang='lat' dir='ltr'>colentes</span> <span class='ocrx_word' id='word_1_369' title='bbox 1663 2694 1721 2732; x_wconf 89' lang='lat' dir='ltr'>se,</span> <span class='ocrx_word' id='word_1_370' title='bbox 1741 2676 1950 2723; x_wconf 89' lang='lat' dir='ltr'>iustitiam</span> <span class='ocrx_word' id='word_1_371' title='bbox 1971 2676 2017 2722; x_wconf 91' lang='lat' dir='ltr'>in</span> 
     </span>
     <span class='ocr_line' id='line_1_38' title="bbox 209 2743 2015 2806; baseline -0.001 -14"><span class='ocrx_word' id='word_1_372' title='bbox 209 2764 378 2802; x_wconf 85' lang='lat' dir='ltr'>omnes,</span> <span class='ocrx_word' id='word_1_373' title='bbox 411 2745 590 2806; x_wconf 92' lang='lat' dir='ltr'>quando</span> <span class='ocrx_word' id='word_1_374' title='bbox 619 2747 678 2793; x_wconf 93' lang='lat' dir='ltr'>ita</span> <span class='ocrx_word' id='word_1_375' title='bbox 703 2745 885 2792; x_wconf 89' lang='lat' dir='ltr'>affectos</span> <span class='ocrx_word' id='word_1_376' title='bbox 911 2746 1078 2792; x_wconf 92' lang='lat' dir='ltr'>iniuriis</span> <span class='ocrx_word' id='word_1_377' title='bbox 1108 2746 1167 2792; x_wconf 92' lang='lat' dir='ltr'>ita</span> <span class='ocrx_word' id='word_1_378' title='bbox 1190 2759 1311 2805; x_wconf 89' lang='lat' dir='ltr'>parat</span> <span class='ocrx_word' id='word_1_379' title='bbox 1339 2744 1584 2792; x_wconf 91' lang='lat' dir='ltr'>defendere.</span> <span class='ocrx_word' id='word_1_380' title='bbox 1611 2748 1709 2791; x_wconf 91' lang='lat' dir='ltr'>Nos</span> <span class='ocrx_word' id='word_1_381' title='bbox 1738 2743 1947 2791; x_wconf 91' lang='lat' dir='ltr'>addemus</span> <span class='ocrx_word' id='word_1_382' title='bbox 1973 2757 2015 2790; x_wconf 92' lang='lat' dir='ltr'>et</span> 
     </span>
     <span class='ocr_line' id='line_1_39' title="bbox 209 2812 2018 2874; baseline -0.001 -14"><span class='ocrx_word' id='word_1_383' title='bbox 209 2815 410 2874; x_wconf 92' lang='lat' dir='ltr'>quintam</span> <span class='ocrx_word' id='word_1_384' title='bbox 442 2813 662 2874; x_wconf 91' lang='lat' dir='ltr'>quandam</span> <span class='ocrx_word' id='word_1_385' title='bbox 693 2814 909 2860; x_wconf 90' lang='lat' dir='ltr'>rationem</span> <span class='ocrx_word' id='word_1_386' title='bbox 938 2813 1108 2860; x_wconf 92' lang='lat' dir='ltr'>divinae</span> <span class='ocrx_word' id='word_1_387' title='bbox 1137 2812 1389 2868; x_wconf 87' lang='lat' dir='ltr'>voluntatis,</span> <span class='ocrx_word' id='word_1_388' title='bbox 1420 2830 1528 2873; x_wconf 91' lang='lat' dir='ltr'>quae</span> <span class='ocrx_word' id='word_1_389' title='bbox 1557 2813 1688 2859; x_wconf 91' lang='lat' dir='ltr'>etiam</span> <span class='ocrx_word' id='word_1_390' title='bbox 1718 2812 2018 2859; x_wconf 88' lang='lat' dir='ltr'>necessitatem</span> 
     </span>
     <span class='ocr_line' id='line_1_40' title="bbox 210 2878 2019 2941; baseline -0.002 -13"><span class='ocrx_word' id='word_1_391' title='bbox 210 2881 537 2928; x_wconf 90' lang='lat' dir='ltr'>deliberationis</span> <span class='ocrx_word' id='word_1_392' title='bbox 565 2882 671 2941; x_wconf 92' lang='lat' dir='ltr'>Regi</span> <span class='ocrx_word' id='word_1_393' title='bbox 696 2881 872 2928; x_wconf 93' lang='lat' dir='ltr'>videtur</span> <span class='ocrx_word' id='word_1_394' title='bbox 896 2880 1064 2928; x_wconf 88' lang='lat' dir='ltr'>afferre.</span> <span class='ocrx_word' id='word_1_395' title='bbox 1090 2884 1212 2927; x_wconf 90' lang='lat' dir='ltr'>Deus</span> <span class='ocrx_word' id='word_1_396' title='bbox 1238 2881 1370 2936; x_wconf 88' lang='lat' dir='ltr'>enirn,</span> <span class='ocrx_word' id='word_1_397' title='bbox 1399 2898 1499 2927; x_wconf 90' lang='lat' dir='ltr'>cum</span> <span class='ocrx_word' id='word_1_398' title='bbox 1525 2879 1692 2926; x_wconf 92' lang='lat' dir='ltr'>videret</span> <span class='ocrx_word' id='word_1_399' title='bbox 1717 2893 1843 2926; x_wconf 92' lang='lat' dir='ltr'>tanto</span> <span class='ocrx_word' id='word_1_400' title='bbox 1869 2879 1914 2925; x_wconf 92' lang='lat' dir='ltr'>in</span> <span class='ocrx_word' id='word_1_401' title='bbox 1939 2878 2019 2926; x_wconf 87' lang='lat' dir='ltr'>dis-</span> 
     </span>
     <span class='ocr_line' id='line_1_41' title="bbox 210 2945 2018 3009; baseline -0.002 -14"><span class='ocrx_word' id='word_1_402' title='bbox 210 2950 393 2996; x_wconf 89' lang='lat' dir='ltr'>crimine</span> <span class='ocrx_word' id='word_1_403' title='bbox 425 2949 560 2996; x_wconf 89' lang='lat' dir='ltr'>fidem</span> <span class='ocrx_word' id='word_1_404' title='bbox 592 2964 633 2996; x_wconf 94' lang='lat' dir='ltr'>et</span> <span class='ocrx_word' id='word_1_405' title='bbox 660 2948 876 3009; x_wconf 90' lang='lat' dir='ltr'>populum</span> <span class='ocrx_word' id='word_1_406' title='bbox 908 2966 1050 3004; x_wconf 86' lang='lat' dir='ltr'>suurn,</span> <span class='ocrx_word' id='word_1_407' title='bbox 1082 2966 1156 2995; x_wconf 95' lang='lat' dir='ltr'>eos</span> <span class='ocrx_word' id='word_1_408' title='bbox 1186 2963 1331 2995; x_wconf 89' lang='lat' dir='ltr'>autem</span> <span class='ocrx_word' id='word_1_409' title='bbox 1361 2949 1435 3008; x_wconf 92' lang='lat' dir='ltr'>qui</span> <span class='ocrx_word' id='word_1_410' title='bbox 1464 2945 1631 2994; x_wconf 84' lang='lat' dir='ltr'>etiam²⁶</span> <span class='ocrx_word' id='word_1_411' title='bbox 1662 2948 1706 2993; x_wconf 93' lang='lat' dir='ltr'>in</span> <span class='ocrx_word' id='word_1_412' title='bbox 1734 2947 1887 3007; x_wconf 91' lang='lat' dir='ltr'>primis</span> <span class='ocrx_word' id='word_1_413' title='bbox 1918 2945 2018 2993; x_wconf 93' lang='lat' dir='ltr'>deb·</span> 
     </span>
     <span class='ocr_line' id='line_1_42' title="bbox 209 3014 2012 3077; baseline -0.002 -14"><span class='ocrx_word' id='word_1_414' title='bbox 209 3031 369 3064; x_wconf 91' lang='lat' dir='ltr'>uerunt</span> <span class='ocrx_word' id='word_1_415' title='bbox 411 3034 661 3063; x_wconf 91' lang='lat' dir='ltr'>succurrere</span> <span class='ocrx_word' id='word_1_416' title='bbox 701 3031 869 3077; x_wconf 92' lang='lat' dir='ltr'>pestem</span> <span class='ocrx_word' id='word_1_417' title='bbox 913 3015 1071 3063; x_wconf 88' lang='lat' dir='ltr'>inferre</span> <span class='ocrx_word' id='word_1_418' title='bbox 1113 3030 1241 3076; x_wconf 93' lang='lat' dir='ltr'>atque</span> <span class='ocrx_word' id='word_1_419' title='bbox 1282 3015 1589 3071; x_wconf 89' lang='lat' dir='ltr'>infortunium,</span> <span class='ocrx_word' id='word_1_420' title='bbox 1636 3014 2012 3061; x_wconf 87' lang='lat' dir='ltr'>Christianissimo</span> 
     </span>
     <span class='ocr_line' id='line_1_43' title="bbox 208 3078 2013 3145; baseline -0.002 -14"><span class='ocrx_word' id='word_1_421' title='bbox 208 3082 608 3145; x_wconf 84' lang='lat' dir='ltr'>pientissimoque27</span> <span class='ocrx_word' id='word_1_422' title='bbox 634 3085 823 3145; x_wconf 90' lang='lat' dir='ltr'>principi</span> <span class='ocrx_word' id='word_1_423' title='bbox 850 3088 942 3131; x_wconf 89' lang='lat' dir='ltr'>Iesu</span> <span class='ocrx_word' id='word_1_424' title='bbox 967 3083 1133 3131; x_wconf 91' lang='lat' dir='ltr'>Christi</span> <span class='ocrx_word' id='word_1_425' title='bbox 1158 3083 1237 3130; x_wconf 88' lang='lat' dir='ltr'>filii</span> <span class='ocrx_word' id='word_1_426' title='bbox 1261 3084 1325 3131; x_wconf 93' lang='lat' dir='ltr'>sui</span> <span class='ocrx_word' id='word_1_427' title='bbox 1352 3083 1562 3143; x_wconf 87' lang='lat' dir='ltr'>delegavit</span> <span class='ocrx_word' id='word_1_428' title='bbox 1585 3100 1771 3138; x_wconf 86' lang='lat' dir='ltr'>causam,</span> <span class='ocrx_word' id='word_1_429' title='bbox 1796 3096 1837 3129; x_wconf 91' lang='lat' dir='ltr'>et</span> <span class='ocrx_word' id='word_1_430' title='bbox 1862 3078 2013 3128; x_wconf 84' lang='lat' dir='ltr'>hunc²⁸</span> 
     </span>
     <span class='ocr_line' id='line_1_44' title="bbox 209 3149 2013 3213; baseline -0.002 -14"><span class='ocrx_word' id='word_1_431' title='bbox 209 3167 383 3199; x_wconf 91' lang='lat' dir='ltr'>tantum</span> <span class='ocrx_word' id='word_1_432' title='bbox 416 3154 600 3213; x_wconf 92' lang='lat' dir='ltr'>Spiritus</span> <span class='ocrx_word' id='word_1_433' title='bbox 632 3153 777 3199; x_wconf 86' lang='lat' dir='ltr'>Sancti</span> <span class='ocrx_word' id='word_1_434' title='bbox 809 3152 1011 3199; x_wconf 91' lang='lat' dir='ltr'>ardorem</span> <span class='ocrx_word' id='word_1_435' title='bbox 1044 3149 1230 3198; x_wconf 82' lang='lat' dir='ltr'>inussit²⁹</span> <span class='ocrx_word' id='word_1_436' title='bbox 1264 3166 1311 3198; x_wconf 92' lang='lat' dir='ltr'>ut</span> <span class='ocrx_word' id='word_1_437' title='bbox 1344 3151 1646 3211; x_wconf 90' lang='lat' dir='ltr'>obtemperare</span> <span class='ocrx_word' id='word_1_438' title='bbox 1679 3151 1763 3197; x_wconf 91' lang='lat' dir='ltr'>iam</span> <span class='ocrx_word' id='word_1_439' title='bbox 1795 3149 2013 3196; x_wconf 89' lang='lat' dir='ltr'>voluntati</span> 
     </span>
    </p>
   </div>
  </div>
 </body>
</html>
