2106 3464
124 180 355 213 PRIVATE
381 179 609 213 LETTERS
1872 173 1929 214 23

1004 322 1058 363 29

610 391 688 431 ΤΟ
712 393 1081 431 SACRAMORO
1104 393 1449 432 SACRAMORI

748 458 974 505 Florence,
998 462 1045 499 13
1064 458 1166 511 July
1188 462 1311 499 1470²

206 553 328 593 ASMi
351 554 434 592 SPE
456 553 618 592 Fir.279.
643 551 829 604 Original.
851 551 1091 604 Autograph.
1122 555 1238 592 Verso:
1262 552 1481 604 ‘Magnifico
1508 553 1711 605 Compatri
1734 555 1856 593 Sacra·

208 623 321 649 moro
340 608 461 661 legato
484 607 631 648 ducali.’
652 607 766 656 Scala,
788 612 834 648 57
852 611 942 657 [37].

122 712 361 773 Magnifice
381 716 629 773 Compater
647 713 721 759 mi.
744 712 913 760 Gaude.
934 717 993 760 La
1009 712 1102 773 lega
1120 728 1270 760 nostra
1289 731 1312 760 a
1329 713 1373 760 dl
1392 717 1415 760 8
1436 713 1458 760 ὲ
1478 713 1631 760 rifacta
1646 731 1732 760 con
1752 713 1941 774 grandis-

121 782 237 828 simo
260 799 477 828 consenso
501 780 612 828 delle
631 781 758 842 parti.
781 781 901 828 Vale.

1003 924 1057 965 30

333 993 411 1033 TO
434 994 743 1034 GALEAZZO
764 995 955 1032 MARIA
977 994 1217 1040 SFORZA,
1238 995 1399 1034 DUKE
1421 995 1497 1034 OF
1518 996 1723 1034 MILAN'

698 1060 924 1107 Florence,
948 1064 997 1101 18
1018 1063 1192 1113 August
1215 1064 1360 1110 [1470]

204 1155 326 1194 ASMi
358 1156 442 1194 SPE
473 1155 635 1194 Fir.279.
668 1154 854 1207 Original.
886 1155 1125 1207 Autograph.
1164 1158 1281 1195 Verso:
1314 1155 1648 1195 ‘Excellentissimo
1685 1156 1785 1196 Patri
1817 1169 1853 1196 et

205 1210 366 1250 domino
389 1210 530 1251 Galeaz
547 1211 691 1250 Mariae
711 1210 876 1258 Ssorzae,
895 1212 1039 1259 comiti,
1062 1211 1149 1251 duci
1168 1211 1379 1251 Mediolani
1399 1225 1435 1251 et
1455 1212 1619 1264 [Painae
1638 1211 1854 1264 Angleriae·

205 1282 291 1319 que,
307 1267 456 1306 Comiti
468 1269 611 1316 Januae
624 1280 661 1306 et
677 1269 906 1315 Cremonae,
920 1266 1111 1315 [domin]o
1130 1282 1217 1307 meo
1232 1267 1571 1308 excellentissimo.’
1591 1270 1660 1308 On
1674 1267 1740 1308 the
1754 1267 1851 1315 date,

204 1338 265 1363 see
282 1322 396 1370 Scala,
418 1326 535 1363 57-58
556 1325 645 1371 [37].

121 1426 412 1474 Illustrissime
434 1442 477 1474 et
495 1427 855 1474 excellentissime
871 1428 1075 1489 princeps
1095 1442 1137 1475 et
1156 1427 1351 1484 domine,
1372 1428 1553 1475 domine
1574 1429 1635 1474 mi
1653 1428 1932 1489 singularissi-

88 1518 90 1520 ’
120 1513 204 1543 me.
228 1499 351 1543 Sono
374 1495 518 1543 molto
541 1511 756 1543 contento
778 1511 820 1543 et
838 1495 916 1557 piu
939 1495 1019 1543 che
1043 1495 1145 1544 fussi
1170 1497 1256 1544 mai
1278 1497 1323 1543 in
1345 1511 1461 1544 tutta
1479 1496 1520 1544 la
1542 1498 1629 1544 mia
1649 1498 1752 1554 vita,
1773 1496 1935 1558 perche

119 1564 188 1612 dal
211 1563 457 1625 Magnifico
478 1569 646 1612 Messer
663 1568 924 1625 Sagramoro
948 1564 1007 1612 ho
1031 1565 1173 1612 inteso
1194 1583 1330 1613 essere
1353 1566 1398 1612 in
1418 1566 1555 1626 gratia
1574 1565 1687 1613 della
1705 1570 1867 1613 Vostra
1888 1565 1936 1612 Il-

119 1632 376 1680 lustrissima
404 1634 616 1694 Signoria,
648 1633 701 1680 ne
726 1633 968 1680 solamente
998 1633 1108 1681 colle
1135 1634 1299 1695 parole,
1329 1652 1400 1681 ma
1425 1652 1511 1681 con
1539 1633 1643 1682 facti
1669 1634 1798 1695 degni
1825 1649 1867 1682 et
1893 1634 1937 1682 di

120 1702 405 1762 magnanimo
428 1702 629 1762 Principe
650 1716 691 1749 et
711 1701 1077 1749 excellentissimo
1097 1703 1290 1763 Signore.
1312 1706 1491 1764 Sempre
1510 1721 1624 1750 sono
1645 1718 1762 1750 stato
1779 1718 1933 1750 vostro

119 1784 161 1817 et
184 1769 389 1817 dedicato
410 1770 447 1817 al
471 1785 625 1817 vostro
651 1770 821 1817 honore
847 1785 889 1817 et
912 1770 994 1818 alla
1015 1786 1163 1818 vostra
1184 1771 1413 1832 grandeza,
1438 1771 1518 1818 che
1542 1771 1563 1818 ὲ
1588 1772 1825 1819 coniuncta
1849 1790 1935 1819 con

119 1838 263 1899 quella
289 1838 401 1886 della
426 1839 513 1886 mia
539 1838 644 1886 citta
667 1853 708 1886 et
732 1840 886 1899 patria,
910 1857 991 1900 per
1014 1839 1238 1887 l’amicitia
1263 1854 1305 1887 et
1330 1841 1646 1887 coniunctione
1673 1855 1821 1887 vostra
1846 1858 1932 1887 con

119 1906 275 1967 quella.
299 1911 354 1954 Et
376 1925 420 1954 se
443 1907 455 1953 i
478 1906 752 1967 grandissimi
777 1907 966 1954 benefici
989 1907 1196 1968 obligano
1219 1907 1310 1969 piu,
1337 1909 1380 1955 io
1402 1926 1516 1955 sono
1542 1908 1686 1955 molto
1708 1908 1784 1969 piu
1810 1908 1933 1955 obdi-

118 1989 251 2034 ga›to‚
275 1990 317 2021 et
339 1976 384 2020 in
408 1975 546 2022 modo
569 1975 712 2035 legato
734 1993 826 2022 non
850 1977 911 2021 mi
932 1994 1065 2036 posso
1087 1976 1356 2036 sciogli<er›e.

204 2046 378 2089 Havete
405 2060 498 2089 uno
528 2042 785 2090 fidelissimo
814 2043 1070 2090 servido‹re›
1098 2043 1142 2090 di
1170 2062 1287 2104 poco
1314 2062 1451 2104 prezo
1481 2062 1553 2091 ma
1580 2044 1624 2091 di
1655 2044 1794 2091 molta
1822 2044 1934 2100 fede3

117 2128 236 2171 poco
269 2110 503 2171 prudente,
540 2129 611 2158 ma
648 2111 791 2158 molto
828 2111 1034 2172 diligente
1070 2126 1111 2159 et
1146 2111 1190 2159 di
1225 2111 1549 2159 ferventissimo
1584 2112 1733 2160 studio
1770 2130 1794 2159 a
1828 2113 1932 2173 ogni

120 2178 306 2235 honore,
330 2180 608 2240 reputatione
631 2194 673 2227 et
692 2179 829 2240 gloria
850 2179 962 2228 della
979 2184 1140 2228 Vostra
1161 2180 1451 2228 Illustrissima
1472 2182 1684 2242 Signoria‚
1708 2181 1789 2228 alla
1809 2181 1935 2242 quale

117 2265 290 2308 sempre
321 2249 382 2294 mi
413 2248 721 2295 raccomando.
752 2248 904 2296 Valete
931 2249 1113 2310 longum
1146 2264 1187 2296 et
1215 2249 1411 2297 feliciter.
1440 2254 1504 2296 Ex
1532 2249 1755 2297 Florentia
1783 2249 1852 2297 die
1886 2255 1933 2297 18

118 2317 306 2376 Augusti
335 2321 454 2363 1470.
478 2317 675 2364 Servitor
696 2317 1033 2365 Bartholomeus
1055 2317 1175 2365 Scala
1195 2317 1492 2365 Cancellarius
1514 2318 1807 2366 Florentinus.

198 3032 211 3046 ²
233 3027 413 3066 Attached
433 3040 473 3066 to
496 3043 515 3066 a
535 3028 641 3067 letter
659 3028 757 3067 from
779 3031 988 3067 Sacramoro
1011 3042 1051 3068 to
1075 3032 1121 3068 G.
1146 3032 1283 3068 Ceruto
1304 3030 1410 3068 dated
1435 3033 1473 3068 13
1494 3030 1578 3079 July
1604 3034 1701 3068 1470:
1726 3031 1775 3067 ‘vi
1796 3030 1930 3068 mando

118 3079 257 3118 incluso
276 3080 308 3118 el
325 3081 446 3129 primo
465 3080 586 3119 adviso
606 3081 673 3119 che
690 3082 726 3119 io
745 3096 790 3119 ne
809 3081 936 3126 hebbe,
954 3082 1020 3120 che
1037 3082 1075 3120 fo
1093 3082 1149 3120 dal
1168 3095 1294 3120 nostro
1311 3082 1346 3120 d.
1367 3082 1624 3120 Bartholomeo
1643 3082 1790 3120 Schala.'

199 3144 212 3158 ²
233 3142 291 3177 He
310 3139 455 3177 became
473 3139 570 3178 duke
589 3154 642 3178 on
659 3140 722 3178 the
740 3140 847 3178 death
866 3140 907 3179 of
924 3140 979 3179 his
998 3140 1116 3179 father
1134 3144 1326 3179 Francesco
1345 3141 1469 3179 Sfoxza
1488 3143 1528 3179 in
1547 3141 1676 3179 March
1697 3145 1796 3185 1466,
1818 3141 1935 3190 ruling

118 3190 210 3228 with
227 3191 282 3229 his
298 3191 446 3229 mother
463 3193 593 3230 Bianca
608 3193 723 3230 Maria
741 3192 929 3241 (visconti)
949 3193 1043 3231 until
1063 3197 1159 3231 1468.
1181 3196 1239 3231 He
1257 3208 1327 3231 was
1346 3193 1571 3231 assassinated
1591 3195 1630 3230 in
1650 3197 1748 3231 1476.
