<?xml version="1.0" encoding="UTF-8"?>
<!DOCTYPE html PUBLIC "-//W3C//DTD XHTML 1.0 Transitional//EN"
    "http://www.w3.org/TR/xhtml1/DTD/xhtml1-transitional.dtd">
<html xmlns="http://www.w3.org/1999/xhtml" xml:lang="en" lang="en">
 <head>
  <title>
</title>
<meta http-equiv="Content-Type" content="text/html;charset=utf-8" />
  <meta name='ocr-system' content='tesseract 3.04.00' />
  <meta name='ocr-capabilities' content='ocr_page ocr_carea ocr_par ocr_line ocrx_word'/>
</head>
<body>
  <div class='ocr_page' id='page_1' title='image "bartolomeoscalah00scaluoft_0048.png"; bbox 0 0 2106 3444; ppageno 0'>
   <div class='ocr_carea' id='block_1_1' title="bbox 165 152 1977 193">
    <p class='ocr_par' dir='ltr' id='par_1_1' title="bbox 165 152 1977 193">
     <span class='ocr_line' id='line_1_1' title="bbox 165 152 1977 193; baseline -0.002 0"><span class='ocrx_word' id='word_1_1' title='bbox 165 152 186 193; x_wconf 86' lang='lat'>8</span> <span class='ocrx_word' id='word_1_2' title='bbox 1799 155 1938 189; x_wconf 91' lang='lat' dir='ltr'><strong>PART</strong></span> <span class='ocrx_word' id='word_1_3' title='bbox 1963 156 1977 190; x_wconf 94' lang='lat'>1</span> 
     </span>
    </p>
   </div>
   <div class='ocr_carea' id='block_1_2' title="bbox 164 293 1986 549">
    <p class='ocr_par' dir='ltr' id='par_1_2' title="bbox 164 293 1986 549">
     <span class='ocr_line' id='line_1_2' title="bbox 249 293 1984 355; baseline -0.001 -11"><span class='ocrx_word' id='word_1_4' title='bbox 249 297 356 344; x_wconf 90' lang='lat' dir='ltr'>Dite</span> <span class='ocrx_word' id='word_1_5' title='bbox 382 314 405 343; x_wconf 91' lang='lat' dir='ltr'>a</span> <span class='ocrx_word' id='word_1_6' title='bbox 430 300 573 343; x_wconf 93' lang='lat' dir='ltr'>Mona</span> <span class='ocrx_word' id='word_1_7' title='bbox 597 296 808 343; x_wconf 80' lang='lat' dir='ltr'>Ginevrae</span> <span class='ocrx_word' id='word_1_8' title='bbox 835 294 915 342; x_wconf 93' lang='lat' dir='ltr'>che</span> <span class='ocrx_word' id='word_1_9' title='bbox 941 294 981 342; x_wconf 87' lang='lat' dir='ltr'>la</span> <span class='ocrx_word' id='word_1_10' title='bbox 1003 294 1271 355; x_wconf 88' lang='lat' dir='ltr'>pinzochera</span> <span class='ocrx_word' id='word_1_11' title='bbox 1296 312 1372 342; x_wconf 91' lang='lat' dir='ltr'>sua</span> <span class='ocrx_word' id='word_1_12' title='bbox 1397 293 1480 342; x_wconf 87' lang='lat' dir='ltr'>feci</span> <span class='ocrx_word' id='word_1_13' title='bbox 1503 295 1663 342; x_wconf 89' lang='lat' dir='ltr'>servire</span> <span class='ocrx_word' id='word_1_14' title='bbox 1690 293 1717 340; x_wconf 93' lang='lat' dir='ltr'>il</span> <span class='ocrx_word' id='word_1_15' title='bbox 1743 293 1787 341; x_wconf 82' lang='lat' dir='ltr'>di</span> <span class='ocrx_word' id='word_1_16' title='bbox 1813 293 1934 355; x_wconf 94' lang='lat' dir='ltr'>dopo</span> <span class='ocrx_word' id='word_1_17' title='bbox 1959 312 1984 342; x_wconf 92' lang='lat' dir='ltr'>a</span> 
     </span>
     <span class='ocr_line' id='line_1_3' title="bbox 165 356 1982 426; baseline -0.001 -14"><span class='ocrx_word' id='word_1_18' title='bbox 165 365 314 426; x_wconf 93' lang='lat' dir='ltr'>quello</span> <span class='ocrx_word' id='word_1_19' title='bbox 336 364 416 412; x_wconf 89' lang='lat' dir='ltr'>che</span> <span class='ocrx_word' id='word_1_20' title='bbox 438 365 513 411; x_wconf 90' lang='lat' dir='ltr'>voi</span> <span class='ocrx_word' id='word_1_21' title='bbox 534 364 706 425; x_wconf 89' lang='lat' dir='ltr'>partisti</span> <span class='ocrx_word' id='word_1_22' title='bbox 728 363 772 411; x_wconf 91' lang='lat' dir='ltr'>di</span> <span class='ocrx_word' id='word_1_23' title='bbox 793 364 881 424; x_wconf 90' lang='lat' dir='ltr'>qui,</span> <span class='ocrx_word' id='word_1_24' title='bbox 904 378 946 411; x_wconf 91' lang='lat' dir='ltr'>et</span> <span class='ocrx_word' id='word_1_25' title='bbox 968 363 1123 410; x_wconf 84' lang='lat' dir='ltr'>ch&#39;ella</span> <span class='ocrx_word' id='word_1_26' title='bbox 1142 362 1164 410; x_wconf 83' lang='grc' dir='ltr'>ὲ</span> <span class='ocrx_word' id='word_1_27' title='bbox 1187 364 1232 409; x_wconf 93' lang='lat' dir='ltr'>in</span> <span class='ocrx_word' id='word_1_28' title='bbox 1254 356 1516 410; x_wconf 88' lang='lat' dir='ltr'>Orbatello.f</span> <span class='ocrx_word' id='word_1_29' title='bbox 1533 362 1750 410; x_wconf 89' lang='lat' dir='ltr'>Desidero</span> <span class='ocrx_word' id='word_1_30' title='bbox 1772 362 1916 410; x_wconf 92' lang='lat' dir='ltr'>molto</span> <span class='ocrx_word' id='word_1_31' title='bbox 1937 362 1982 410; x_wconf 95' lang='lat' dir='ltr'>di</span> 
     </span>
     <span class='ocr_line' id='line_1_4' title="bbox 165 431 1986 492; baseline -0.001 -12"><span class='ocrx_word' id='word_1_32' title='bbox 165 433 395 481; x_wconf 89' lang='lat' dir='ltr'>rivedervi.</span> <span class='ocrx_word' id='word_1_33' title='bbox 416 437 457 479; x_wconf 89' lang='lat' dir='ltr'><strong>A</strong></span> <span class='ocrx_word' id='word_1_34' title='bbox 475 433 549 480; x_wconf 89' lang='lat' dir='ltr'>voi</span> <span class='ocrx_word' id='word_1_35' title='bbox 570 433 631 479; x_wconf 90' lang='lat' dir='ltr'>mi</span> <span class='ocrx_word' id='word_1_36' title='bbox 651 431 959 479; x_wconf 87' lang='lat' dir='ltr'>raccomando.</span> <span class='ocrx_word' id='word_1_37' title='bbox 980 436 1044 478; x_wconf 89' lang='lat' dir='ltr'>Ex</span> <span class='ocrx_word' id='word_1_38' title='bbox 1062 431 1285 479; x_wconf 88' lang='lat' dir='ltr'>Florentia</span> <span class='ocrx_word' id='word_1_39' title='bbox 1302 431 1370 479; x_wconf 90' lang='lat' dir='ltr'>die</span> <span class='ocrx_word' id='word_1_40' title='bbox 1390 432 1451 478; x_wconf 92' lang='lat' dir='ltr'>iiii</span> <span class='ocrx_word' id='word_1_41' title='bbox 1467 431 1734 492; x_wconf 89' lang='lat' dir='ltr'>Septembris</span> <span class='ocrx_word' id='word_1_42' title='bbox 1757 436 1875 479; x_wconf 93' lang='lat'>1460.</span> <span class='ocrx_word' id='word_1_43' title='bbox 1895 434 1986 479; x_wconf 89' lang='lat' dir='ltr'>Ser-</span> 
     </span>
     <span class='ocr_line' id='line_1_5' title="bbox 164 500 920 549; baseline -0.003 0"><span class='ocrx_word' id='word_1_44' title='bbox 164 503 284 549; x_wconf 91' lang='lat' dir='ltr'>vitor</span> <span class='ocrx_word' id='word_1_45' title='bbox 305 501 645 549; x_wconf 88' lang='lat' dir='ltr'>Bartholomeus</span> <span class='ocrx_word' id='word_1_46' title='bbox 669 500 789 548; x_wconf 87' lang='lat' dir='ltr'>Scala</span> <span class='ocrx_word' id='word_1_47' title='bbox 808 515 920 548; x_wconf 90' lang='lat' dir='ltr'>tuus.</span> 
     </span>
    </p>
   </div>
   <div class='ocr_carea' id='block_1_3' title="bbox 428 643 1722 833">
    <p class='ocr_par' dir='ltr' id='par_1_3' title="bbox 428 643 1722 833">
     <span class='ocr_line' id='line_1_6' title="bbox 1053 643 1102 684; baseline 0.02 -1"><span class='ocrx_word' id='word_1_48' title='bbox 1053 643 1102 684; x_wconf 92' lang='lat'>10</span> 
     </span>
     <span class='ocr_line' id='line_1_7' title="bbox 428 713 1722 754; baseline -0.001 -1"><span class='ocrx_word' id='word_1_49' title='bbox 428 715 506 754; x_wconf 94' lang='lat' dir='ltr'>TO</span> <span class='ocrx_word' id='word_1_50' title='bbox 530 715 1012 754; x_wconf 85' lang='lat' dir='ltr'><strong>PIERFRANCESCO</strong></span> <span class='ocrx_word' id='word_1_51' title='bbox 1035 714 1125 752; x_wconf 91' lang='lat' dir='ltr'>DE’</span> <span class='ocrx_word' id='word_1_52' title='bbox 1147 714 1358 753; x_wconf 91' lang='lat' dir='ltr'>MEDICI</span> <span class='ocrx_word' id='word_1_53' title='bbox 1379 713 1452 752; x_wconf 81' lang='lat' dir='ltr'>AT</span> <span class='ocrx_word' id='word_1_54' title='bbox 1474 713 1722 752; x_wconf 91' lang='lat' dir='ltr'>TREBBIO</span> 
     </span>
     <span class='ocr_line' id='line_1_8' title="bbox 801 780 1346 833; baseline -0.002 -12"><span class='ocrx_word' id='word_1_55' title='bbox 801 781 1027 827; x_wconf 89' lang='lat' dir='ltr'>Florence,</span> <span class='ocrx_word' id='word_1_56' title='bbox 1049 785 1071 821; x_wconf 89' lang='lat'>5</span> <span class='ocrx_word' id='word_1_57' title='bbox 1093 780 1219 833; x_wconf 83' lang='lat' dir='ltr'>April</span> <span class='ocrx_word' id='word_1_58' title='bbox 1245 784 1346 821; x_wconf 87' lang='grc'>1461</span> 
     </span>
    </p>
   </div>
   <div class='ocr_carea' id='block_1_4' title="bbox 248 874 1899 1042">
    <p class='ocr_par' dir='ltr' id='par_1_4' title="bbox 248 874 1899 1042">
     <span class='ocr_line' id='line_1_9' title="bbox 248 874 1898 928; baseline -0.001 -12"><span class='ocrx_word' id='word_1_59' title='bbox 248 878 362 917; x_wconf 84' lang='grc' dir='ltr'>ΜΑΡ</span> <span class='ocrx_word' id='word_1_60' title='bbox 377 879 499 925; x_wconf 86' lang='grc'>2,477.</span> <span class='ocrx_word' id='word_1_61' title='bbox 516 875 702 928; x_wconf 90' lang='lat' dir='ltr'>Original.</span> <span class='ocrx_word' id='word_1_62' title='bbox 717 874 956 928; x_wconf 90' lang='lat' dir='ltr'>Autograph.</span> <span class='ocrx_word' id='word_1_63' title='bbox 973 874 1041 915; x_wconf 90' lang='lat' dir='ltr'>Ed.</span> <span class='ocrx_word' id='word_1_64' title='bbox 1058 874 1209 916; x_wconf 90' lang='lat' dir='ltr'>Gentile</span> <span class='ocrx_word' id='word_1_65' title='bbox 1225 874 1353 927; x_wconf 89' lang='lat' dir='ltr'><strong>(Gen),</strong></span> <span class='ocrx_word' id='word_1_66' title='bbox 1372 878 1451 923; x_wconf 90' lang='lat'>135,</span> <span class='ocrx_word' id='word_1_67' title='bbox 1466 874 1588 915; x_wconf 87' lang='lat' dir='ltr'>doc.3.</span> <span class='ocrx_word' id='word_1_68' title='bbox 1608 877 1725 915; x_wconf 83' lang='lat' dir='ltr'>Verso:</span> <span class='ocrx_word' id='word_1_69' title='bbox 1741 875 1898 927; x_wconf 86' lang='lat' dir='ltr'>‘Magni-</span> 
     </span>
     <span class='ocr_line' id='line_1_10' title="bbox 250 930 1899 984; baseline -0.001 -11"><span class='ocrx_word' id='word_1_70' title='bbox 250 933 325 974; x_wconf 86' lang='lat' dir='ltr'>fico</span> <span class='ocrx_word' id='word_1_71' title='bbox 347 934 443 974; x_wconf 90' lang='lat' dir='ltr'>Viro</span> <span class='ocrx_word' id='word_1_72' title='bbox 468 932 790 973; x_wconf 83' lang='lat' dir='ltr'>Pietrofrancesco</span> <span class='ocrx_word' id='word_1_73' title='bbox 814 932 1006 973; x_wconf 89' lang='lat' dir='ltr'>Laurentii</span> <span class='ocrx_word' id='word_1_74' title='bbox 1028 931 1123 972; x_wconf 91' lang='lat' dir='ltr'>Filio</span> <span class='ocrx_word' id='word_1_75' title='bbox 1149 931 1194 972; x_wconf 95' lang='lat' dir='ltr'>de</span> <span class='ocrx_word' id='word_1_76' title='bbox 1218 931 1376 972; x_wconf 84' lang='lat' dir='ltr'>Medicis</span> <span class='ocrx_word' id='word_1_77' title='bbox 1399 945 1579 984; x_wconf 85' lang='lat' dir='ltr'>tanquam</span> <span class='ocrx_word' id='word_1_78' title='bbox 1603 932 1701 984; x_wconf 87' lang='lat' dir='ltr'>patri</span> <span class='ocrx_word' id='word_1_79' title='bbox 1723 946 1824 972; x_wconf 92' lang='lat' dir='ltr'>meo.</span> <span class='ocrx_word' id='word_1_80' title='bbox 1847 930 1899 971; x_wconf 90' lang='lat' dir='ltr'>Al</span> 
     </span>
     <span class='ocr_line' id='line_1_11' title="bbox 250 988 1006 1042; baseline -0.001 -12"><span class='ocrx_word' id='word_1_81' title='bbox 250 989 419 1030; x_wconf 89' lang='lat' dir='ltr'>Trebbio</span> <span class='ocrx_word' id='word_1_82' title='bbox 440 990 479 1029; x_wconf 88' lang='lat' dir='ltr'>in</span> <span class='ocrx_word' id='word_1_83' title='bbox 498 988 695 1042; x_wconf 89' lang='lat' dir='ltr'>Mugello.&#39;</span> <span class='ocrx_word' id='word_1_84' title='bbox 717 988 830 1038; x_wconf 85' lang='lat' dir='ltr'>Scala,</span> <span class='ocrx_word' id='word_1_85' title='bbox 852 992 899 1030; x_wconf 89' lang='lat'>30</span> <span class='ocrx_word' id='word_1_86' title='bbox 917 991 1006 1038; x_wconf 88' lang='lat'><strong>[20].</strong></span> 
     </span>
    </p>
   </div>
   <div class='ocr_carea' id='block_1_5' title="bbox 160 1093 1983 2034">
    <p class='ocr_par' dir='ltr' id='par_1_5' title="bbox 160 1093 1983 2034">
     <span class='ocr_line' id='line_1_12' title="bbox 163 1093 1980 1156; baseline -0.002 -13"><span class='ocrx_word' id='word_1_87' title='bbox 163 1094 403 1156; x_wconf 82' lang='lat' dir='ltr'>Magnifice</span> <span class='ocrx_word' id='word_1_88' title='bbox 428 1096 519 1142; x_wconf 92' lang='lat' dir='ltr'>Vir.</span> <span class='ocrx_word' id='word_1_89' title='bbox 549 1099 602 1142; x_wconf 91' lang='lat' dir='ltr'>Et</span> <span class='ocrx_word' id='word_1_90' title='bbox 626 1112 707 1155; x_wconf 91' lang='lat' dir='ltr'>per</span> <span class='ocrx_word' id='word_1_91' title='bbox 729 1093 917 1142; x_wconf 83' lang='lat' dir='ltr'>l&#39;ufficio</span> <span class='ocrx_word' id='word_1_92' title='bbox 945 1095 1036 1141; x_wconf 94' lang='lat' dir='ltr'>mio</span> <span class='ocrx_word' id='word_1_93' title='bbox 1063 1109 1104 1141; x_wconf 93' lang='lat' dir='ltr'>et</span> <span class='ocrx_word' id='word_1_94' title='bbox 1126 1112 1206 1155; x_wconf 89' lang='lat' dir='ltr'>per</span> <span class='ocrx_word' id='word_1_95' title='bbox 1231 1093 1401 1141; x_wconf 91' lang='lat' dir='ltr'>honore</span> <span class='ocrx_word' id='word_1_96' title='bbox 1428 1108 1469 1141; x_wconf 90' lang='lat' dir='ltr'>et</span> <span class='ocrx_word' id='word_1_97' title='bbox 1492 1111 1572 1155; x_wconf 92' lang='lat' dir='ltr'>per</span> <span class='ocrx_word' id='word_1_98' title='bbox 1595 1093 1724 1141; x_wconf 91' lang='lat' dir='ltr'>molti</span> <span class='ocrx_word' id='word_1_99' title='bbox 1750 1094 1939 1155; x_wconf 88' lang='lat' dir='ltr'>rispecti,</span> <span class='ocrx_word' id='word_1_100' title='bbox 1967 1094 1980 1140; x_wconf 90' lang='lat' dir='ltr'>i</span> 
     </span>
     <span class='ocr_line' id='line_1_13' title="bbox 164 1161 1983 1225; baseline -0.001 -14"><span class='ocrx_word' id='word_1_101' title='bbox 164 1164 281 1225; x_wconf 89' lang='lat' dir='ltr'>quali</span> <span class='ocrx_word' id='word_1_102' title='bbox 304 1182 418 1211; x_wconf 92' lang='lat' dir='ltr'>sono</span> <span class='ocrx_word' id='word_1_103' title='bbox 443 1163 655 1224; x_wconf 88' lang='lat' dir='ltr'>superflui</span> <span class='ocrx_word' id='word_1_104' title='bbox 682 1162 889 1223; x_wconf 89' lang='lat' dir='ltr'>narrargli</span> <span class='ocrx_word' id='word_1_105' title='bbox 913 1181 936 1210; x_wconf 89' lang='lat' dir='ltr'>a</span> <span class='ocrx_word' id='word_1_106' title='bbox 959 1163 1047 1219; x_wconf 90' lang='lat' dir='ltr'>voi,</span> <span class='ocrx_word' id='word_1_107' title='bbox 1074 1163 1117 1210; x_wconf 92' lang='lat' dir='ltr'>io</span> <span class='ocrx_word' id='word_1_108' title='bbox 1142 1162 1396 1210; x_wconf 87' lang='lat' dir='ltr'>desideravo</span> <span class='ocrx_word' id='word_1_109' title='bbox 1419 1180 1555 1210; x_wconf 88' lang='lat' dir='ltr'>essere</span> <span class='ocrx_word' id='word_1_110' title='bbox 1581 1161 1860 1209; x_wconf 92' lang='lat' dir='ltr'>matricolato</span> <span class='ocrx_word' id='word_1_111' title='bbox 1883 1161 1983 1209; x_wconf 94' lang='lat' dir='ltr'>doc-</span> 
     </span>
     <span class='ocr_line' id='line_1_14' title="bbox 163 1230 1983 1292; baseline -0.002 -12"><span class='ocrx_word' id='word_1_112' title='bbox 163 1247 274 1280; x_wconf 87' lang='lat' dir='ltr'>tore.</span> <span class='ocrx_word' id='word_1_113' title='bbox 300 1237 428 1279; x_wconf 90' lang='lat' dir='ltr'>Hora</span> <span class='ocrx_word' id='word_1_114' title='bbox 454 1232 475 1279; x_wconf 82' lang='grc' dir='ltr'>ὲ</span> <span class='ocrx_word' id='word_1_115' title='bbox 499 1231 774 1279; x_wconf 90' lang='lat' dir='ltr'>Proconsolo</span> <span class='ocrx_word' id='word_1_116' title='bbox 802 1249 894 1279; x_wconf 91' lang='lat' dir='ltr'>uno</span> <span class='ocrx_word' id='word_1_117' title='bbox 920 1232 1012 1278; x_wconf 91' lang='lat' dir='ltr'>mio</span> <span class='ocrx_word' id='word_1_118' title='bbox 1037 1232 1336 1288; x_wconf 79' lang='lat' dir='ltr'>amicissimo‚²</span> <span class='ocrx_word' id='word_1_119' title='bbox 1359 1231 1438 1278; x_wconf 93' lang='lat' dir='ltr'>che</span> <span class='ocrx_word' id='word_1_120' title='bbox 1460 1230 1552 1292; x_wconf 79' lang='lat' dir='ltr'>puo</span> <span class='ocrx_word' id='word_1_121' title='bbox 1579 1230 1679 1278; x_wconf 92' lang='lat' dir='ltr'>dare</span> <span class='ocrx_word' id='word_1_122' title='bbox 1703 1230 1852 1278; x_wconf 86' lang='lat' dir='ltr'>favore</span> <span class='ocrx_word' id='word_1_123' title='bbox 1877 1231 1983 1278; x_wconf 85' lang='lat' dir='ltr'>assai</span> 
     </span>
     <span class='ocr_line' id='line_1_15' title="bbox 164 1299 1980 1362; baseline -0.001 -14"><span class='ocrx_word' id='word_1_124' title='bbox 164 1316 205 1348; x_wconf 93' lang='lat' dir='ltr'>et</span> <span class='ocrx_word' id='word_1_125' title='bbox 225 1300 532 1362; x_wconf 90' lang='lat' dir='ltr'>spetialmente</span> <span class='ocrx_word' id='word_1_126' title='bbox 553 1318 633 1362; x_wconf 87' lang='lat' dir='ltr'>per</span> <span class='ocrx_word' id='word_1_127' title='bbox 652 1300 896 1361; x_wconf 88' lang='lat' dir='ltr'>adaptarmi</span> <span class='ocrx_word' id='word_1_128' title='bbox 917 1299 957 1347; x_wconf 90' lang='lat' dir='ltr'>la</span> <span class='ocrx_word' id='word_1_129' title='bbox 976 1318 1110 1361; x_wconf 89' lang='lat' dir='ltr'>spesa,</span> <span class='ocrx_word' id='word_1_130' title='bbox 1135 1299 1214 1347; x_wconf 93' lang='lat' dir='ltr'>che</span> <span class='ocrx_word' id='word_1_131' title='bbox 1236 1318 1327 1347; x_wconf 92' lang='lat' dir='ltr'>non</span> <span class='ocrx_word' id='word_1_132' title='bbox 1348 1300 1513 1361; x_wconf 90' lang='lat' dir='ltr'>pagassi</span> <span class='ocrx_word' id='word_1_133' title='bbox 1535 1299 1653 1347; x_wconf 89' lang='lat' dir='ltr'>nulla</span> <span class='ocrx_word' id='word_1_134' title='bbox 1674 1317 1717 1347; x_wconf 91' lang='lat' dir='ltr'>se</span> <span class='ocrx_word' id='word_1_135' title='bbox 1737 1300 1772 1346; x_wconf 91' lang='lat' dir='ltr'>si</span> <span class='ocrx_word' id='word_1_136' title='bbox 1792 1313 1980 1360; x_wconf 88' lang='lat' dir='ltr'>potesse,</span> 
     </span>
     <span class='ocr_line' id='line_1_16' title="bbox 164 1368 1980 1431; baseline -0.001 -14"><span class='ocrx_word' id='word_1_137' title='bbox 164 1389 191 1417; x_wconf 97' lang='lat' dir='ltr'>o</span> <span class='ocrx_word' id='word_1_138' title='bbox 223 1388 266 1417; x_wconf 90' lang='lat' dir='ltr'>se</span> <span class='ocrx_word' id='word_1_139' title='bbox 296 1388 405 1431; x_wconf 91' lang='lat' dir='ltr'>pure</span> <span class='ocrx_word' id='word_1_140' title='bbox 440 1388 532 1416; x_wconf 90' lang='lat' dir='ltr'>non</span> <span class='ocrx_word' id='word_1_141' title='bbox 563 1370 597 1416; x_wconf 91' lang='lat' dir='ltr'>si</span> <span class='ocrx_word' id='word_1_142' title='bbox 628 1384 800 1430; x_wconf 89' lang='lat' dir='ltr'>potesse</span> <span class='ocrx_word' id='word_1_143' title='bbox 833 1368 922 1416; x_wconf 84' lang='lat' dir='ltr'>fare</span> <span class='ocrx_word' id='word_1_144' title='bbox 951 1387 1081 1416; x_wconf 86' lang='lat' dir='ltr'>senza</span> <span class='ocrx_word' id='word_1_145' title='bbox 1109 1370 1143 1416; x_wconf 93' lang='lat' dir='ltr'>si</span> <span class='ocrx_word' id='word_1_146' title='bbox 1174 1386 1361 1429; x_wconf 88' lang='lat' dir='ltr'>pagasse,</span> <span class='ocrx_word' id='word_1_147' title='bbox 1395 1368 1422 1415; x_wconf 93' lang='lat' dir='ltr'>il</span> <span class='ocrx_word' id='word_1_148' title='bbox 1454 1386 1588 1415; x_wconf 91' lang='lat' dir='ltr'>meno</span> <span class='ocrx_word' id='word_1_149' title='bbox 1621 1368 1700 1415; x_wconf 94' lang='lat' dir='ltr'>che</span> <span class='ocrx_word' id='word_1_150' title='bbox 1730 1369 1765 1416; x_wconf 91' lang='lat' dir='ltr'>si</span> <span class='ocrx_word' id='word_1_151' title='bbox 1794 1382 1980 1429; x_wconf 92' lang='lat' dir='ltr'>potesse.</span> 
     </span>
     <span class='ocr_line' id='line_1_17' title="bbox 163 1431 1982 1499; baseline -0.001 -14"><span class='ocrx_word' id='word_1_152' title='bbox 163 1443 332 1485; x_wconf 90' lang='lat' dir='ltr'>Honne</span> <span class='ocrx_word' id='word_1_153' title='bbox 354 1438 527 1499; x_wconf 90' lang='lat' dir='ltr'>parlato</span> <span class='ocrx_word' id='word_1_154' title='bbox 551 1456 637 1485; x_wconf 92' lang='lat' dir='ltr'>con</span> <span class='ocrx_word' id='word_1_155' title='bbox 660 1437 840 1498; x_wconf 88' lang='lat' dir='ltr'>Agnolo</span> <span class='ocrx_word' id='word_1_156' title='bbox 866 1437 978 1484; x_wconf 86' lang='lat' dir='ltr'>della</span> <span class='ocrx_word' id='word_1_157' title='bbox 996 1431 1152 1493; x_wconf 82' lang='lat' dir='ltr'>Stufa,b</span> <span class='ocrx_word' id='word_1_158' title='bbox 1176 1437 1255 1484; x_wconf 92' lang='lat' dir='ltr'>che</span> <span class='ocrx_word' id='word_1_159' title='bbox 1278 1438 1339 1483; x_wconf 92' lang='lat' dir='ltr'>mi</span> <span class='ocrx_word' id='word_1_160' title='bbox 1360 1455 1463 1498; x_wconf 89' lang='lat' dir='ltr'>pare</span> <span class='ocrx_word' id='word_1_161' title='bbox 1487 1436 1567 1484; x_wconf 89' lang='lat' dir='ltr'>che</span> <span class='ocrx_word' id='word_1_162' title='bbox 1589 1436 1821 1484; x_wconf 91' lang='lat' dir='ltr'>volentieri</span> <span class='ocrx_word' id='word_1_163' title='bbox 1843 1435 1982 1484; x_wconf 89' lang='lat' dir='ltr'>s&#39;ado—</span> 
     </span>
     <span class='ocr_line' id='line_1_18' title="bbox 161 1504 1980 1568; baseline -0.002 -15"><span class='ocrx_word' id='word_1_164' title='bbox 161 1507 257 1568; x_wconf 92' lang='lat' dir='ltr'>peri</span> <span class='ocrx_word' id='word_1_165' title='bbox 274 1510 344 1567; x_wconf 91' lang='lat' dir='ltr'>pe’</span> <span class='ocrx_word' id='word_1_166' title='bbox 365 1506 579 1553; x_wconf 88' lang='lat' dir='ltr'>servidori</span> <span class='ocrx_word' id='word_1_167' title='bbox 599 1506 643 1553; x_wconf 91' lang='lat' dir='ltr'>di</span> <span class='ocrx_word' id='word_1_168' title='bbox 663 1524 758 1553; x_wconf 90' lang='lat' dir='ltr'>casa</span> <span class='ocrx_word' id='word_1_169' title='bbox 774 1520 933 1553; x_wconf 85' lang='lat' dir='ltr'>vostra.</span> <span class='ocrx_word' id='word_1_170' title='bbox 953 1505 1150 1566; x_wconf 89' lang='lat' dir='ltr'>Veggolo</span> <span class='ocrx_word' id='word_1_171' title='bbox 1171 1505 1282 1552; x_wconf 93' lang='lat' dir='ltr'>bene</span> <span class='ocrx_word' id='word_1_172' title='bbox 1302 1505 1499 1566; x_wconf 91' lang='lat' dir='ltr'>disposto</span> <span class='ocrx_word' id='word_1_173' title='bbox 1519 1523 1543 1552; x_wconf 88' lang='lat' dir='ltr'>a</span> <span class='ocrx_word' id='word_1_174' title='bbox 1559 1504 1759 1565; x_wconf 90' lang='lat' dir='ltr'>parlarne</span> <span class='ocrx_word' id='word_1_175' title='bbox 1779 1518 1820 1552; x_wconf 93' lang='lat' dir='ltr'>et</span> <span class='ocrx_word' id='word_1_176' title='bbox 1838 1504 1980 1551; x_wconf 90' lang='lat' dir='ltr'>darmi</span> 
     </span>
     <span class='ocr_line' id='line_1_19' title="bbox 163 1572 1981 1634; baseline -0.001 -13"><span class='ocrx_word' id='word_1_177' title='bbox 163 1574 327 1622; x_wconf 84' lang='lat' dir='ltr'>favore.</span> <span class='ocrx_word' id='word_1_178' title='bbox 352 1578 464 1622; x_wconf 89' lang='lat' dir='ltr'>Pure</span> <span class='ocrx_word' id='word_1_179' title='bbox 489 1573 610 1621; x_wconf 77' lang='lat' dir='ltr'>accio</span> <span class='ocrx_word' id='word_1_180' title='bbox 632 1573 711 1621; x_wconf 90' lang='lat' dir='ltr'>che</span> <span class='ocrx_word' id='word_1_181' title='bbox 735 1573 892 1621; x_wconf 86' lang='lat' dir='ltr'>facesse</span> <span class='ocrx_word' id='word_1_182' title='bbox 911 1573 988 1634; x_wconf 67' lang='lat' dir='ltr'>pin</span> <span class='ocrx_word' id='word_1_183' title='bbox 1011 1573 1258 1630; x_wconf 90' lang='lat' dir='ltr'>volentieri,</span> <span class='ocrx_word' id='word_1_184' title='bbox 1281 1574 1426 1620; x_wconf 87' lang='lat' dir='ltr'>vorrei</span> <span class='ocrx_word' id='word_1_185' title='bbox 1450 1572 1493 1620; x_wconf 93' lang='lat' dir='ltr'>di</span> <span class='ocrx_word' id='word_1_186' title='bbox 1514 1573 1650 1633; x_wconf 87' lang='lat' dir='ltr'>gratia</span> <span class='ocrx_word' id='word_1_187' title='bbox 1669 1572 1726 1633; x_wconf 89' lang='lat' dir='ltr'>gli</span> <span class='ocrx_word' id='word_1_188' title='bbox 1749 1572 1899 1620; x_wconf 86' lang='lat' dir='ltr'>facessi</span> <span class='ocrx_word' id='word_1_189' title='bbox 1919 1590 1981 1620; x_wconf 92' lang='lat' dir='ltr'>un</span> 
     </span>
     <span class='ocr_line' id='line_1_20' title="bbox 162 1640 1980 1703; baseline -0.002 -12"><span class='ocrx_word' id='word_1_190' title='bbox 162 1661 291 1691; x_wconf 86' lang='lat' dir='ltr'>verso</span> <span class='ocrx_word' id='word_1_191' title='bbox 309 1658 350 1690; x_wconf 89' lang='lat' dir='ltr'>et</span> <span class='ocrx_word' id='word_1_192' title='bbox 369 1642 838 1699; x_wconf 83' lang='lat' dir='ltr'>raccomandassimeli3</span> <span class='ocrx_word' id='word_1_193' title='bbox 857 1657 899 1690; x_wconf 91' lang='lat' dir='ltr'>et</span> <span class='ocrx_word' id='word_1_194' title='bbox 916 1641 1203 1703; x_wconf 86' lang='lat' dir='ltr'>bisognando,</span> <span class='ocrx_word' id='word_1_195' title='bbox 1225 1641 1304 1689; x_wconf 93' lang='lat' dir='ltr'>che</span> <span class='ocrx_word' id='word_1_196' title='bbox 1322 1660 1414 1689; x_wconf 92' lang='lat' dir='ltr'>non</span> <span class='ocrx_word' id='word_1_197' title='bbox 1433 1642 1472 1689; x_wconf 92' lang='lat' dir='ltr'>ci</span> <span class='ocrx_word' id='word_1_198' title='bbox 1489 1641 1671 1689; x_wconf 89' lang='lat' dir='ltr'>essendo</span> <span class='ocrx_word' id='word_1_199' title='bbox 1688 1642 1777 1698; x_wconf 88' lang='lat' dir='ltr'>voi,</span> <span class='ocrx_word' id='word_1_200' title='bbox 1793 1640 1980 1702; x_wconf 88' lang='lat' dir='ltr'>parlasse</span> 
     </span>
     <span class='ocr_line' id='line_1_21' title="bbox 160 1709 1979 1773; baseline -0.001 -14"><span class='ocrx_word' id='word_1_201' title='bbox 160 1731 242 1773; x_wconf 90' lang='lat' dir='ltr'>per</span> <span class='ocrx_word' id='word_1_202' title='bbox 259 1726 408 1759; x_wconf 91' lang='lat' dir='ltr'>vostra</span> <span class='ocrx_word' id='word_1_203' title='bbox 426 1726 550 1773; x_wconf 92' lang='lat' dir='ltr'>parte</span> <span class='ocrx_word' id='word_1_204' title='bbox 571 1730 594 1759; x_wconf 94' lang='lat' dir='ltr'>a</span> <span class='ocrx_word' id='word_1_205' title='bbox 614 1711 685 1759; x_wconf 92' lang='lat' dir='ltr'>chi</span> <span class='ocrx_word' id='word_1_206' title='bbox 705 1711 964 1772; x_wconf 88' lang='lat' dir='ltr'>bisognasse.</span> <span class='ocrx_word' id='word_1_207' title='bbox 990 1715 1044 1758; x_wconf 89' lang='lat' dir='ltr'>Et</span> <span class='ocrx_word' id='word_1_208' title='bbox 1064 1710 1128 1758; x_wconf 83' lang='lat' dir='ltr'>lui·</span> <span class='ocrx_word' id='word_1_209' title='bbox 1146 1729 1227 1758; x_wconf 92' lang='lat' dir='ltr'>son</span> <span class='ocrx_word' id='word_1_210' title='bbox 1249 1725 1371 1758; x_wconf 91' lang='lat' dir='ltr'>certo</span> <span class='ocrx_word' id='word_1_211' title='bbox 1390 1709 1481 1758; x_wconf 72' lang='lat' dir='ltr'>fara</span> <span class='ocrx_word' id='word_1_212' title='bbox 1498 1710 1743 1758; x_wconf 90' lang='lat' dir='ltr'>volentieri.</span> <span class='ocrx_word' id='word_1_213' title='bbox 1767 1713 1938 1770; x_wconf 88' lang='lat' dir='ltr'>Questa</span> <span class='ocrx_word' id='word_1_214' title='bbox 1957 1709 1979 1757; x_wconf 85' lang='grc' dir='ltr'>ὲ</span> 
     </span>
     <span class='ocr_line' id='line_1_22' title="bbox 163 1778 1980 1841; baseline -0.002 -13"><span class='ocrx_word' id='word_1_215' title='bbox 163 1799 264 1828; x_wconf 87' lang='lat' dir='ltr'>cosa</span> <span class='ocrx_word' id='word_1_216' title='bbox 285 1780 559 1828; x_wconf 86' lang='lat' dir='ltr'>honorevole</span> <span class='ocrx_word' id='word_1_217' title='bbox 582 1795 624 1828; x_wconf 88' lang='lat' dir='ltr'>et</span> <span class='ocrx_word' id='word_1_218' title='bbox 645 1781 689 1827; x_wconf 91' lang='lat' dir='ltr'>io</span> <span class='ocrx_word' id='word_1_219' title='bbox 712 1798 765 1827; x_wconf 92' lang='lat' dir='ltr'>ne</span> <span class='ocrx_word' id='word_1_220' title='bbox 787 1779 833 1827; x_wconf 87' lang='lat' dir='ltr'>fo</span> <span class='ocrx_word' id='word_1_221' title='bbox 852 1798 958 1841; x_wconf 90' lang='lat' dir='ltr'>gran</span> <span class='ocrx_word' id='word_1_222' title='bbox 978 1794 1126 1827; x_wconf 92' lang='lat' dir='ltr'>conto.</span> <span class='ocrx_word' id='word_1_223' title='bbox 1150 1784 1203 1827; x_wconf 89' lang='lat' dir='ltr'>Et</span> <span class='ocrx_word' id='word_1_224' title='bbox 1225 1798 1248 1827; x_wconf 89' lang='lat' dir='ltr'>a</span> <span class='ocrx_word' id='word_1_225' title='bbox 1267 1780 1341 1827; x_wconf 93' lang='lat' dir='ltr'>voi</span> <span class='ocrx_word' id='word_1_226' title='bbox 1362 1794 1529 1841; x_wconf 89' lang='lat' dir='ltr'>quanto</span> <span class='ocrx_word' id='word_1_227' title='bbox 1549 1782 1586 1826; x_wconf 90' lang='lat' dir='ltr'>e’</span> <span class='ocrx_word' id='word_1_228' title='bbox 1607 1778 1821 1826; x_wconf 91' lang='lat' dir='ltr'>servidori</span> <span class='ocrx_word' id='word_1_229' title='bbox 1841 1779 1980 1826; x_wconf 90' lang='lat' dir='ltr'>vostri</span> 
     </span>
     <span class='ocr_line' id='line_1_23' title="bbox 161 1846 1978 1910; baseline -0.001 -13"><span class='ocrx_word' id='word_1_230' title='bbox 161 1868 351 1897; x_wconf 91' lang='lat' dir='ltr'>saranno</span> <span class='ocrx_word' id='word_1_231' title='bbox 371 1849 449 1910; x_wconf 65' lang='lat' dir='ltr'>pisi</span> <span class='ocrx_word' id='word_1_232' title='bbox 472 1850 661 1905; x_wconf 89' lang='lat' dir='ltr'>onorati‚</span> <span class='ocrx_word' id='word_1_233' title='bbox 684 1863 811 1896; x_wconf 90' lang='lat' dir='ltr'>tanto</span> <span class='ocrx_word' id='word_1_234' title='bbox 829 1848 906 1909; x_wconf 68' lang='lat' dir='ltr'>pisi</span> <span class='ocrx_word' id='word_1_235' title='bbox 928 1848 1030 1896; x_wconf 87' lang='lat' dir='ltr'>loda</span> <span class='ocrx_word' id='word_1_236' title='bbox 1048 1866 1101 1896; x_wconf 88' lang='lat' dir='ltr'>ve</span> <span class='ocrx_word' id='word_1_237' title='bbox 1123 1866 1176 1895; x_wconf 90' lang='lat' dir='ltr'>ne</span> <span class='ocrx_word' id='word_1_238' title='bbox 1198 1847 1406 1896; x_wconf 76' lang='lat' dir='ltr'>risultera.</span> <span class='ocrx_word' id='word_1_239' title='bbox 1429 1852 1470 1894; x_wconf 90' lang='lat' dir='ltr'><strong>A</strong></span> <span class='ocrx_word' id='word_1_240' title='bbox 1490 1848 1565 1895; x_wconf 88' lang='lat' dir='ltr'>voi</span> <span class='ocrx_word' id='word_1_241' title='bbox 1587 1848 1649 1894; x_wconf 89' lang='lat' dir='ltr'>mi</span> <span class='ocrx_word' id='word_1_242' title='bbox 1670 1846 1978 1895; x_wconf 89' lang='lat' dir='ltr'>raccomando.</span> 
     </span>
     <span class='ocr_line' id='line_1_24' title="bbox 162 1915 1982 1979; baseline -0.002 -14"><span class='ocrx_word' id='word_1_243' title='bbox 162 1923 215 1965; x_wconf 88' lang='lat' dir='ltr'>Et</span> <span class='ocrx_word' id='word_1_244' title='bbox 234 1919 378 1979; x_wconf 90' lang='lat' dir='ltr'>parmi</span> <span class='ocrx_word' id='word_1_245' title='bbox 400 1917 518 1965; x_wconf 90' lang='lat' dir='ltr'>mille</span> <span class='ocrx_word' id='word_1_246' title='bbox 542 1918 645 1965; x_wconf 88' lang='lat' dir='ltr'>anni</span> <span class='ocrx_word' id='word_1_247' title='bbox 667 1917 694 1963; x_wconf 94' lang='lat' dir='ltr'>il</span> <span class='ocrx_word' id='word_1_248' title='bbox 715 1917 943 1964; x_wconf 89' lang='lat' dir='ltr'>rivedervi.</span> <span class='ocrx_word' id='word_1_249' title='bbox 964 1921 1027 1963; x_wconf 88' lang='lat' dir='ltr'>Ex</span> <span class='ocrx_word' id='word_1_250' title='bbox 1047 1916 1270 1964; x_wconf 88' lang='lat' dir='ltr'>Florentia</span> <span class='ocrx_word' id='word_1_251' title='bbox 1290 1916 1358 1964; x_wconf 92' lang='lat' dir='ltr'>die</span> <span class='ocrx_word' id='word_1_252' title='bbox 1378 1936 1407 1963; x_wconf 94' lang='lat' dir='ltr'>v</span> <span class='ocrx_word' id='word_1_253' title='bbox 1424 1915 1588 1977; x_wconf 86' lang='lat' dir='ltr'>Aprilis</span> <span class='ocrx_word' id='word_1_254' title='bbox 1614 1921 1731 1963; x_wconf 91' lang='lat'>1461.</span> <span class='ocrx_word' id='word_1_255' title='bbox 1754 1915 1982 1963; x_wconf 86' lang='lat' dir='ltr'>Bartholo-</span> 
     </span>
     <span class='ocr_line' id='line_1_25' title="bbox 163 1986 603 2034; baseline -0.002 0"><span class='ocrx_word' id='word_1_256' title='bbox 163 2005 286 2034; x_wconf 91' lang='lat' dir='ltr'>meus</span> <span class='ocrx_word' id='word_1_257' title='bbox 309 1986 430 2033; x_wconf 89' lang='lat' dir='ltr'>Scala</span> <span class='ocrx_word' id='word_1_258' title='bbox 449 2001 603 2033; x_wconf 90' lang='lat' dir='ltr'>vester.</span> 
     </span>
    </p>
   </div>
   <div class='ocr_carea' id='block_1_6' title="bbox 608 2128 1536 2312">
    <p class='ocr_par' dir='ltr' id='par_1_6' title="bbox 608 2128 1536 2312">
     <span class='ocr_line' id='line_1_26' title="bbox 1050 2128 1096 2168; baseline 0 0"><span class='ocrx_word' id='word_1_259' title='bbox 1050 2128 1096 2168; x_wconf 89' lang='lat'>11</span> 
     </span>
     <span class='ocr_line' id='line_1_27' title="bbox 608 2198 1536 2238; baseline -0.001 -1"><span class='ocrx_word' id='word_1_260' title='bbox 608 2198 686 2238; x_wconf 92' lang='lat' dir='ltr'>TO</span> <span class='ocrx_word' id='word_1_261' title='bbox 710 2199 1190 2238; x_wconf 86' lang='lat' dir='ltr'><strong>PIERFRANCESCO</strong></span> <span class='ocrx_word' id='word_1_262' title='bbox 1213 2199 1303 2236; x_wconf 91' lang='lat' dir='ltr'>DE’</span> <span class='ocrx_word' id='word_1_263' title='bbox 1325 2198 1536 2237; x_wconf 90' lang='lat' dir='ltr'>MEDICI</span> 
     </span>
     <span class='ocr_line' id='line_1_28' title="bbox 722 2265 1422 2312; baseline -0.001 -7"><span class='ocrx_word' id='word_1_264' title='bbox 722 2265 947 2312; x_wconf 89' lang='lat' dir='ltr'>Florence,</span> <span class='ocrx_word' id='word_1_265' title='bbox 972 2269 1020 2306; x_wconf 88' lang='lat'>18</span> <span class='ocrx_word' id='word_1_266' title='bbox 1042 2265 1296 2306; x_wconf 87' lang='lat' dir='ltr'>November</span> <span class='ocrx_word' id='word_1_267' title='bbox 1321 2268 1422 2305; x_wconf 87' lang='grc'>1461</span> 
     </span>
    </p>
   </div>
   <div class='ocr_carea' id='block_1_7' title="bbox 246 2357 1895 2469">
    <p class='ocr_par' dir='ltr' id='par_1_7' title="bbox 246 2357 1895 2469">
     <span class='ocr_line' id='line_1_29' title="bbox 246 2357 1895 2412; baseline -0.002 -12"><span class='ocrx_word' id='word_1_268' title='bbox 246 2362 360 2400; x_wconf 89' lang='grc' dir='ltr'>ΜΑΡ</span> <span class='ocrx_word' id='word_1_269' title='bbox 379 2363 499 2408; x_wconf 85' lang='lat'>5‚752.</span> <span class='ocrx_word' id='word_1_270' title='bbox 519 2359 705 2412; x_wconf 86' lang='lat' dir='ltr'>Original.</span> <span class='ocrx_word' id='word_1_271' title='bbox 722 2359 960 2412; x_wconf 88' lang='lat' dir='ltr'>Autograph.</span> <span class='ocrx_word' id='word_1_272' title='bbox 980 2359 1048 2400; x_wconf 89' lang='lat' dir='ltr'>Ed.</span> <span class='ocrx_word' id='word_1_273' title='bbox 1067 2361 1166 2408; x_wconf 89' lang='lat' dir='ltr'>Gen,</span> <span class='ocrx_word' id='word_1_274' title='bbox 1188 2362 1266 2407; x_wconf 86' lang='lat'>135,</span> <span class='ocrx_word' id='word_1_275' title='bbox 1283 2358 1404 2399; x_wconf 89' lang='lat' dir='ltr'>doc.4.</span> <span class='ocrx_word' id='word_1_276' title='bbox 1428 2361 1544 2399; x_wconf 83' lang='lat' dir='ltr'>Verso:</span> <span class='ocrx_word' id='word_1_277' title='bbox 1563 2357 1782 2411; x_wconf 84' lang='lat' dir='ltr'>‘Magnifico</span> <span class='ocrx_word' id='word_1_278' title='bbox 1799 2358 1895 2398; x_wconf 88' lang='lat' dir='ltr'>Viro</span> 
     </span>
     <span class='ocr_line' id='line_1_30' title="bbox 248 2414 1800 2469; baseline -0.002 -12"><span class='ocrx_word' id='word_1_279' title='bbox 248 2419 360 2457; x_wconf 86' lang='lat' dir='ltr'>Petro</span> <span class='ocrx_word' id='word_1_280' title='bbox 381 2417 580 2457; x_wconf 84' lang='lat' dir='ltr'>Francisco</span> <span class='ocrx_word' id='word_1_281' title='bbox 603 2417 795 2457; x_wconf 86' lang='lat' dir='ltr'>Laurentii</span> <span class='ocrx_word' id='word_1_282' title='bbox 814 2415 860 2456; x_wconf 94' lang='lat' dir='ltr'>de</span> <span class='ocrx_word' id='word_1_283' title='bbox 879 2415 1037 2457; x_wconf 86' lang='lat' dir='ltr'>Medicis</span> <span class='ocrx_word' id='word_1_284' title='bbox 1058 2429 1237 2469; x_wconf 89' lang='lat' dir='ltr'>tanquam</span> <span class='ocrx_word' id='word_1_285' title='bbox 1258 2416 1356 2468; x_wconf 90' lang='lat' dir='ltr'>patri</span> <span class='ocrx_word' id='word_1_286' title='bbox 1375 2430 1462 2456; x_wconf 91' lang='lat' dir='ltr'>meo</span> <span class='ocrx_word' id='word_1_287' title='bbox 1482 2414 1800 2467; x_wconf 84' lang='lat' dir='ltr'>singularissimo.’</span> 
     </span>
    </p>
   </div>
   <div class='ocr_carea' id='block_1_8' title="bbox 162 2518 1981 2651">
    <p class='ocr_par' dir='ltr' id='par_1_8' title="bbox 162 2518 1981 2651">
     <span class='ocr_line' id='line_1_31' title="bbox 162 2518 1981 2583; baseline -0.002 -14"><span class='ocrx_word' id='word_1_288' title='bbox 162 2521 402 2583; x_wconf 83' lang='lat' dir='ltr'>Magnifice</span> <span class='ocrx_word' id='word_1_289' title='bbox 423 2522 515 2569; x_wconf 88' lang='lat' dir='ltr'>Vir.</span> <span class='ocrx_word' id='word_1_290' title='bbox 542 2526 589 2569; x_wconf 94' lang='lat' dir='ltr'>Io</span> <span class='ocrx_word' id='word_1_291' title='bbox 613 2539 706 2568; x_wconf 92' lang='lat' dir='ltr'>non</span> <span class='ocrx_word' id='word_1_292' title='bbox 728 2522 771 2568; x_wconf 88' lang='lat' dir='ltr'>vi</span> <span class='ocrx_word' id='word_1_293' title='bbox 793 2522 937 2568; x_wconf 89' lang='lat' dir='ltr'>scrivo</span> <span class='ocrx_word' id='word_1_294' title='bbox 958 2520 1118 2582; x_wconf 76' lang='lat' dir='ltr'>perche</span> <span class='ocrx_word' id='word_1_295' title='bbox 1142 2539 1233 2568; x_wconf 92' lang='lat' dir='ltr'>non</span> <span class='ocrx_word' id='word_1_296' title='bbox 1258 2520 1321 2568; x_wconf 78' lang='lat' dir='ltr'>c&#39;e</span> <span class='ocrx_word' id='word_1_297' title='bbox 1344 2520 1387 2568; x_wconf 92' lang='lat' dir='ltr'>di</span> <span class='ocrx_word' id='word_1_298' title='bbox 1411 2538 1562 2567; x_wconf 85' lang='lat' dir='ltr'>nuovo</span> <span class='ocrx_word' id='word_1_299' title='bbox 1587 2538 1686 2567; x_wconf 94' lang='lat' dir='ltr'>cosa</span> <span class='ocrx_word' id='word_1_300' title='bbox 1707 2519 1846 2580; x_wconf 89' lang='lat' dir='ltr'>degna</span> <span class='ocrx_word' id='word_1_301' title='bbox 1868 2518 1981 2566; x_wconf 92' lang='lat' dir='ltr'>della</span> 
     </span>
     <span class='ocr_line' id='line_1_32' title="bbox 162 2587 1976 2651; baseline -0.002 -13"><span class='ocrx_word' id='word_1_302' title='bbox 162 2590 498 2651; x_wconf 82' lang='lat' dir='ltr'>Magnificentia</span> <span class='ocrx_word' id='word_1_303' title='bbox 514 2595 687 2638; x_wconf 86' lang='lat' dir='ltr'>Vostra.</span> <span class='ocrx_word' id='word_1_304' title='bbox 709 2590 813 2637; x_wconf 91' lang='lat' dir='ltr'>Solo</span> <span class='ocrx_word' id='word_1_305' title='bbox 834 2593 1078 2637; x_wconf 88' lang='lat' dir='ltr'>m&#39;occorre</span> <span class='ocrx_word' id='word_1_306' title='bbox 1100 2589 1339 2637; x_wconf 88' lang='lat' dir='ltr'>ricordarvi</span> <span class='ocrx_word' id='word_1_307' title='bbox 1358 2589 1437 2637; x_wconf 93' lang='lat' dir='ltr'>che</span> <span class='ocrx_word' id='word_1_308' title='bbox 1457 2589 1533 2636; x_wconf 94' lang='lat' dir='ltr'>noi</span> <span class='ocrx_word' id='word_1_309' title='bbox 1553 2588 1842 2636; x_wconf 89' lang='lat' dir='ltr'>desideriamo</span> <span class='ocrx_word' id='word_1_310' title='bbox 1861 2587 1906 2635; x_wconf 92' lang='lat' dir='ltr'>di</span> <span class='ocrx_word' id='word_1_311' title='bbox 1924 2588 1976 2634; x_wconf 92' lang='lat' dir='ltr'>ri-</span> 
     </span>
    </p>
   </div>
   <div class='ocr_carea' id='block_1_9' title="bbox 162 2796 1977 3230">
    <p class='ocr_par' dir='ltr' id='par_1_9' title="bbox 243 2796 1348 2846">
     <span class='ocr_line' id='line_1_33' title="bbox 243 2796 1348 2846; baseline -0.002 -11"><span class='ocrx_word' id='word_1_312' title='bbox 243 2803 255 2816; x_wconf 62' lang='lat' dir='ltr'>e</span> <span class='ocrx_word' id='word_1_313' title='bbox 275 2799 435 2835; x_wconf 89' lang='lat' dir='ltr'>Ginevra</span> <span class='ocrx_word' id='word_1_314' title='bbox 449 2797 543 2846; x_wconf 87' lang='lat' dir='ltr'>degli</span> <span class='ocrx_word' id='word_1_315' title='bbox 561 2797 777 2841; x_wconf 82' lang='lat' dir='ltr'>Alessandri,</span> <span class='ocrx_word' id='word_1_316' title='bbox 799 2798 984 2835; x_wconf 90' lang='lat' dir='ltr'>Giovanni</span> <span class='ocrx_word' id='word_1_317' title='bbox 999 2796 1055 2834; x_wconf 89' lang='lat' dir='ltr'>de‘</span> <span class='ocrx_word' id='word_1_318' title='bbox 1074 2796 1236 2834; x_wconf 90' lang='lat' dir='ltr'>Medici’s</span> <span class='ocrx_word' id='word_1_319' title='bbox 1255 2796 1348 2834; x_wconf 83' lang='lat' dir='ltr'>wife.</span> 
     </span>
    </p>

    <p class='ocr_par' dir='ltr' id='par_1_10' title="bbox 163 2850 1977 3009">
     <span class='ocr_line' id='line_1_34' title="bbox 242 2850 1976 2904; baseline -0.001 -11"><span class='ocrx_word' id='word_1_320' title='bbox 242 2850 254 2876; x_wconf 71' lang='lat' dir='ltr'><strong>f</strong></span> <span class='ocrx_word' id='word_1_321' title='bbox 265 2859 299 2893; x_wconf 95' lang='lat' dir='ltr'><strong>A</strong></span> <span class='ocrx_word' id='word_1_322' title='bbox 314 2856 425 2894; x_wconf 89' lang='lat' dir='ltr'>home</span> <span class='ocrx_word' id='word_1_323' title='bbox 438 2855 498 2894; x_wconf 84' lang='lat' dir='ltr'>for</span> <span class='ocrx_word' id='word_1_324' title='bbox 510 2855 697 2894; x_wconf 85' lang='lat' dir='ltr'>distressed</span> <span class='ocrx_word' id='word_1_325' title='bbox 713 2855 978 2904; x_wconf 88' lang='lat' dir='ltr'>gentlewomen</span> <span class='ocrx_word' id='word_1_326' title='bbox 991 2857 1031 2893; x_wconf 85' lang='lat' dir='ltr'>in</span> <span class='ocrx_word' id='word_1_327' title='bbox 1044 2856 1111 2893; x_wconf 83' lang='lat' dir='ltr'>Via</span> <span class='ocrx_word' id='word_1_328' title='bbox 1124 2854 1216 2893; x_wconf 86' lang='lat' dir='ltr'>della</span> <span class='ocrx_word' id='word_1_329' title='bbox 1230 2854 1385 2903; x_wconf 87' lang='lat' dir='ltr'>Pergola,</span> <span class='ocrx_word' id='word_1_330' title='bbox 1399 2853 1589 2903; x_wconf 88' lang='lat' dir='ltr'>originally</span> <span class='ocrx_word' id='word_1_331' title='bbox 1600 2853 1763 2892; x_wconf 82' lang='lat' dir='ltr'>founded</span> <span class='ocrx_word' id='word_1_332' title='bbox 1776 2853 1826 2902; x_wconf 90' lang='lat' dir='ltr'>by</span> <span class='ocrx_word' id='word_1_333' title='bbox 1839 2852 1902 2891; x_wconf 89' lang='lat' dir='ltr'>the</span> <span class='ocrx_word' id='word_1_334' title='bbox 1915 2852 1976 2890; x_wconf 88' lang='lat' dir='ltr'>Al-</span> 
     </span>
     <span class='ocr_line' id='line_1_35' title="bbox 163 2906 1977 2957; baseline -0.002 -11"><span class='ocrx_word' id='word_1_335' title='bbox 163 2909 257 2946; x_wconf 89' lang='lat' dir='ltr'>berti</span> <span class='ocrx_word' id='word_1_336' title='bbox 280 2908 418 2957; x_wconf 85' lang='lat' dir='ltr'>family,</span> <span class='ocrx_word' id='word_1_337' title='bbox 447 2908 620 2953; x_wconf 90' lang='lat' dir='ltr'>G.Richa‚</span> <span class='ocrx_word' id='word_1_338' title='bbox 646 2911 783 2946; x_wconf 78' lang='lat' dir='ltr'>Notizie</span> <span class='ocrx_word' id='word_1_339' title='bbox 810 2908 961 2946; x_wconf 76' lang='lat' dir='ltr'>istoriche</span> <span class='ocrx_word' id='word_1_340' title='bbox 986 2907 1073 2946; x_wconf 87' lang='lat' dir='ltr'>delle</span> <span class='ocrx_word' id='word_1_341' title='bbox 1094 2907 1196 2946; x_wconf 88' lang='lat' dir='ltr'>chiese</span> <span class='ocrx_word' id='word_1_342' title='bbox 1214 2907 1414 2956; x_wconf 80' lang='lat' dir='ltr'>florentine,</span> <span class='ocrx_word' id='word_1_343' title='bbox 1442 2910 1466 2951; x_wconf 94' lang='lat' dir='ltr'>I,</span> <span class='ocrx_word' id='word_1_344' title='bbox 1493 2906 1674 2950; x_wconf 90' lang='lat' dir='ltr'>Florence,</span> <span class='ocrx_word' id='word_1_345' title='bbox 1704 2909 1802 2950; x_wconf 88' lang='lat'>1754,</span> <span class='ocrx_word' id='word_1_346' title='bbox 1830 2908 1977 2950; x_wconf 84' lang='lat'>292-99;</span> 
     </span>
     <span class='ocr_line' id='line_1_36' title="bbox 163 2959 1386 3009; baseline -0.002 -11"><span class='ocrx_word' id='word_1_347' title='bbox 163 2965 310 3005; x_wconf 83' lang='lat' dir='ltr'>Brown,</span> <span class='ocrx_word' id='word_1_348' title='bbox 329 2961 419 2998; x_wconf 87' lang='lat' dir='ltr'>‘The</span> <span class='ocrx_word' id='word_1_349' title='bbox 439 2960 551 2999; x_wconf 86' lang='lat' dir='ltr'>Guelf</span> <span class='ocrx_word' id='word_1_350' title='bbox 567 2963 698 3009; x_wconf 83' lang='lat' dir='ltr'>Party,&#39;</span> <span class='ocrx_word' id='word_1_351' title='bbox 719 2964 760 2998; x_wconf 90' lang='lat'>65</span> <span class='ocrx_word' id='word_1_352' title='bbox 778 2964 823 3006; x_wconf 93' lang='grc'>[-</span> <span class='ocrx_word' id='word_1_353' title='bbox 846 2960 969 2998; x_wconf 84' lang='lat' dir='ltr'>Medici</span> <span class='ocrx_word' id='word_1_354' title='bbox 989 2963 1025 2998; x_wconf 88' lang='lat' dir='ltr'>z&#39;n</span> <span class='ocrx_word' id='word_1_355' title='bbox 1043 2959 1209 3004; x_wconf 84' lang='lat' dir='ltr'>Florence,</span> <span class='ocrx_word' id='word_1_356' title='bbox 1230 2962 1386 3005; x_wconf 83' lang='lat' dir='ltr'>127-28J.</span> 
     </span>
    </p>

    <p class='ocr_par' dir='ltr' id='par_1_11' title="bbox 162 3014 1975 3120">
     <span class='ocr_line' id='line_1_37' title="bbox 244 3014 1975 3067; baseline -0.003 -10"><span class='ocrx_word' id='word_1_357' title='bbox 244 3025 256 3039; x_wconf 80' lang='lat'>²</span> <span class='ocrx_word' id='word_1_358' title='bbox 276 3022 338 3057; x_wconf 91' lang='lat' dir='ltr'>Ser</span> <span class='ocrx_word' id='word_1_359' title='bbox 358 3019 467 3057; x_wconf 89' lang='lat' dir='ltr'>Paolo</span> <span class='ocrx_word' id='word_1_360' title='bbox 489 3020 686 3063; x_wconf 87' lang='lat' dir='ltr'>Benivieni,</span> <span class='ocrx_word' id='word_1_361' title='bbox 704 3018 901 3067; x_wconf 87' lang='lat' dir='ltr'>proconsul</span> <span class='ocrx_word' id='word_1_362' title='bbox 920 3018 961 3056; x_wconf 87' lang='lat' dir='ltr'>of</span> <span class='ocrx_word' id='word_1_363' title='bbox 978 3018 1041 3056; x_wconf 92' lang='lat' dir='ltr'>the</span> <span class='ocrx_word' id='word_1_364' title='bbox 1061 3018 1174 3056; x_wconf 90' lang='lat' dir='ltr'>Guild</span> <span class='ocrx_word' id='word_1_365' title='bbox 1191 3017 1232 3055; x_wconf 88' lang='lat' dir='ltr'>of</span> <span class='ocrx_word' id='word_1_366' title='bbox 1249 3021 1413 3066; x_wconf 84' lang='lat' dir='ltr'>Lawyers</span> <span class='ocrx_word' id='word_1_367' title='bbox 1433 3017 1503 3055; x_wconf 88' lang='lat' dir='ltr'>and</span> <span class='ocrx_word' id='word_1_368' title='bbox 1521 3018 1690 3054; x_wconf 88' lang='lat' dir='ltr'>Notaries</span> <span class='ocrx_word' id='word_1_369' title='bbox 1708 3015 1768 3054; x_wconf 86' lang='lat' dir='ltr'>for</span> <span class='ocrx_word' id='word_1_370' title='bbox 1785 3020 1807 3053; x_wconf 87' lang='lat'>4</span> <span class='ocrx_word' id='word_1_371' title='bbox 1824 3014 1975 3053; x_wconf 86' lang='lat' dir='ltr'>months</span> 
     </span>
     <span class='ocr_line' id='line_1_38' title="bbox 162 3069 1233 3120; baseline -0.002 -12"><span class='ocrx_word' id='word_1_372' title='bbox 162 3071 260 3109; x_wconf 88' lang='lat' dir='ltr'>from</span> <span class='ocrx_word' id='word_1_373' title='bbox 283 3075 297 3108; x_wconf 95' lang='lat'>1</span> <span class='ocrx_word' id='word_1_374' title='bbox 319 3071 425 3120; x_wconf 86' lang='lat' dir='ltr'>April</span> <span class='ocrx_word' id='word_1_375' title='bbox 445 3075 543 3115; x_wconf 90' lang='lat'>1461,</span> <span class='ocrx_word' id='word_1_376' title='bbox 563 3073 650 3108; x_wconf 86' lang='lat' dir='ltr'>ASF</span> <span class='ocrx_word' id='word_1_377' title='bbox 669 3070 815 3108; x_wconf 92' lang='lat' dir='ltr'>Giudici</span> <span class='ocrx_word' id='word_1_378' title='bbox 832 3085 850 3108; x_wconf 91' lang='lat' dir='ltr'>e</span> <span class='ocrx_word' id='word_1_379' title='bbox 867 3071 982 3108; x_wconf 89' lang='lat' dir='ltr'>Notai</span> <span class='ocrx_word' id='word_1_380' title='bbox 1003 3073 1077 3114; x_wconf 91' lang='lat'>181,</span> <span class='ocrx_word' id='word_1_381' title='bbox 1095 3069 1158 3107; x_wconf 88' lang='lat' dir='ltr'>fol.</span> <span class='ocrx_word' id='word_1_382' title='bbox 1181 3073 1233 3107; x_wconf 89' lang='lat' dir='ltr'>1v.</span> 
     </span>
    </p>

    <p class='ocr_par' dir='ltr' id='par_1_12' title="bbox 162 3125 1975 3230">
     <span class='ocr_line' id='line_1_39' title="bbox 243 3125 1975 3179; baseline -0.003 -11"><span class='ocrx_word' id='word_1_383' title='bbox 243 3125 259 3150; x_wconf 73' lang='lat'>¹³</span> <span class='ocrx_word' id='word_1_384' title='bbox 274 3133 340 3168; x_wconf 90' lang='lat' dir='ltr'>On</span> <span class='ocrx_word' id='word_1_385' title='bbox 354 3129 501 3179; x_wconf 86' lang='lat' dir='ltr'>Agnolo</span> <span class='ocrx_word' id='word_1_386' title='bbox 515 3129 554 3168; x_wconf 90' lang='lat' dir='ltr'>di</span> <span class='ocrx_word' id='word_1_387' title='bbox 567 3133 732 3168; x_wconf 88' lang='lat' dir='ltr'>Lorenzo</span> <span class='ocrx_word' id='word_1_388' title='bbox 747 3129 839 3167; x_wconf 83' lang='lat' dir='ltr'>della</span> <span class='ocrx_word' id='word_1_389' title='bbox 852 3128 960 3172; x_wconf 77' lang='lat' dir='ltr'>Stufa,</span> <span class='ocrx_word' id='word_1_390' title='bbox 975 3143 995 3167; x_wconf 88' lang='lat' dir='ltr'>a</span> <span class='ocrx_word' id='word_1_391' title='bbox 1007 3128 1159 3167; x_wconf 86' lang='lat' dir='ltr'>staunch</span> <span class='ocrx_word' id='word_1_392' title='bbox 1171 3127 1359 3166; x_wconf 85' lang='lat' dir='ltr'>Medicean</span> <span class='ocrx_word' id='word_1_393' title='bbox 1373 3127 1443 3166; x_wconf 90' lang='lat' dir='ltr'>and</span> <span class='ocrx_word' id='word_1_394' title='bbox 1456 3126 1579 3165; x_wconf 89' lang='lat' dir='ltr'>Sforza</span> <span class='ocrx_word' id='word_1_395' title='bbox 1591 3127 1759 3176; x_wconf 87' lang='lat' dir='ltr'>partisan,</span> <span class='ocrx_word' id='word_1_396' title='bbox 1774 3129 1824 3164; x_wconf 92' lang='lat' dir='ltr'>N.</span> <span class='ocrx_word' id='word_1_397' title='bbox 1840 3125 1975 3164; x_wconf 88' lang='lat' dir='ltr'>Rubin-</span> 
     </span>
     <span class='ocr_line' id='line_1_40' title="bbox 162 3178 1972 3230; baseline -0.003 -10"><span class='ocrx_word' id='word_1_398' title='bbox 162 3184 266 3227; x_wconf 89' lang='lat' dir='ltr'>stein,</span> <span class='ocrx_word' id='word_1_399' title='bbox 287 3182 353 3220; x_wconf 70' lang='lat' dir='ltr'>The</span> <span class='ocrx_word' id='word_1_400' title='bbox 369 3184 611 3220; x_wconf 80' lang='lat' dir='ltr'>Government</span> <span class='ocrx_word' id='word_1_401' title='bbox 625 3182 840 3230; x_wconf 89' lang='lat' dir='ltr'>ofFlorence,</span> <span class='ocrx_word' id='word_1_402' title='bbox 859 3184 1070 3225; x_wconf 82' lang='lat'>1434-1494,</span> <span class='ocrx_word' id='word_1_403' title='bbox 1088 3180 1243 3224; x_wconf 85' lang='lat' dir='ltr'>Oxford,</span> <span class='ocrx_word' id='word_1_404' title='bbox 1265 3183 1362 3224; x_wconf 87' lang='lat'>1966,</span> <span class='ocrx_word' id='word_1_405' title='bbox 1384 3183 1458 3224; x_wconf 86' lang='lat'>180;</span> <span class='ocrx_word' id='word_1_406' title='bbox 1477 3182 1622 3223; x_wconf 89' lang='lat' dir='ltr'>Brown,</span> <span class='ocrx_word' id='word_1_407' title='bbox 1638 3178 1743 3223; x_wconf 85' lang='lat' dir='ltr'>Scala,</span> <span class='ocrx_word' id='word_1_408' title='bbox 1762 3181 1874 3216; x_wconf 88' lang='lat'>53—54</span> <span class='ocrx_word' id='word_1_409' title='bbox 1889 3180 1972 3223; x_wconf 78' lang='grc'><strong>[35].</strong></span> 
     </span>
    </p>
   </div>
  </div>
 </body>
</html>
