2118 3444
140 172 1940 227 Q———ssfss

140 315 363 363 coloribus
391 312 629 362 infectus²⁰²
657 315 920 361 Stoicorum.
951 314 1192 362 Addiderat
1218 315 1335 362 enim
1363 314 1417 362 ad
1441 315 1636 362 Philonis
1665 315 1937 376 disciplinam

140 387 167 439 †
188 400 342 430 omnes
365 382 612 430 archistoici
633 386 659 438 †
678 396 909 443 praecepta
929 382 1152 429 nonnulla.

225 454 334 510 Quo
355 465 555 511 tempore
576 451 621 496 in
641 448 844 511 primis²⁰³
869 454 932 497 M.
953 450 1086 497 Tullii
1108 468 1326 498 novorum
1350 451 1718 498 Academicorum
1740 466 1802 499 est
1822 469 1940 512 prae-

140 518 254 566 clara
270 517 481 574 defensio,
503 519 578 579 qui
598 518 708 565 adeo
725 519 907 579 pervicit
930 518 1036 564 nihil
1057 536 1182 579 posse
1205 518 1521 579 comprehendi
1541 519 1616 566 sed
1635 519 1939 567 verisimiliora

139 604 189 634 ac
213 586 512 647 probabiliora
540 587 662 647 sequi
690 601 894 647 oportere
922 601 985 642 ut,
1012 584 1240 647 penitus²⁰⁴
1269 586 1450 634 devictis
1474 588 1643 643 Stoicis,
1674 605 1765 635 non
1795 588 1937 635 multo

137 669 238 715 post
257 669 397 701 essent
417 655 491 714 qui
511 654 703 701 Platonis
721 654 921 701 divinum
942 654 1049 701 illud
1066 672 1115 702 os
1132 655 1539 716 purgatissimasque
1558 656 1794 703 sententias
1811 657 1937 703 susci-

138 736 296 777 tarent,
317 736 527 782 vetusque
550 739 694 768 rursus
718 722 968 778 Academia,
990 723 1111 769 cuius
1133 722 1249 769 idem
1272 722 1397 770 Plato
1417 738 1572 770 auctor
1591 722 1745 779 fuerat,
1768 724 1940 771 revivis-

138 804 254 836 ceret
272 790 317 835 in
336 790 515 836 Graecis
531 789 765 850 Porphirio
785 804 827 836 et
843 789 1052 837 Iamblico
1070 804 1111 837 et
1127 790 1318 851 Apuleio
1337 789 1464 847 Afro3
1481 791 1712 852 praecipue
1729 806 1878 838 tamen
1895 792 1940 838 in

138 855 382 913 Plotino²⁰⁵,
418 875 550 918 quem
579 857 727 904 scribit
759 859 1061 918 Augustinusnn
1091 858 1200 905 adeo
1230 858 1290 905 illi
1319 858 1507 906 similem
1540 858 1667 907 fuisse
1699 859 1939 907 iudicatum

137 940 185 972 ut
210 925 339 972 simul
368 943 443 972 eos
468 926 622 972 vixisse
647 925 894 986 putandum
919 926 974 973 sit
999 941 1259 987 tantumque
1285 925 1623 974 intercessisse²⁰⁶
1650 929 1862 988 temporis
1888 943 1936 976 ut

138 993 183 1039 in
202 992 286 1040 hoc
304 992 374 1040 ille
392 994 592 1040 revixisse
608 993 819 1040 videatur.
838 997 901 1041 Ita
913 1011 1048 1055 usque
1067 995 1113 1040 in
1131 994 1394 1042 hodiernum
1413 994 1530 1042 diem
1546 1010 1670 1043 vetus
1686 997 1943 1044 exsuscitata

137 1060 376 1108 Academia
402 1062 566 1108 maiore
596 1079 649 1108 ex
674 1076 797 1122 parte
822 1060 1098 1122 perdurat,²⁰⁷
1127 1063 1205 1110 etsi
1234 1062 1339 1110 haec
1365 1063 1558 1111 Platonis
1587 1063 1855 1112 divinissima
1885 1064 1938 1112 de

134 1128 416 1189 philosophia
442 1144 673 1190 praecepta
696 1129 898 1176 nonnihil
924 1130 1171 1178 obscurasse
1197 1131 1372 1178 videtur
1393 1132 1664 1188 Aristoteles,
1690 1151 1822 1193 quem
1846 1134 1937 1194 qui-

136 1196 237 1244 dam
255 1197 313 1244 ob
334 1214 479 1244 rerum
500 1198 688 1244 maxime
706 1198 908 1245 ordinem
928 1199 987 1245 ita
1000 1214 1244 1260 sequuntur
1260 1214 1308 1247 ut
1326 1217 1350 1247 a
1366 1201 1573 1260 magistro
1591 1200 1935 1258 dissentientem,

134 1279 183 1312 ut
199 1264 281 1311 illis
296 1264 483 1321 videtur,
499 1283 590 1312 non
606 1280 779 1312 tantum
795 1266 1139 1314 concordantem
1155 1282 1424 1329 anteponant
1440 1286 1690 1330 quanquam
1708 1284 1831 1317 certo
1842 1271 1934 1317 scio

135 1332 371 1393 aliquando
397 1332 491 1380 fore
517 1351 618 1380 cum
643 1349 717 1381 aut
742 1334 895 1382 ambos
922 1350 1037 1382 recte
1061 1335 1264 1397 idemque
1287 1335 1531 1393 sensisse,²⁰⁸
1560 1352 1632 1384 aut
1658 1352 1773 1385 certe
1798 1338 1938 1386 Plato-

135 1419 237 1448 nem
259 1419 351 1448 non
373 1401 485 1448 male
502 1403 680 1449 sensisse
704 1403 748 1448 in
771 1402 836 1450 his
856 1421 964 1463 quae
984 1403 1037 1450 ab
1058 1403 1153 1460 illis,
1174 1422 1283 1465 quos
1304 1405 1609 1453 Aristotelicos
1629 1421 1805 1462 vocant,
1825 1407 1936 1454 male

134 1468 393 1516 intellexisse
415 1469 693 1516 insimulatur
715 1470 995 1517 manifestum
1019 1471 1109 1518 fiet.

217 1536 367 1583 Habes
390 1536 442 1583 de
463 1538 772 1597 Peripateticis,
791 1539 947 1586 Stoicis
969 1539 1328 1601 Academicisque
1350 1541 1556 1588 omnibus
1581 1559 1690 1602 quae
1710 1543 1765 1589 sit
1787 1557 1937 1590 nostra

131 1605 360 1651 sententia.
380 1609 561 1652 Restant
579 1620 726 1652 autem
742 1607 957 1667 Epicurei,
978 1625 1088 1668 quos
1106 1607 1278 1656 fluxisse
1298 1608 1350 1656 ab
1367 1610 1559 1670 Epicuro
1578 1628 1732 1657 omnes
1751 1626 1931 1667 norunt,

132 1673 208 1733 qui
234 1673 448 1734 Aristippi
478 1673 753 1734 voluptatem
781 1674 1063 1735 amplexatus,
1092 1691 1338 1724 extremum
1366 1677 1483 1724 illam
1513 1693 1642 1739 atque
1667 1677 1929 1726 ultimum²⁰⁹

131 1739 355 1787 bonorum
380 1759 468 1788 esse
488 1743 759 1798 asseveravit3
777 1760 911 1803 eaque
931 1744 1021 1804 ipsa
1042 1744 1242 1791 nondum
1265 1760 1441 1792 mortua
1460 1761 1538 1802 est,
1558 1761 1687 1807 atque
1707 1746 1823 1794 haud
1841 1748 1932 1794 scio

132 1825 187 1855 an
207 1823 350 1869 serpat
373 1810 418 1855 in
441 1809 531 1856 dies
551 1809 691 1857 latius.
714 1810 798 1857 Sed
821 1811 864 1857 in
888 1829 937 1858 ea
953 1811 1157 1872 profecto
1178 1814 1212 1860 si
1235 1814 1432 1874 corporis
1455 1814 1715 1874 significavit
1736 1815 1934 1876 volupta-

131 1890 236 1932 tem,
255 1891 303 1923 ut
323 1892 524 1924 accusant
546 1895 700 1925 omnes
717 1894 891 1939 praeter
907 1881 1218 1936 Lactantium,¹¹
1236 1882 1310 1942 qui
1331 1882 1466 1928 animi
1484 1882 1759 1943 voluptatem
1779 1884 1932 1944 Epicu·

131 1944 181 2000 ri,
203 1945 401 2005 corporis
424 1946 652 2006 Aristippi,
678 1945 805 1994 fuisse
828 1962 982 1994 auctor
1000 1963 1076 2004 est,
1099 1966 1153 1996 ne
1175 1949 1395 2009 mediocre
1417 1950 1610 2011 quidem,
1634 1951 1797 1998 nedum
1819 1970 1933 1999 sum-

131 2029 255 2059 mum
279 2014 521 2073 reperietur
540 2014 723 2061 bonum.
752 2015 876 2074 Quid
898 2017 1016 2062 enim
1039 2034 1127 2064 esse
1149 2018 1282 2078 magis
1304 2018 1523 2065 abiectum
1543 2034 1688 2080 potest
1711 2021 1931 2081 magisque

129 2098 368 2128 commune
394 2099 494 2128 cum
518 2082 778 2142 pecudibus?
804 2088 852 2129 In
875 2083 1082 2132 animis²¹⁰
1105 2085 1322 2146 profecto,
1347 2087 1392 2133 in
1416 2088 1571 2135 animis
1595 2103 1712 2135 certa
1733 2103 1795 2135 est
1817 2107 1931 2136 sum·

130 2166 287 2208 maque
310 2148 502 2196 hominis
526 2150 719 2198 beatitas.

212 2220 349 2263 Nunc
366 2235 475 2277 quae
494 2217 655 2265 fuerint
672 2218 725 2265 de
741 2221 865 2265 omni
883 2220 1187 2281 philosophiae
1205 2237 1327 2282 parte
1344 2224 1546 2270 omniurn
1565 2225 1794 2285 principia,
1815 2243 1932 2271 com-

125 2283 292 2343 pendio
311 2284 569 2332 brevissimo
588 2286 825 2333 videamus.
846 2288 1070 2348 Epicurus,
1092 2303 1141 2336 ut
1158 2307 1259 2336 eum
1278 2291 1426 2350 primo
1445 2291 1733 2348 absolvamus,
1756 2293 1931 2340 tertiam

125 2350 431 2412 philosophiae
455 2368 640 2413 partem,
661 2372 770 2415 quae
790 2355 1053 2416 disputativa
1072 2356 1244 2414 dicitur,
1264 2376 1365 2405 cum
1387 2358 1697 2420 dereliquisset,
1719 2362 1927 2422 Leucippi

126 2421 463 2481 Democritique
490 2422 660 2469 minuta
686 2422 977 2480 indivisibilia,
1006 2423 1160 2485 quas²¹¹
1189 2441 1348 2473 vocant
1376 2442 1562 2484 atomos,
1589 2443 1840 2488 persecutus
1867 2444 1929 2476 est

125 2504 290 2547 perque
319 2487 546 2535 infinitum
578 2490 705 2536 inane
734 2490 901 2538 diversa
927 2492 1042 2539 inter
1066 2510 1110 2539 se
1138 2492 1275 2553 figura
1302 2510 1612 2543 concurrentes
1640 2497 1791 2543 omnia
1818 2515 1928 2557 quae

126 2554 334 2602 videntur
355 2556 400 2602 in
426 2571 581 2604 natura
602 2575 746 2605 creare
768 2558 890 2606 dixit.
914 2562 1035 2607 Deos
1058 2561 1125 2607 vel
1149 2561 1320 2609 sustulit
1344 2562 1411 2609 vel
1433 2563 1637 2624 profecto
1659 2564 1929 2612 dormientes

126 2621 242 2669 fecit.
267 2627 353 2670 Eos
381 2625 499 2670 enim
528 2625 669 2685 inquit
696 2626 860 2682 beatos,
887 2645 1027 2688 neque
1052 2646 1104 2675 ex
1128 2647 1172 2676 se
1199 2629 1356 2676 habere
1382 2632 1607 2691 negotium
1634 2650 1760 2692 posse
1790 2650 1930 2693 neque

125 2689 249 2736 alteri
272 2690 489 2738 exhibere.
515 2696 664 2753 Itaque
687 2693 740 2740 ab
765 2694 846 2741 illis
872 2711 1068 2743 removet
1093 2714 1241 2743 curam
1267 2697 1556 2745 humanarum
1585 2717 1743 2747 rerum.
1770 2704 1926 2748 Secun-

125 2756 232 2804 dum
264 2775 396 2818 quam
428 2761 691 2807 sententiam
723 2762 780 2808 ait
810 2762 1047 2822 Virgiliusz‘²
1085 2764 1267 2812 ‘Scilicet
1300 2763 1384 2812 is²¹²
1418 2768 1582 2827 superis
1616 2767 1742 2814 labor
1772 2784 1848 2824 est,
1881 2787 1929 2816 ea

125 2823 279 2872 cura213
302 2827 474 2886 quietos
495 2828 728 2876 sollicitat.'
753 2831 967 2878 Animum
993 2833 1067 2892 qui
1086 2832 1288 2892 profecto
1310 2833 1509 2881 divinum
1532 2853 1619 2882 esse
1642 2835 1819 2897 aliquid,
1843 2838 1923 2884 nisi

205 3062 229 3077 ¹¹¹
245 3060 456 3106 Augustine,
479 3061 611 3097 Contra
626 3061 846 3099 Academicos
863 3065 919 3100 m.

205 3119 221 3134 ¹¹
238 3118 451 3161 Lactantius,
468 3119 634 3156 Diulnst.
654 3122 718 3156 VII
736 3120 859 3167 (P.L.6,
878 3121 946 3158 col.
964 3122 1055 3169 364).

204 3177 220 3191 ⁰
236 3173 367 3221 Vergil,
383 3177 484 3218 Am,
504 3178 710 3214 IV.379—80.
