2118 3444
108 176 298 210 PUBLIC
326 174 606 208 ORATIONS
1816 167 1902 207 221

109 312 249 360 multa
263 313 349 359 iam
364 311 580 368 dicantur,
596 311 713 358 haud
728 326 790 358 est
806 328 989 358 necesse.
1007 315 1166 358 Earum
1183 311 1301 358 enim
1318 325 1419 358 sunt
1435 310 1765 371 locupletissimi
1785 326 1915 358 testes

109 398 202 428 non
234 380 430 427 veterani
463 379 601 427 modo
632 380 804 440 paterni
837 378 1009 435 milites,
1043 378 1302 439 quibuscum
1339 378 1392 426 ab
1426 379 1603 426 ineunte
1636 393 1775 426 aetate
1804 397 1915 440 puer

106 449 317 510 primum,
349 447 542 495 adultior
567 447 739 503 deinde,
765 446 973 508 grandior
998 446 1176 494 tandem
1205 447 1264 494 ita
1288 462 1480 494 versatus
1506 462 1568 494 est
1595 462 1643 494 ut
1672 448 1716 493 in
1745 465 1916 508 quaque

107 532 248 565 aetate
270 516 382 564 bene
405 515 584 563 vivendi
608 516 761 563 ceteris
783 515 987 576 exemplo
1012 533 1099 562 esse
1122 533 1247 576 posse
1276 515 1400 562 facile
1422 515 1635 572 videatur3
1659 515 1735 562 sed
1756 515 1911 576 populi

107 602 285 646 quoque
306 585 382 645 qui
402 584 455 631 ab
477 602 531 631 eo
552 598 762 644 reguntur
782 583 910 630 multi
931 583 1203 630 documento
1225 601 1312 630 esse
1334 583 1688 630 manifestissimo
1711 598 1909 644 possunt,

107 670 132 700 a
148 652 307 713 quibus
328 651 507 713 quidem
527 669 619 699 non
641 652 835 712 arguitur
853 651 1073 707 dominus,
1095 651 1171 698 sed
1189 666 1372 707 amatur3
1392 669 1483 698 non
1504 652 1699 707 timetur,
1717 651 1793 699 sed
1813 651 1914 699 coli-

106 735 192 777 tur;
224 735 272 767 ut
306 720 453 767 addita
483 719 719 781 eloquendi
752 719 1007 767 excellentia
1037 734 1079 767 et
1110 719 1278 776 litteris,
1311 719 1419 767 idest
1452 720 1671 767 bonarum
1706 721 1909 767 omnium

106 789 282 844 artium,
312 806 398 848 qua
421 788 664 849 plurimum
695 787 848 848 pollet,
878 787 1104 848 disciplina
1132 787 1239 834 nihil
1271 789 1357 835 iam
1385 787 1530 835 deesse
1558 789 1746 835 omnino
1774 789 1910 849 possit

105 874 255 904 earum
278 874 425 903 rerum
447 870 659 917 quattuor
678 873 783 917 quas
804 856 849 902 in
872 856 1136 917 imperatore
1158 874 1422 917 quocunque
1444 874 1531 903 esse
1554 871 1760 917 oportere
1780 874 1911 918 supra

105 924 307 972 diximus.

188 996 310 1039 Nam
331 992 438 1053 quid
457 992 510 1039 de
528 1007 682 1048 aetate,
698 993 734 1039 si
753 1010 802 1039 ea
820 1010 996 1053 quoque
1016 993 1251 1053 quIcquam
1272 992 1374 1039 facit
1392 992 1446 1040 ad
1465 1011 1573 1049 rem,
1593 994 1715 1040 cuius
1736 994 1781 1039 in
1802 993 1912 1040 flore

104 1078 192 1107 esse
213 1059 391 1108 videtis?
412 1059 538 1119 Quid
560 1059 613 1107 de
634 1061 844 1120 corporis,
868 1059 975 1120 quid
995 1060 1048 1107 de
1068 1059 1271 1107 fortunae
1291 1060 1540 1108 commodis
1562 1061 1687 1121 plura
1708 1061 1909 1117 dixerim,

103 1145 214 1189 quae
238 1142 397 1174 cuncta
416 1145 495 1174 vos
521 1129 566 1174 in
590 1145 645 1174 eo
668 1127 877 1175 excellere
898 1128 1131 1175 clarissime
1156 1127 1475 1189 cognoscitis?⁴⁶
1499 1132 1652 1176 Genus
1677 1144 1824 1176 autem
1848 1144 1911 1176 est

103 1193 356 1243 eiusmodi⁴⁷
383 1210 431 1243 ut
456 1195 661 1243 admirari
684 1196 831 1256 potius
859 1210 901 1243 et
925 1196 1067 1243 colere
1092 1197 1178 1243 iam
1203 1211 1416 1257 cogantur
1442 1196 1644 1244 homines
1670 1198 1761 1244 eius
1784 1197 1911 1258 glori-

103 1282 174 1311 am
193 1282 340 1325 quam,
362 1263 484 1325 quod
505 1264 559 1311 ad
578 1263 855 1311 nobilitatem
876 1263 1194 1312 Sfortiadarum
1213 1264 1401 1312 familiae
1422 1280 1551 1326 atque
1570 1265 1908 1326 amplitudinem

102 1332 251 1393 aliquo
273 1332 412 1379 modo
432 1333 665 1393 pertineat,
687 1333 922 1393 quicquam
945 1332 1177 1380 desiderari
1198 1348 1340 1394 queat.
1363 1335 1632 1381 Constantio
1655 1335 1775 1381 enim
1797 1334 1912 1381 Sfor—

102 1401 187 1448 tiae
212 1399 302 1447 dux
328 1400 399 1447 ille
423 1399 586 1447 Sfortia
612 1401 1101 1457 invictissimus—Mars,
1133 1416 1180 1448 ut
1208 1402 1343 1458 aiunt,
1372 1401 1493 1458 alter,
1518 1417 1560 1449 et
1587 1403 1632 1448 in
1661 1420 1793 1463 quem
1821 1403 1907 1449 iam

102 1468 277 1525 referre,
300 1483 350 1516 ut
376 1468 602 1529 quondam
630 1470 675 1515 in
702 1473 852 1516 Iovem
879 1484 951 1516 aut
978 1469 1167 1530 aliquem
1193 1469 1392 1526 deorum,
1420 1471 1635 1531 originem
1663 1470 1904 1531 gloriosum

101 1552 420 1597 est—paternus
446 1555 551 1584 avus
576 1536 673 1593 fuit,
697 1552 745 1584 ut
771 1537 1120 1584 Attendolorum
1146 1539 1491 1599 antiquissimam
1519 1554 1561 1586 et
1586 1539 1903 1586 nobilissimam

100 1619 277 1666 gentem
308 1623 400 1652 non
433 1620 680 1666 repetamus
712 1605 838 1653 altius
870 1620 943 1653 aut
973 1604 1235 1653 Dacorum⁴⁸
1269 1602 1410 1667 reges.j
1442 1610 1625 1654 Patruus
1656 1608 1909 1655 Franciscus

99 1672 275 1729 Sfortia‚
294 1674 370 1734 qui
387 1674 555 1734 primus
577 1674 667 1721 eius
688 1673 876 1721 familiae
894 1674 1298 1722 Mediolanensibus
1321 1693 1477 1736 magna
1494 1693 1595 1723 cum
1615 1675 1753 1736 gloria
1774 1677 1907 1737 impe-

101 1742 226 1798 ravit,
242 1759 342 1789 suae
360 1743 511 1789 aetatis
525 1742 739 1802 singulare
758 1742 902 1799 decus,
920 1757 962 1790 et
978 1742 1030 1790 de
1047 1761 1137 1804 quo
1156 1743 1299 1790 multo
1317 1758 1379 1791 est
1394 1745 1527 1791 satius
1545 1759 1687 1791 tacere
1703 1763 1800 1792 mea
1815 1763 1907 1792 sen·

100 1810 239 1857 tentia
256 1827 389 1870 quam
410 1827 502 1857 non
525 1810 668 1857 dicere
687 1810 742 1857 ad
759 1810 1030 1871 dignitatem.
1051 1812 1283 1859 Francisco
1301 1830 1408 1859 vero
1428 1811 1581 1860 fratres
1602 1812 1779 1860 fuerunt
1800 1817 1905 1860 Leo-

100 1877 274 1934 nardus,
291 1881 461 1934 Bossus,
481 1877 710 1934 Iohannes,
727 1878 974 1935 Conradus,
991 1880 1349 1940 praestantissimi
1365 1879 1678 1941 fortissimique
1698 1881 1842 1937 duces,
1857 1896 1905 1928 ut

96 1945 327 2006 peculiaris
345 1964 485 2007 prope
506 1947 592 1993 iam
612 1961 653 1994 et
673 1946 932 1994 hereditaria
947 1948 1158 1995 nimirum
1180 1948 1378 1996 militaris
1396 1950 1698 2010 praerogativa
1716 1949 1770 1997 ad
1788 1949 1906 1997 hunc

98 2032 187 2061 esse
210 2028 411 2061 nostrum
436 2014 672 2062 deferenda
690 2016 851 2062 merito
871 2010 1106 2063 videatur.k
1127 2016 1267 2076 Quod
1287 2018 1322 2064 si
1346 2018 1564 2064 maiorum
1590 2018 1798 2079 imagines
1820 2019 1907 2065 ani-

99 2100 223 2129 mum
241 2082 624 2130 vehementissime
642 2098 825 2144 possunt
844 2084 1079 2132 accendere
1093 2085 1148 2132 ad
1160 2086 1385 2142 virtutem,
1402 2100 1451 2133 ut
1468 2087 1649 2147 Crispus
1668 2081 1906 2134 Sallustius¹

97 2151 356 2210 Q‹uintum›
376 2152 626 2198 Maximum
649 2166 691 2199 et
709 2152 946 2200 P‹ublium›
968 2154 1219 2214 Scipionem
1241 2169 1283 2201 et
1302 2155 1489 2202 civitatis
1504 2170 1729 2216 praeterea
1745 2160 1903 2203 Roma-

98 2236 177 2266 nae
205 2219 451 2280 praeclaros
479 2220 597 2267 viros
626 2220 780 2268 solitos
810 2221 952 2268 dicere
981 2221 1191 2269 audivisse
1223 2223 1280 2270 ait
1310 2241 1411 2270 cum
1441 2241 1590 2270 earum
1621 2242 1738 2271 ceras
1766 2225 1904 2271 intue-

97 2302 262 2343 rentur,
287 2287 395 2348 quid
418 2288 471 2335 de
494 2288 813 2336 Sfortiadarum
839 2289 904 2336 his
929 2290 1188 2350 imaginibus
1216 2291 1555 2338 coniectandum
1580 2293 1683 2339 erit?
1708 2296 1902 2348 Crescet‚

94 2354 313 2415 profecto,
335 2371 497 2403 crescet
518 2355 698 2405 flamma
717 2358 763 2403 in
783 2372 962 2418 pectore
983 2359 1326 2406 immortalitatis
1348 2377 1449 2407 cum
1471 2378 1618 2407 rerum
1642 2360 1694 2407 ab
1716 2360 1798 2408 illis
1819 2379 1906 2421 ges-

95 2437 240 2470 tarum
264 2425 480 2471 memoria
502 2423 701 2472 subibit⁴⁹
726 2426 938 2482 animum,
963 2441 1011 2473 ut
1033 2427 1297 2487 sperandum
1323 2428 1408 2475 iam
1430 2429 1485 2475 sit
1509 2428 1574 2475 his
1595 2428 1749 2476 studiis
1773 2444 1903 2490 atque

95 2490 274 2547 artibus,
303 2492 383 2538 ista
408 2493 571 2539 virtute
597 2508 726 2553 atque
754 2494 963 2554 exemplis
991 2512 1083 2541 non
1109 2513 1290 2542 suorum
1321 2496 1459 2543 modo
1486 2514 1587 2543 eum
1617 2515 1704 2544 esse
1733 2515 1899 2544 nomen

94 2557 357 2619 laudemque
391 2575 703 2616 assecuturum,
740 2561 816 2608 sed
848 2561 903 2608 ad
932 2563 1118 2622 priscam
1155 2581 1330 2624 quoque
1367 2563 1485 2611 illam
1522 2564 1704 2612 honoris
1742 2566 1902 2625 magni·

94 2625 296 2673 tudinem
314 2628 575 2688 virtutisque
594 2628 932 2676 admirationem
950 2631 1132 2691 propius
1153 2631 1331 2677 tandem
1350 2649 1437 2678 esse
1457 2649 1741 2679 accessurum.
1762 2633 1903 2692 Quod

92 2694 389 2754 proculdubio
413 2696 505 2742 sine
527 2696 776 2744 commodis
800 2699 966 2758 magnis
987 2699 1139 2745 vestris
1160 2699 1245 2746 iam
1267 2700 1521 2760 contingere
1543 2700 1659 2747 haud
1680 2719 1900 2761 quaquam

92 2776 253 2821 potest,
277 2762 330 2809 de
351 2763 509 2823 quibus
533 2764 726 2820 tandem,
747 2780 795 2811 ut
816 2765 1002 2825 polliciti
1024 2767 1243 2827 principio
1267 2766 1443 2823 fuimus,
1469 2769 1554 2814 iam
1576 2768 1783 2815 dicemus.

172 3058 181 3089 3
198 3065 270 3100 For
285 3063 348 3101 the
364 3064 544 3113 supposed
562 3065 703 3103 Danish
720 3067 854 3114 origins
870 3066 912 3104 of
926 3066 989 3105 the
1006 3067 1138 3111 Sforza,
1156 3082 1213 3106 see
1233 3069 1368 3112 lanziti,
1390 3072 1465 3106 109.

172 3114 190 3198 Γ
197 3121 434 3228 ξὶώίζῐηῑῖἔ,
443 3123 516 3224 gli
533 3123 660 3172 Sforza,
678 3128 711 3162 7.
730 3127 802 3162 For
818 3125 1045 3170 ‘Conradm’‚
1066 3126 1292 3164 ‘Alexander’
1310 3128 1337 3165 is
1354 3127 1533 3176 probably
1551 3128 1731 3166 intended.
