2124 3458
240 183 331 224 434

361 328 589 389 Spectaclo
612 327 783 375 nullum
808 342 870 375 est
893 327 1030 375 oculis
1053 328 1283 375 iucundius
1308 329 1403 375 isto.

362 397 549 457 Argenti
569 396 698 443 simul
725 410 854 457 atque
875 397 967 443 auri
989 396 1224 457 viridisque
1247 396 1460 457 smaragdi

363 465 484 512 Idem
506 466 638 525 stipes
662 464 791 511 habet
815 464 1031 524 fulgorem
1055 479 1096 511 et
1118 483 1301 512 munera
1322 465 1444 512 laeta.

363 532 468 580 Inde
490 551 593 580 aura
614 533 659 579 in
683 550 806 580 nares
827 533 959 593 spirat
982 533 1233 580 suavissima
1257 547 1437 580 nostras:

360 606 483 648 Nam
507 600 618 648 flore
641 615 682 648 et
705 600 850 648 fructu
873 600 1051 648 et'foliis
1073 615 1168 648 tota
1188 601 1319 648 arbor
1341 601 1479 648 odora
1500 616 1574 648 est.

361 674 461 716 Nec
481 687 612 729 sapor
633 687 746 716 unus
771 669 902 716 adest:
925 670 970 715 in
994 669 1150 716 eodem
1173 687 1358 729 corpore
1382 687 1556 716 amaror

363 738 631 797 Corticeque
655 752 696 784 et
717 738 859 797 granis
882 752 1044 793 manet3
1067 752 1128 784 ast
1152 737 1309 784 acredo
1331 737 1567 784 medullam

362 806 580 852 Continet
605 819 646 852 et
666 806 783 852 vitiis
803 805 1014 866 praebent
1038 805 1329 852 medicamina
1351 805 1510 853 multis.

363 873 468 920 Inde
489 874 655 920 animas
678 888 808 934 atque
830 891 906 920 ora
928 873 1080 920 fovent
1104 873 1215 920 male
1238 873 1401 921 olentia
1423 888 1593 921 matres.

362 943 518 989 Gratia
538 960 618 989 nec
639 956 766 1002 gustu
791 942 939 988 minor
963 956 1038 998 est,
1062 959 1163 989 nam
1188 943 1350 989 cortice
1372 942 1538 989 nudant

360 1011 624 1072 Viscereque
647 1025 688 1058 et
711 1010 922 1067 medium,
947 1010 1067 1071 quod
1088 1011 1148 1058 sic
1170 1011 1402 1058 intermeet
1422 1010 1553 1067 unda,

361 1083 722 1136 Commacerant3
747 1079 913 1126 addunt
937 1080 1072 1126 coctis
1093 1079 1327 1140 fragrantia
1347 1079 1488 1136 mella,

360 1150 478 1195 Tum
500 1148 657 1208 longos
682 1149 741 1195 ita
762 1147 930 1194 conditi
951 1162 1180 1195 servantur
1201 1149 1246 1194 in
1268 1166 1379 1195 usus.

360 1221 460 1263 Nec
481 1234 615 1276 genus
639 1231 700 1263 est
722 1215 919 1276 simplex.
946 1217 1119 1263 Maiora
1141 1217 1398 1276 minoraque
1423 1217 1530 1263 citra

362 1285 561 1331 Invenias
584 1302 664 1331 nec
686 1283 830 1331 forma
853 1284 1004 1331 eadem
1025 1285 1273 1344 speciesque
1296 1284 1503 1331 manebit:

362 1357 511 1412 Longa
535 1352 645 1399 adeo
667 1353 810 1399 maior
829 1367 1087 1412 partemque
1111 1353 1356 1399 cacuminat
1378 1370 1525 1408 unam,

361 1420 556 1467 Alterius
578 1421 775 1480 positura
798 1421 947 1466 minor
968 1420 1183 1480 planeque
1206 1420 1409 1476 rotunda,

360 1489 511 1535 Tertia
531 1506 633 1535 nam
655 1506 842 1548 parvum
865 1487 988 1544 limo,
1014 1487 1233 1535 formatur
1254 1489 1299 1534 in
1322 1506 1470 1534 ovum.

360 1560 460 1603 Nec
482 1555 606 1603 facile
628 1570 704 1612 est,
728 1573 943 1616 quaenam
964 1556 1105 1616 specle
1127 1557 1376 1616 virtuteque
1394 1570 1583 1616 praestet

360 1625 536 1680 Dicere,
558 1625 603 1670 ni
624 1624 824 1685 placeant
846 1623 993 1671 forsan
1017 1625 1196 1680 maiora,
1218 1623 1441 1685 pudetque

361 1693 615 1753 Pigmaeum
639 1692 791 1752 grandi
814 1707 855 1739 et
878 1710 995 1739 nano
1018 1691 1218 1739 conferre
1239 1693 1470 1752 gigantem.

360 1760 512 1808 Media
530 1761 619 1808 sive
643 1760 762 1808 dedit
782 1761 1057 1821 peregrinam
1081 1775 1122 1807 et
1144 1779 1309 1808 nomen
1333 1760 1489 1808 abinde

360 1830 527 1886 Traxit,
549 1830 638 1876 sive
661 1829 766 1876 aliae
788 1829 1002 1876 dederunt
1025 1829 1130 1876 haec
1149 1830 1345 1890 germina
1367 1844 1505 1876 terrae

361 1902 465 1945 Huc
488 1897 542 1945 ad
563 1916 656 1954 nos,
683 1898 780 1944 citri
801 1898 963 1958 species
984 1898 1212 1958 peregrina
1231 1897 1435 1958 profecto
1457 1912 1533 1954 est,

361 1970 489 2025 Quae
513 1984 593 2013 nec
614 1981 771 2026 sponte
795 1984 870 2013 sua
892 1967 1012 2013 venit
1035 1966 1258 2026 multaque
1280 1967 1371 2013 sine
1395 1981 1484 2013 arte

359 2039 459 2082 Nec
480 2052 650 2082 servare
671 2052 805 2094 genus
827 2034 940 2081 valet
962 2049 1034 2082 aut
1058 2033 1291 2081 defendere
1311 2034 1363 2081 ab
1384 2038 1503 2081 Euro

361 2104 573 2159 Ausonia3
599 2118 640 2150 at
662 2102 818 2163 gaudet
840 2103 942 2149 rivis
965 2117 1006 2149 et
1028 2103 1167 2149 amica
1188 2102 1320 2149 calori
1343 2117 1417 2149 est.

359 2175 460 2218 Nec
481 2185 523 2218 te
545 2170 747 2231 decipiat,
771 2170 891 2231 quod
915 2188 1032 2217 nunc
1055 2188 1163 2231 quae
1186 2170 1314 2218 cedra
1333 2185 1549 2217 vocantur

361 2243 424 2285 Re
446 2239 538 2285 sine
563 2257 729 2285 nomen
754 2238 928 2285 habent.
953 2238 1150 2285 Cedrum
1174 2238 1410 2285 Phoenicia
1429 2237 1611 2299 profert:

360 2307 444 2354 Sed
465 2307 627 2367 duplex
649 2325 783 2367 genus
807 2321 868 2354 est
892 2306 1171 2367 fructumque
1196 2306 1267 2354 dat
1289 2306 1422 2354 altera
1442 2306 1605 2353 florum

360 2380 538 2436 Expers,
563 2393 671 2436 quae
695 2374 825 2422 floret
846 2376 955 2422 vivit
977 2376 1068 2422 sine
1092 2374 1282 2422 foetibus
1305 2375 1447 2422 arbor.

361 2443 566 2490 Cedrinis
588 2443 740 2490 similis
764 2443 905 2490 baccis
927 2458 989 2490 est
1012 2458 1182 2503 myrtea
1203 2443 1346 2499 bacca,

360 2512 535 2559 Semina
556 2511 631 2559 sed
653 2511 848 2559 referunt
871 2512 1075 2572 cyparissi
1098 2512 1265 2558 semina
1287 2511 1417 2558 cedri.

360 2583 449 2627 Dat
473 2581 659 2627 resinam
684 2579 823 2627 foedis
845 2581 1069 2627 inimicam
1092 2579 1314 2627 vermibus
1338 2594 1379 2627 et
1401 2598 1485 2640 qua

361 2648 591 2695 Librivora
614 2649 830 2695 emoritur
850 2649 884 2695 si
908 2649 1025 2695 tinea
1043 2649 1174 2695 sentit
1198 2648 1395 2695 odorem.

360 2720 601 2777 Perpetuos
624 2716 744 2776 ligno
767 2716 906 2763 fertur
927 2716 1080 2763 durare
1102 2734 1181 2776 per
1202 2734 1352 2772 annos,

360 2785 683 2845 Materiamque
706 2784 870 2831 dedisse
894 2784 1001 2831 olim
1026 2785 1069 2830 in
1091 2784 1353 2831 simulachra
1376 2783 1574 2839 deorum,

361 2856 470 2912 Quo
494 2852 651 2899 fierent
673 2867 848 2899 aeterna
869 2853 1002 2912 magis
1025 2853 1271 2912 cariemque
1294 2851 1491 2912 fugarent

361 2925 414 2967 Et
439 2922 558 2967 miris
581 2935 730 2980 gentes
752 2921 796 2966 in
821 2920 1028 2980 religione
1051 2934 1264 2967 tenerent.

360 2993 553 3048 Nanque
577 2988 742 3034 dedisse
765 2987 911 3034 ferunt
933 2987 1162 3034 lachrimas
1186 3005 1234 3033 ea
1253 2988 1372 3046 signa
1394 2986 1584 3046 deosque

362 3056 625 3116 Ingemuisse
651 3055 774 3102 malis
799 3055 1032 3101 hominum
1059 3069 1100 3101 et
1123 3056 1341 3101 miserasse
1364 3054 1546 3110 laboreS‚

363 3123 503 3182 Quod
526 3123 706 3170 fortasse
730 3141 868 3183 neges.
893 3127 966 3169 Est
991 3123 1169 3169 arbutus
1192 3122 1360 3169 aemula
1381 3123 1506 3177 citro,

361 3196 482 3238 Nam
507 3191 638 3238 flores
662 3191 734 3238 dat
757 3206 797 3237 et
820 3190 891 3237 illa
910 3190 1038 3237 simul
1065 3205 1320 3250 maturaque
1341 3207 1475 3250 poma

1832 191 1970 224 PART
1995 192 2046 225 VI

1868 344 1929 375 325

1868 685 1931 716 330

1868 1026 1929 1057 335

1868 1367 1931 1398 340

1867 1707 1929 1738 345

1866 2048 1929 2080 350

1866 2389 1927 2420 355

1865 2729 1928 2760 360

1865 3066 1926 3098 365
