2118 3444
100 174 330 208 PRIVATE
356 173 584 207 LETTERS
1811 166 1900 206 147

186 316 438 359 Havevono
461 310 687 371 disegnato
708 310 749 358 la
769 328 848 371 per
871 311 1127 371 impositore
1153 314 1320 357 Messer
1340 314 1514 357 Matteo
1535 309 1590 357 da
1610 305 1754 357 Furli.i
1779 313 1906 357 Cost-

101 398 183 427 oro
207 380 440 427 havevono
462 380 628 440 scripto
648 378 808 439 perche
832 378 935 426 fussi
957 378 1062 426 dato
1085 379 1394 425 commissione
1420 395 1443 425 a
1465 377 1718 439 qualchuno
1740 379 1815 439 qui
1838 378 1906 425 de’

101 448 240 495 nostri
256 465 336 508 per
352 465 487 494 meno
502 464 635 507 spesa.
656 446 806 494 Credo
821 464 929 507 pure
947 445 1176 507 bisognera
1195 464 1308 493 esser
1322 447 1522 493 contenti
1539 446 1576 493 al
1594 445 1774 507 disegno
1792 445 1904 502 loro,

100 530 142 564 et
162 515 275 563 dalla
292 533 414 576 spesa
435 516 481 561 in
504 514 619 562 fuori
642 514 772 562 decto
790 518 957 562 Messer
975 518 1148 561 Matteo
1167 515 1301 561 stimo
1322 513 1401 561 che
1422 514 1601 561 sarebbe
1623 515 1728 561 assai
1748 514 1786 561 al
1806 532 1906 575 pro-

98 584 259 645 posito.

185 652 307 712 Ogni
343 650 387 698 di
423 650 696 698 intendendo
730 650 809 698 che
844 650 882 698 le
918 668 1016 698 cose
1052 650 1164 698 della
1194 650 1287 711 lega
1321 665 1470 698 nostra
1505 668 1598 697 non
1633 668 1782 697 vanno
1817 650 1906 698 cosi

97 733 305 780 prompte
336 737 463 766 come
490 736 593 779 pare
622 718 702 766 che
729 719 791 766 sia
818 719 1108 766 conveniente
1137 719 1183 765 in
1211 736 1303 766 uno
1331 718 1366 766 si
1395 718 1556 779 grande
1585 718 1771 779 bisogno
1803 733 1845 766 et
1871 718 1906 766 si

98 787 260 848 grande
280 786 492 847 pericolo‚
516 786 660 847 vegho
679 786 756 847 piu
779 787 919 847 questi
941 787 1081 833 nostri
1102 786 1346 847 intepidire.
1369 787 1461 833 Dio
1482 786 1627 847 voglia
1649 786 1728 833 che
1748 786 1787 833 le
1810 804 1908 833 cose

100 855 296 902 habbino
322 854 476 902 buono
503 854 606 910 fine,
633 854 701 901 del
727 854 852 915 quale
877 855 921 901 io
948 854 1008 901 ho
1033 855 1137 901 assai
1161 854 1450 910 dubitatione,
1477 872 1520 901 se
1544 854 1585 901 13
1608 853 1788 901 fortuna
1811 872 1906 901 non

98 923 191 970 tien
210 922 287 983 piu
309 922 348 969 le
371 923 491 969 mani
513 923 559 968 in
580 940 630 969 su
652 922 691 969 le
713 940 811 969 cose
833 936 981 969 nostre
1005 921 1084 969 che
1106 921 1146 969 la
1165 921 1282 969 virtu
1304 936 1346 969 et
1366 922 1407 969 la
1427 921 1651 982 diligentia
1672 936 1833 969 nostra.

182 990 284 1038 Sara
299 991 345 1037 in
365 1005 516 1051 questa
533 991 660 1051 copia
678 990 816 1038 d’uno
835 990 1028 1051 capitolo
1048 990 1092 1038 di
1109 1008 1254 1038 nuove
1275 990 1319 1038 di
1335 991 1528 1038 Francia.
1549 995 1607 1038 Le
1623 990 1776 1038 lettere
1792 1008 1905 1038 sono

98 1060 174 1120 qui
208 1060 253 1105 in
288 1060 548 1106 mercatanti
580 1058 855 1115 d’auctorita‚
890 1058 943 1106 ne
978 1059 1017 1106 ci
1050 1058 1072 1106 ὲ
1106 1059 1177 1106 chi
1209 1059 1331 1120 sappi
1364 1059 1650 1119 interpretare
1683 1073 1839 1119 questo
1871 1058 1906 1106 si

97 1126 259 1187 grande
281 1127 561 1173 movimento
585 1126 629 1173 di
648 1141 776 1187 gente
798 1126 976 1174 d'arme.
1000 1126 1127 1174 Costi
1149 1126 1378 1174 doverrete
1399 1126 1520 1174 farne
1542 1126 1741 1187 migliore
1763 1128 1909 1174 ritrac-

97 1209 160 1251 to,
182 1209 224 1242 et
247 1195 290 1241 io
313 1194 536 1242 desiderro
558 1194 784 1242 intendere
806 1194 953 1255 quello
976 1194 1055 1242 che
1076 1212 1128 1242 ve
1151 1212 1205 1242 ne
1227 1212 1420 1242 occorre.

181 1262 415 1323 Prieghovi
439 1263 501 1309 mi
525 1262 875 1310 raccomandiate
897 1262 935 1310 al
959 1264 1247 1323 Monsignore
1272 1258 1437 1323 legato,j
1461 1277 1502 1310 et
1526 1264 1586 1309 mi
1611 1264 1906 1324 mantegniate

96 1330 211 1377 nella
224 1330 524 1377 benivolentia
538 1330 650 1378 della
662 1330 929 1378 Excellentia
943 1330 1011 1378 del
1026 1334 1154 1378 Duca
1166 1330 1210 1378 di
1225 1331 1440 1387 Calabria,
1458 1331 1906 1379 raccomandandomi

96 1398 290 1445 anchora
305 1398 387 1445 alla
400 1399 599 1458 Signoria
614 1402 698 1445 Sua
715 1398 893 1459 quando
909 1399 953 1445 vi
969 1417 1162 1446 occorre.
1180 1403 1258 1446 Ho
1274 1400 1438 1460 scripto
1454 1417 1584 1447 sanza
1600 1399 1731 1447 cifera
1746 1418 1905 1447 venen-

96 1466 155 1513 do
172 1484 252 1527 per
267 1466 306 1513 le
326 1467 445 1513 mani
463 1466 532 1513 del
551 1481 705 1514 nostro
724 1466 950 1514 cavallaro.
970 1467 1135 1514 Valete.
1153 1472 1218 1514 Ex
1235 1467 1402 1515 Palatio
1418 1467 1678 1515 Florentino
1697 1467 1766 1515 die
1783 1469 1906 1515 xviiii

95 1533 260 1594 Aprilis
289 1539 407 1581 1483.
432 1534 769 1581 Bartholomeus
792 1535 924 1591 Scala,
947 1535 1243 1583 Cancellarius
1264 1535 1556 1583 Florentinus.

963 1677 1040 1718 179

425 1746 503 1786 ΤΟ
520 1747 752 1796 JACOBO
775 1748 1201 1787 GUICCIARDINI
1222 1750 1287 1788 IN
1307 1750 1574 1787 FERRARA

795 1818 845 1855 26
867 1814 993 1867 April
1016 1814 1072 1867 (?)
1096 1818 1199 1856 1483

266 1907 377 1947 Dieci
394 1908 561 1955 Missive,
583 1908 783 1960 Legazioni
803 1923 824 1948 e
844 1909 1113 1949 Commissarie
1134 1913 1167 1957 5,
1187 1908 1254 1949 fol.
1274 1912 1377 1950 223r.
1399 1909 1601 1973 Chancery
1619 1909 1729 1950 draft.

92 2010 331 2071 Magnifice
352 2026 581 2072 compater
599 2012 673 2059 mi.
697 2016 775 2059 Ho
797 2012 962 2060 havuto
980 2013 1171 2074 singular
1189 2014 1359 2074 piacere
1379 2013 1491 2062 della
1508 2029 1656 2062 vostra
1673 2014 1828 2062 lettera
1845 2029 1902 2072 et,

93 2079 236 2126 inteso
265 2079 376 2126 bene
403 2079 448 2126 lo
476 2081 662 2127 scrivere
688 2095 854 2137 vostro,
885 2081 1121 2129 observero
1149 2081 1260 2129 nelle
1287 2083 1401 2143 parti
1428 2082 1508 2130 che
1537 2101 1591 2130 ne
1618 2082 1831 2130 advertite
1857 2084 1902 2130 in

92 2146 231 2194 modo
259 2165 351 2194 non
376 2148 411 2194 si
439 2147 552 2195 farra
575 2166 736 2205 errore,
764 2148 817 2196 ne
842 2150 916 2196 voi
944 2167 1037 2196 non
1064 2149 1210 2197 harete
1235 2151 1414 2211 cagione
1439 2150 1483 2198 di
1509 2169 1601 2198 non
1628 2151 1689 2197 mi
1715 2152 1901 2199 scrivere

91 2214 378 2262 liberamente
400 2234 480 2276 per
500 2216 546 2263 lo
570 2216 787 2264 advenire.
811 2217 884 2264 Ne
907 2217 945 2265 al
967 2232 1167 2278 presente
1188 2236 1321 2279 posso
1346 2237 1482 2266 essere
1504 2219 1672 2280 lungho
1694 2238 1774 2280 per
1795 2220 1902 2268 altre

92 2284 374 2343 occupationi
395 2283 475 2330 che
495 2285 556 2330 mi
576 2286 792 2332 cacciano.
813 2288 895 2332 Per
912 2285 952 2332 13
968 2287 1111 2346 prima
1130 2286 1238 2334 altra
1255 2287 1471 2334 cavalcata
1485 2288 1529 2333 vi
1546 2287 1762 2335 scriverro
1780 2302 1822 2335 et
1840 2289 1900 2334 in-

90 2352 393 2410 gegnerommi
420 2351 612 2399 satisfare
638 2352 719 2400 alla
743 2353 928 2400 volonta
953 2353 998 2400 di
1023 2355 1311 2415 Monsignore
1339 2355 1482 2415 legato
1509 2355 1610 2403 delli
1636 2355 1845 2416 apologi,²
1870 2374 1898 2403 0

91 2418 314 2478 vogliamo
339 2418 431 2466 dire
454 2419 599 2467 fumee
621 2420 816 2468 secondo
838 2421 866 2467 il
888 2416 1110 2478 Mellino,b
1135 2423 1181 2468 in
1202 2423 1338 2483 gratia
1359 2423 1427 2470 del
1449 2423 1589 2484 quale,
1613 2438 1655 2471 et
1676 2423 1766 2471 cosi
1789 2424 1901 2471 della

169 2630 178 2654 i
203 2638 262 2673 He
288 2649 359 2673 was
386 2636 624 2675 commended
650 2651 685 2675 as
710 2637 814 2686 papal
839 2650 899 2676 tax
923 2638 1096 2677 collector
1119 2651 1158 2677 to
1186 2643 1350 2678 Lorenzo
1374 2640 1430 2678 de’
1456 2640 1590 2678 Medici
1615 2641 1664 2689 by
1690 2641 1898 2690 Pierfilippo

90 2687 297 2726 Pandolfini
319 2702 371 2726 on
398 2692 435 2726 11
463 2689 569 2738 April
594 2693 691 2728 1483:
719 2690 896 2729 ‘havendo
921 2705 941 2729 a
964 2693 1086 2730 venire
1106 2706 1259 2741 persona
1281 2692 1320 2731 di
1343 2707 1422 2742 qua,
1448 2707 1527 2731 non
1547 2695 1578 2731 si
1599 2694 1775 2743 potrebbe
1798 2706 1898 2733 torre

89 2738 229 2777 huomo
245 2739 310 2789 piu
326 2740 491 2779 edificato
507 2741 539 2779 al
554 2741 703 2790 bisogna
718 2742 783 2780 che
797 2742 873 2788 lui’,
890 2743 1090 2788 Bizzocchi,
1108 2744 1226 2782 Chiesa
1242 2759 1260 2783 e
1268 2755 1384 2794 potere
1399 2745 1488 2783 nella
1506 2748 1651 2784 Toscana
1665 2746 1723 2784 del
1736 2748 1896 2794 Quattro

89 2801 197 2835 cento,
215 2795 362 2830 339-40.

168 2854 176 2876 ¹
195 2850 364 2888 Cardinal
383 2854 575 2889 Francosco
596 2854 776 2900 Gonzaga,
795 2867 851 2891 see
869 2853 931 2891 the
948 2853 1138 2903 following
1154 2867 1252 2893 note.

169 2911 182 2925 ²
207 2911 400 2946 Francesco
428 2911 609 2958 Gonzaga,
637 2910 792 2948 cardinal
816 2911 927 2959 legate
953 2913 992 2949 in
1018 2912 1178 2960 Bologna
1203 2913 1273 2951 and
1295 2925 1335 2951 to
1361 2913 1423 2951 the
1447 2913 1551 2962 papal
1577 2928 1679 2962 army
1705 2914 1897 2963 defending

90 2961 244 3003 Ferrum
267 2959 393 2998 Scala’s
413 2961 561 3009 Apologi
582 2972 719 3000 centum
743 2962 788 3010 (V
791 2967 820 3000 :5
845 2962 976 3012 below)
999 2977 1057 3001 are
1078 2963 1183 3002 listed
1204 2965 1244 3001 in
1265 2964 1319 3003 his
1341 2968 1539 3014 Inventory
1559 2979 1594 3003 as
1618 2966 1822 3010 ‘restituiti'‚
1842 2980 1900 3004 see

88 3011 385 3056 D.S.Chambers,
402 3014 433 3049 A
450 3014 673 3051 Renaissance
692 3014 863 3052 Cardinal
872 3015 947 3053 and
958 3015 1009 3053 his
1025 3015 1168 3064 worldly
1177 3016 1292 3064 goods:
1309 3016 1363 3054 the
1378 3016 1451 3054 will
1463 3017 1538 3055 and
1550 3021 1733 3066 inventory
1747 3017 1896 3066 ofFran-

88 3076 175 3100 casco
191 3065 355 3111 Gonzaga
365 3064 604 3112 (1444-1483),
618 3065 775 3103 London
786 3066 974 3115 (Wlarburg
989 3067 1176 3116 Institute),
1192 3071 1289 3112 1992,
1307 3071 1565 3113 11-12,70,172;
1579 3069 1684 3113 Scala,
1702 3072 1765 3107 199
1777 3072 1883 3115 [1381

168 3115 184 3140 ¹²
208 3121 389 3170 Probably
413 3123 515 3160 Piero
538 3122 692 3167 Mellim',
714 3138 734 3161 a
756 3123 903 3168 banker,
927 3139 947 3162 a
968 3125 1105 3163 former
1125 3138 1300 3164 treasurer
1321 3126 1363 3164 of
1382 3126 1444 3164 the
1467 3128 1571 3164 Dieci
1591 3126 1630 3165 di
1654 3126 1759 3171 Balia,
1783 3127 1854 3165 and
1876 3142 1895 3165 a

87 3172 252 3210 member
269 3172 310 3210 of
326 3174 354 3211 it
372 3174 411 3210 in
431 3177 597 3219 1482-83;
617 3174 661 3212 cf.
678 3174 784 3213 letter
799 3180 831 3220 7,
850 3188 936 3214 note
953 3176 989 3225 d)
1009 3177 1132 3215 above.
