2124 3464
213 174 271 215 96
1841 179 1979 213 PART
2004 180 2018 213 1

1083 323 1158 364 101

719 392 796 432 To
820 392 934 431 THE
954 392 1204 432 ANZIANI
1227 393 1301 431 OF
1324 393 1518 432 LUCCA

958 463 1006 500 10
1028 459 1153 512 April
1179 462 1280 499 1481

298 558 367 603 Lu,
385 554 452 595 fol.
470 557 555 602 25v,
573 569 684 606 copy3
702 554 795 594 Miss
814 556 872 602 48,
892 553 958 593 fol.
976 556 1084 601 213v,
1102 553 1288 605 chancery
1303 552 1412 602 draft,
1430 552 1582 593 headed:
1605 552 1766 594 ‘Eisdem
1785 556 1942 602 [Lucen-

298 611 415 659 sibus]
435 611 594 650 nomine
614 609 938 650 d.Bartholomei.'

213 714 443 775 Magnifici
462 729 503 761 et
519 728 724 775 potentes
741 713 912 761 domini
932 714 1018 760 mei
1036 713 1429 760 observandissimi.
1451 714 1549 760 Fuit
1568 713 1677 760 mihi
1696 731 1797 761 cum
1815 714 2020 761 Antonio

214 783 266 831 de
283 788 444 830 Monte
463 782 728 838 Vettolin0‚²
748 800 848 829 cum
869 781 939 829 hic
957 796 1099 842 ageret
1116 781 1344 842 stipendia,
1365 781 1644 829 familiaritas.
1663 782 1790 829 Visus
1811 796 1873 829 est
1892 800 2024 843 quan-

213 867 310 899 tum
332 852 461 912 potui
483 851 650 911 assequi
674 851 850 911 ingenio
875 850 1013 897 homo
1036 850 1190 897 bonus.
1217 854 1280 896 Ex
1303 868 1392 911 quo
1415 851 1546 897 etiam
1568 851 1701 910 magis
1723 868 1819 897 sum
1844 851 2025 898 miratus

211 921 406 981 potuisse
428 937 529 966 eum
549 918 714 980 aliquid
731 933 944 966 attentare
959 918 1080 979 quod
1099 919 1305 966 meruerit
1325 918 1672 979 indignationem
1690 933 1892 966 vestram.
1910 922 2023 966 Non

211 1006 393 1049 possum
418 1005 511 1035 non
533 988 728 1034 misereri
750 987 853 1043 eius,
876 1005 1007 1047 quem
1029 986 1264 1047 aliquando
1286 987 1536 1034 amaverim.
1559 991 1707 1047 Itaque
1726 986 1906 1034 tandem
1925 987 2024 1034 scri-

213 1057 315 1104 bere
339 1056 513 1103 decrevi
532 1055 586 1103 ad
605 1074 697 1112 vos,
721 1055 856 1102 fretus
876 1070 1087 1116 perpetua
1107 1055 1383 1102 observantia
1404 1073 1501 1102 mea
1521 1073 1619 1115 erga
1638 1073 1716 1102 vos
1739 1054 2023 1116 inclitamque

213 1125 370 1172 urbem
393 1139 598 1180 vestram,
623 1138 664 1171 et
686 1124 906 1171 constanti
926 1123 1265 1184 vehementique
1287 1123 1434 1170 studio
1456 1122 1730 1183 gratificandi
1750 1137 1879 1184 atque
1902 1123 2022 1171 obse-

214 1192 379 1254 quendi
396 1192 522 1239 vobis
545 1193 590 1238 in
611 1192 738 1239 rebus
759 1191 965 1238 omnibus
987 1206 1201 1252 quantum
1222 1190 1368 1238 ferunt
1388 1190 1625 1238 facultates.
1645 1190 1931 1238 Commendo
1952 1191 2024 1251 igi-

214 1276 287 1309 tur
309 1261 539 1308 hominem
567 1260 684 1307 hunc
706 1260 832 1307 vobis
859 1278 950 1307 non
972 1259 1138 1320 vulgari
1162 1259 1562 1306 commendatione.
1586 1260 1628 1306 Si
1652 1277 1752 1306 eum
1776 1259 1979 1307 miseritis
2003 1277 2025 1306 e

213 1329 400 1376 vinculis
420 1343 462 1376 et
480 1328 669 1375 liberum
690 1329 889 1384 siveritis,
912 1327 1117 1375 dederitis
1135 1327 1243 1373 mihi
1263 1342 1437 1374 tantum
1455 1326 1659 1374 beneficii
1679 1341 1893 1387 quantum
1915 1327 2025 1374 exci-

215 1397 316 1444 dere
342 1415 363 1444 e
390 1397 606 1444 memoria
631 1414 875 1456 numquam
900 1390 1072 1456 possit.b
1098 1400 1174 1442 Me
1200 1394 1442 1456 magnificis
1467 1409 1508 1442 et
1531 1394 1787 1456 potentibus
1812 1395 2022 1442 Dominis

213 1466 379 1512 Vestris
400 1464 683 1512 commendo.
706 1468 771 1510 Ex
790 1463 1013 1511 Florentia
1031 1463 1099 1510 die
1118 1482 1146 1509 x
1165 1463 1328 1524 Aprilis
1354 1468 1471 1510 1481.
1493 1464 1594 1510 Eius
1616 1462 1872 1523 magnificae
1891 1477 1933 1510 et
1949 1480 2026 1524 po-

214 1534 347 1581 tentis
360 1533 695 1580 Dominationis
710 1537 889 1579 Vestrae
901 1533 1101 1588 servitor,
1117 1531 1452 1579 Bartholomeus
1467 1531 1587 1579 Scala
1598 1530 1894 1578 Cancellarius
1906 1531 2025 1578 Flor-

215 1616 403 1649 entinus.

1085 1708 1162 1750 102

466 1780 543 1819 TO
567 1779 1027 1819 GIANGALEAZZO
1052 1778 1290 1824 SFORZA,
1311 1779 1471 1818 DUKE
1493 1779 1568 1818 OF
1589 1779 1779 1817 MILAN

960 1850 1005 1886 11
1030 1845 1155 1898 April
1181 1849 1282 1886 1481

582 1942 665 1981 SPE
686 1943 769 1981 3024
791 1939 976 1992 Original.
997 1942 1219 1992 Secretary’s
1240 1939 1353 1980 hand.
1372 1938 1484 1987 Scala,
1507 1942 1551 1979 82
1570 1941 1659 1987 [54].

216 2045 507 2093 Illustrissime
530 2045 748 2106 princeps,
772 2044 1130 2092 excellentissime
1153 2043 1332 2091 domine
1355 2047 1474 2100 Dux,
1498 2043 1677 2090 domine
1701 2043 1762 2089 mi
1783 2042 2024 2103 singularis-

214 2115 336 2161 sime.
361 2114 545 2161 Insieme
569 2113 681 2160 colla
700 2113 854 2160 lettera
872 2112 983 2160 della
1001 2127 1149 2159 vostra
1168 2112 1447 2168 Excellentia,
1470 2111 1530 2159 ho
1550 2111 1590 2159 la
1608 2125 1786 2172 patente
1806 2110 1923 2158 dello
1943 2109 2023 2158 ufi-

216 2183 286 2229 cio
315 2196 356 2229 et
385 2181 551 2242 dignita
578 2181 647 2228 del
675 2196 828 2228 vostro
858 2180 1156 2228 (3035111311οῘι
1186 2185 1388 2227 Nessuna
1417 2198 1517 2227 cosa
1544 2180 1605 2226 mi
1631 2194 1794 2240 poteva
1821 2178 2025 2226 advenire

216 2250 296 2298 che
318 2251 379 2297 mi
403 2249 515 2297 fusse
537 2249 613 2333 piu
636 2264 756 2310 grata
775 2264 816 2297 et
836 2249 912 2310 piu
936 2263 1172 2310 expectata.
1193 2253 1246 2296 Et
1267 2247 1426 2310 perche
1451 2247 1477 2295 'l
1497 2247 1658 2309 grande
1682 2247 1851 2295 honore
1874 2265 1967 2294 non
1988 2247 2023 2295 si

216 2318 371 2375 debbe,
394 2337 447 2365 110
468 2318 574 2379 puo,
599 2336 756 2379 equare
778 2317 887 2365 colle
907 2317 1071 2378 parole,
1093 2316 1309 2378 preghero
1329 2318 1421 2364 Dio
1444 2316 1523 2364 che
1544 2317 1605 2363 mi
1627 2316 1697 2363 dia
1717 2317 1852 2376 gratia
1870 2315 1950 2363 che
1972 2315 2027 2363 al-

216 2405 351 2434 meno
380 2387 564 2434 l’animo
598 2387 690 2433 mio
721 2387 765 2432 in
797 2387 899 2446 ogni
929 2400 1082 2447 tempo
1113 2386 1339 2433 riconosca
1367 2399 1493 2432 tanto
1522 2383 1770 2432 immortale
1801 2398 1842 2431 et
1872 2383 2025 2431 divino

215 2455 448 2503 beneficio.
474 2456 575 2502 Vixi
598 2454 665 2515 gia
686 2455 732 2501 in
755 2469 920 2502 cotesta
940 2454 1089 2501 inclita
1112 2453 1229 2510 citta,
1251 2453 1472 2500 honorato
1495 2452 1611 2500 dallo
1632 2471 1715 2500 avo
1735 2466 1888 2499 vostro
1911 2451 2023 2499 illus-

297 2656 384 2695 ².Cf
403 2656 523 2694 letters
540 2656 581 2694 of
598 2660 639 2694 10
656 2655 761 2705 April
774 2655 872 2694 from
889 2655 951 2693 the
967 2656 1129 2704 Signoria
1144 2654 1185 2693 of
1199 2654 1369 2693 Florence
1385 2654 1456 2692 and
1470 2654 1567 2692 from
1586 2657 1749 2692 Lorenzo
1764 2652 1820 2692 de'
1837 2652 1972 2691 Medici
1985 2664 2025 2691 to

215 2709 277 2747 the
294 2710 453 2747 Anziani
467 2708 508 2746 of
524 2712 648 2753 Lucca,
665 2712 728 2753 Lu,
745 2708 809 2746 fol.
827 2712 891 2746 25r
904 2707 975 2746 and
991 2711 1166 2752 Lorenzo,
1183 2710 1321 2751 Lettere,
1338 2710 1381 2751 V,
1402 2709 1488 2744 176-
1490 2711 1544 2751 77,
1563 2720 1615 2744 on
1630 2706 1797 2744 Antonio
1812 2704 1850 2743 di
1863 2707 2024 2743 Domen-

216 2763 272 2799 ico
300 2762 460 2809 Briganti
483 2761 526 2799 de
553 2764 684 2798 Monte
710 2760 897 2798 Vettolino
925 2760 995 2798 and
1018 2759 1090 2798 this
1116 2759 1285 2803 incident,
1311 2773 1367 2797 see
1395 2762 1432 2796 E.
1436 2757 1672 2803 Lazzareschi,
1701 2757 1900 2796 ‘Relazioni
1923 2756 1978 2795 fra
2002 2755 2028 2794 il

215 2814 413 2863 Magnifico
430 2818 595 2852 Lorenzo
612 2829 630 2852 e
646 2814 680 2852 la
694 2815 855 2862 Signoria
870 2813 908 2851 di
923 2816 1060 2858 Lucca‚'
1076 2816 1125 2851 La
1138 2815 1312 2851 Rinascita
1329 2817 1351 2850 4
1367 2812 1492 2861 (1941),
1513 2815 1590 2856 342,
1606 2811 1677 2849 and
1692 2814 1868 2855 Lorenzo,
1883 2813 2023 2855 Lettere,

216 2867 342 2911 above,
361 2878 448 2904 note
469 2870 498 2904 1.

297 2918 312 2942 b
328 2925 405 2962 The
420 2925 579 2962 Anziani
592 2924 727 2972 replied
740 2936 780 2962 to
796 2923 892 2962 Scala
907 2923 990 2971 (31111
1005 2923 1077 2961 3150
1094 2935 1134 2961 to
1149 2922 1211 2960 the
1226 2923 1387 2970 Signoria
1401 2921 1471 2960 and
1486 2921 1662 2980 Lorenzo)
1678 2935 1730 2959 on
1747 2924 1788 2958 17
1802 2919 1908 2969 April
1925 2923 2023 2964 1481,

218 2980 281 3015 Lu.
301 2976 365 3014 fol.
387 2979 461 3014 26r:
483 2976 729 3014 ‘Tentabimus
750 2988 784 3013 et
804 2976 905 3013 brevi
921 2976 952 3013 si
971 2974 1057 3024 quid
1077 2974 1220 3012 homini
1237 2973 1402 3023 prodesse
1423 2974 1621 3022 poterimus
1643 2986 1757 3021 neque
1774 2971 1887 3010 deerit
1905 2971 2026 3009 omnis

216 3029 344 3073 favor}
363 3028 407 3066 cf.
409 3028 515 3066 letter
535 3032 609 3072 104,
629 3040 716 3066 note
734 3027 776 3076 a)

298 3087 402 3125 ²The
416 3099 541 3136 patent
555 3088 738 3135 renewing
750 3086 857 3124 Scala'
858 3101 874 3124 s
890 3085 1059 3135 privilege
1073 3100 1107 3123 as
1122 3084 1237 3123 Ducal
1250 3084 1452 3123 councillor
1464 3083 1534 3122 and
1545 3095 1719 3132 secretary
1733 3082 1774 3121 of
1790 3086 1828 3120 13
1845 3082 2025 3130 February

220 3143 303 3177 1481
323 3141 351 3177 is
366 3139 494 3183 edited,
514 3138 605 3176 with
617 3138 680 3176 the
696 3138 865 3187 privilege
880 3137 921 3175 of
935 3142 956 3175 7
971 3141 1058 3186 May
1077 3140 1175 3181 1469
1192 3137 1241 3185 by
1257 3139 1291 3173 D
1297 3137 1462 3180 .Moreni,
1478 3139 1613 3173 Notizie
1630 3134 1782 3172 iston'che
1795 3134 1851 3172 dei
1866 3136 2027 3172 contorm'

216 3191 255 3229 di
271 3195 420 3235 Firenze,
439 3194 485 3227 III
504 3190 699 3238 (Florence,
721 3189 832 3238 1792),
852 3194 919 3227 75-
921 3193 975 3233 79,
995 3189 1100 3233 Scala,
1121 3192 1174 3233 56,
1178 3192 1221 3226 82
1239 3191 1308 3234 [37,
1312 3191 1378 3234 54].
