2060 3450
103 177 446 213 DocuMENTs
1811 166 1900 207 473

994 318 1018 359 3

386 389 589 430 GRANT
611 390 687 429 OF
709 390 852 428 FULL
872 387 1244 428 FLORENTINE
1265 387 1632 427 CITIZENSHIP

781 459 828 496 13
852 455 1107 508 September
1131 458 1232 494 1471

186 553 276 592 ASF
293 550 393 591 Bana
410 554 469 598 31,
485 549 570 590 fols.
588 553 763 590 56v-57r.
781 552 823 588 In
839 564 955 601 marg.
973 549 1148 588 ‘Domini
1163 548 1422 588 Bartholomei
1438 547 1540 588 Scala
1554 548 1670 600 primi
1686 547 1826 588 cancel·

186 607 268 648 larii
292 606 462 647 habilitas
487 606 532 647 ad
556 605 709 646 officia.‘
733 604 801 646 Ed.
826 607 873 645 C.
895 604 1079 645 Banolini
1103 605 1141 644 in
1163 607 1205 644 B.
1228 604 1341 652 Scala,
1369 607 1452 644 Vita
1480 603 1659 644 Vitaliani
1678 603 1829 644 Borrho-

187 666 294 711 maei,
314 666 450 711 Rome,
475 666 579 710 1677,
598 665 730 702 35-37.
749 661 861 709 Scala,
883 665 929 701 66
947 664 1036 710 [47].

102 768 236 814 Dicta
266 766 335 813 die
366 767 442 812 xiii
472 765 740 826 Septembris
777 770 895 812 1471.
931 764 1173 820 Intellecto,
1205 763 1426 824 magnifici
1460 778 1502 810 et
1534 763 1690 810 excelsi
1721 763 1908 819 domini,

103 835 275 882 domini
295 835 466 881 Priores
487 833 717 880 Libertatis
735 848 777 880 et
794 831 1022 879 Vexillifer
1039 833 1229 879 Iustitiae
1247 831 1404 893 Populi
1424 831 1683 887 Florentini,
1704 831 1909 892 quemad-

103 903 289 950 modum
324 902 689 963 prudentissimus
725 916 766 948 et
799 900 1179 961 eloquentissimus
1214 901 1295 956 vir,
1329 900 1535 947 dominus
1570 899 1908 947 Bartholomeus

103 970 310 1018 Iohannis
333 969 466 1026 Scala,
491 969 546 1016 ad
564 987 766 1030 praesens
791 968 1066 1029 dignissimus
1090 969 1258 1029 primus
1283 969 1537 1015 secretarius
1559 986 1608 1015 ac
1630 967 1910 1015 cancellarius

102 1039 391 1086 dominomm
411 1038 615 1085 Priorum
636 1055 684 1085 ac
698 1036 939 1085 Vexilliferi
959 1037 1148 1084 Iustitiae
1163 1036 1321 1098 Populi
1340 1036 1598 1093 Florentini,
1617 1036 1819 1084 nondum
1838 1037 1910 1083 tri-

101 1108 221 1168 ginta
236 1124 376 1154 annos
389 1106 551 1154 subivit
570 1124 705 1153 onera
720 1107 766 1152 in
783 1107 957 1153 civitate
970 1105 1231 1162 Florentiae,
1247 1123 1299 1152 ex
1315 1123 1405 1166 quo
1422 1105 1477 1152 ad
1490 1104 1640 1152 officia
1655 1106 1906 1152 communis

102 1193 195 1223 non
215 1190 277 1222 est
298 1174 465 1231 habilis;
488 1189 530 1221 et
548 1189 861 1235 cognoscentes
879 1175 924 1220 in
944 1174 1291 1235 quibuscumque
1313 1173 1574 1234 dignissimis
1596 1191 1645 1221 ac
1661 1173 1773 1220 bene
1791 1174 1909 1221 insti-

101 1244 207 1291 tutis
228 1242 477 1290 civitatibus
499 1258 616 1290 recta
634 1243 803 1289 ratione
826 1242 1106 1289 observatum
1129 1241 1256 1289 fuisse
1277 1256 1326 1289 ut
1348 1243 1378 1288 ii
1398 1242 1473 1302 qui
1493 1242 1730 1289 virtutibus
1748 1241 1906 1302 poller-

101 1326 191 1368 ent,
221 1312 421 1372 quamvis
453 1311 558 1358 novi
590 1325 744 1366 essent,
776 1328 868 1357 non
897 1310 1042 1357 solum
1074 1311 1248 1357 civitate
1277 1310 1550 1357 donarentur
1577 1324 1619 1357 et
1650 1309 1704 1357 ad
1730 1309 1906 1371 publica

102 1397 286 1427 munera
301 1379 529 1426 subeunda
547 1378 709 1426 habiles
728 1378 1028 1435 redderentur,
1042 1378 1118 1426 sed
1134 1379 1193 1425 eis
1208 1378 1327 1443 ultro
1346 1379 1478 1425 etiam
1495 1378 1686 1425 honores
1706 1396 1755 1425 ac
1767 1378 1907 1439 publi-

102 1466 175 1495 cae
197 1447 429 1508 dignitates
451 1447 664 1507 gerendae
686 1447 1057 1494 demandarentur
1077 1447 1135 1494 ob
1159 1465 1314 1494 eorum
1339 1465 1488 1493 veram
1512 1446 1805 1502 nobilitatem,
1832 1450 1908 1493 ‘est

101 1516 220 1563 enim
258 1515 464 1562 nobilitas
501 1515 593 1562 sola
629 1530 757 1575 atque
792 1515 921 1561 unica
954 1515 1140 1570 virtus’;²
1176 1529 1217 1561 et
1252 1515 1476 1575 cupientes
1512 1514 1812 1575 supradictum
1849 1517 1907 1561 D.

102 1583 466 1630 Bartholomeum
498 1582 632 1638 Scala,
662 1583 873 1643 quoniam
904 1583 938 1629 is
968 1597 1010 1629 et
1039 1582 1092 1629 de
1123 1582 1344 1643 republica
1373 1582 1669 1629 benemeritus
1700 1597 1777 1638 est,
1807 1600 1909 1629 cum

102 1651 221 1698 illam
247 1669 323 1698 sua
350 1652 512 1698 virtute
539 1666 580 1698 et
607 1650 858 1711 eloquentia
883 1650 1045 1711 ubique
1073 1650 1228 1698 litteris
1255 1650 1440 1698 mirifice
1467 1665 1610 1707 ornet,
1638 1665 1680 1698 et
1706 1651 1808 1712 quia
1832 1668 1909 1698 sua

102 1737 235 1780 opera
252 1734 294 1766 et
311 1720 402 1766 eius
422 1719 628 1766 nobilitas
647 1720 707 1766 ita
723 1718 819 1765 fieri
834 1718 1032 1775 suadent,
1052 1718 1242 1766 habilem
1261 1718 1401 1766 facere
1418 1719 1472 1766 ad
1487 1718 1637 1766 officia
1652 1734 1787 1779 prout
1805 1734 1907 1766 sunt

101 1787 173 1835 alii
202 1788 329 1835 cives:
362 1787 540 1843 idcirco,
572 1787 719 1834 habita
746 1788 895 1848 primo
927 1788 1042 1834 inter
1068 1805 1112 1834 se
1143 1788 1257 1848 ipsos
1289 1787 1603 1835 deliberatione
1631 1787 1834 1843 solemni,
1868 1802 1909 1834 et

99 1857 340 1917 praemisso
362 1871 404 1903 et
426 1855 544 1903 facto
564 1856 679 1902 inter
699 1874 773 1903 eos
794 1855 981 1903 solemni
1005 1870 1047 1903 et
1066 1870 1234 1903 secreto
1254 1857 1467 1903 scrutinio
1490 1855 1544 1903 ad
1563 1855 1682 1903 fabas
1703 1857 1844 1916 nigras
1867 1871 1909 1903 et

101 1924 230 1980 albas,
258 1939 300 1971 et
326 1924 514 1971 obtento
538 1925 704 1984 partito
728 1924 970 1971 secundum
997 1924 1304 1971 ordinamenta
1328 1924 1434 1971 dicti
1458 1925 1708 1972 communis
1738 1924 1807 1971 die
1832 1925 1908 1971 xiii

99 1993 338 2052 praesentis
359 1993 519 2039 mensis
541 1992 821 2052 Septembris;
845 2007 886 2039 et
906 1992 1086 2039 demum
1107 2007 1260 2053 postea
1280 1993 1370 2053 ipsa
1391 1992 1543 2040 eadem
1564 1992 1633 2040 die
1654 1993 1770 2040 inter
1790 1994 1906 2053 ipsos

101 2059 308 2107 dominos
325 2075 367 2107 et
382 2059 687 2107 Vexilliferum
704 2061 894 2107 Iustitiae
909 2075 950 2107 et
965 2060 1234 2108 consiliarios
1251 2060 1421 2108 consilii
1439 2062 1617 2108 maioris
1630 2079 1711 2122 per
1724 2061 1905 2108 consilia

101 2143 354 2189 opportuna
378 2129 565 2175 civitatis
583 2128 830 2175 Florentiae
853 2129 1041 2175 instituti
1064 2143 1106 2175 et
1128 2128 1319 2176 ordinati
1340 2129 1393 2176 de
1414 2147 1562 2176 mense
1586 2129 1682 2176 Iulii
1703 2130 1906 2190 proxime

99 2197 338 2256 praeteriti,
356 2196 559 2243 videlicet
579 2196 648 2243 die
669 2197 823 2256 quinta
843 2198 1002 2243 mensis
1025 2196 1218 2243 eiusdem
1241 2198 1285 2243 in
1308 2197 1511 2244 Consilio
1535 2198 1802 2244 Communis
1826 2215 1910 2258 pro

101 2263 223 2310 finali
245 2264 542 2320 conclusione,
568 2264 689 2324 quod
710 2282 877 2311 novum
902 2264 1134 2311 consilium
1158 2279 1342 2312 vocatur
1362 2265 1390 2311 il
1411 2265 1641 2325 Consiglio
1665 2266 1906 2325 Maggiore,

102 2332 147 2377 in
163 2331 486 2378 sufficientibus
506 2333 699 2379 numeris
719 2333 764 2378 in
781 2332 945 2393 palatio
962 2332 1118 2393 Populi
1138 2332 1381 2380 Florentini
1401 2334 1590 2380 invicem
1608 2348 1907 2393 congregatos3

101 2399 308 2446 omnibus
330 2414 479 2446 tamen
499 2400 551 2446 de
570 2400 691 2447 dicto
709 2400 894 2447 consilio
913 2402 1033 2461 prius
1053 2400 1310 2448 solemniter
1330 2416 1371 2448 et
1389 2416 1437 2448 ut
1457 2402 1592 2448 moris
1614 2416 1675 2448 est
1697 2419 1910 2448 convoca-

100 2468 169 2523 tis,
186 2468 440 2528 praemisso‚
462 2467 579 2514 facto
596 2483 637 2514 et
654 2468 874 2515 celebrato
887 2468 1074 2515 solemni
1094 2483 1136 2515 et
1152 2484 1321 2516 secreto
1336 2470 1549 2516 scrutinio
1568 2484 1610 2516 et
1627 2470 1760 2516 misso
1776 2471 1907 2530 parti-

100 2550 149 2582 to
166 2535 222 2582 ad
237 2535 355 2582 fabas
373 2537 514 2596 nigras
532 2551 574 2583 et
590 2536 719 2592 albas,
738 2551 780 2583 et
798 2536 985 2583 obtento
1001 2536 1243 2584 secundum
1262 2537 1570 2584 ordinamenta
1586 2537 1692 2584 dicti
1707 2555 1904 2584 commu-

102 2604 180 2659 nis,
212 2604 362 2664 vigore
395 2605 667 2651 auctoritatis
697 2619 738 2651 et
767 2605 995 2665 potestatis
1024 2623 1104 2666 per
1134 2604 1249 2652 dicta
1278 2605 1458 2652 consilia
1490 2620 1712 2666 oportuna
1744 2605 1907 2653 eisdem

101 2689 343 2728 concessae3
363 2687 404 2719 et
423 2673 547 2719 omni
570 2672 721 2728 modo,
743 2673 825 2729 via,
845 2674 936 2720 iure
956 2688 998 2720 et
1018 2672 1161 2720 forma
1181 2673 1337 2734 quibus
1359 2674 1493 2734 magis
1512 2691 1560 2720 ac
1578 2674 1732 2721 melius
1752 2689 1905 2735 potue·

102 2754 218 2795 runt,
245 2740 551 2800 providerunt,
580 2740 895 2788 ordinaverunt
922 2756 964 2788 et
991 2741 1340 2788 deliberaverunt
1368 2741 1489 2802 quod
1516 2760 1568 2788 ex
1595 2760 1727 2798 nunc,
1756 2743 1906 2802 vigore

100 2808 338 2867 praesentis
366 2809 631 2868 provisionis
666 2808 825 2869 absque
858 2809 1001 2869 aliqua
1030 2809 1316 2870 praecedente
1342 2809 1577 2865 solutione,
1611 2809 1826 2870 aliquibus
1860 2811 1905 2856 in

101 2876 372 2922 contrarium
396 2893 487 2922 non
509 2876 797 2932 obstantibus,
820 2877 1091 2937 supradictus
1113 2877 1318 2924 dominus
1341 2877 1677 2924 Bartholomeus
1699 2877 1906 2924 Iohannis

100 2942 252 2989 Schala
280 2943 546 3003 intelligatur
571 2962 659 2990 esse
687 2959 728 2990 et
753 2945 807 2991 sit
834 2962 974 3000 verus,
1003 2946 1206 3005 antiquus
1234 2960 1275 2991 et
1303 2946 1559 3004 originarius
1589 2946 1693 2992 civis
1720 2946 1907 2992 civitatis

181 3185 193 3199 ³
207 3180 368 3227 Juvenal,
387 3183 450 3218 Sat.
473 3183 621 3224 V111,20.
