2124 3458
212 166 302 207 428
1800 171 1938 204 PART
1962 171 2014 204 vl

333 313 451 358 Tum
474 311 670 372 primum
695 311 940 357 immeritos
964 328 1116 371 cepere
1137 309 1264 357 ferire
1286 310 1492 357 iuvencos

335 384 471 440 Inque
493 379 615 440 sequi
637 378 808 440 lepores
831 393 872 425 et
894 379 1002 425 retia
1020 377 1199 425 tendere
1220 378 1356 425 cervis

334 447 636 508 Mandereque
658 447 854 494 imbelles
877 446 1024 494 damas
1043 446 1346 508 placidamque
1367 446 1608 503 bidentem;
1858 461 1899 493 75

333 519 451 563 Tum
476 530 648 576 captare
668 533 793 576 grues
815 515 978 576 laqueis
1000 529 1041 562 et
1062 515 1208 562 fallere
1230 529 1359 562 cantu

335 588 633 645 Compertum
658 583 812 631 turdos
835 583 1051 644 avidoque
1074 583 1310 630 recondere
1330 584 1486 630 ventri.

333 652 417 700 Sed
439 670 520 700 nec
539 653 704 713 pavoni
725 666 911 713 parcunt
933 652 1147 713 variisque
1170 651 1397 699 columbis:

335 726 425 769 Iam
449 720 557 768 nihil
582 720 865 768 immundum
891 735 967 777 est,
990 735 1182 768 mactant
1205 738 1306 768 nam
1330 735 1487 768 cuncta
1506 735 1750 781 vorantque

335 789 565 850 Quicquid
589 789 750 837 habent
773 803 888 836 terra
907 804 949 836 et
970 788 1138 836 caelum
1161 803 1201 836 et
1221 790 1451 850 Neptunia
1473 807 1614 850 regna.
1860 804 1902 835 80

335 857 551 919 Ingluvies
574 857 628 905 ah
651 857 744 905 dira
764 857 900 918 gulae,
925 876 1005 905 nos
1027 857 1181 918 tigride
1204 857 1294 905 fera

334 928 509 974 Peiores
529 927 725 987 ursisque
748 926 849 973 feris
869 944 1080 987 saevaque
1100 926 1260 974 leaena:

332 999 542 1056 Namque
565 994 680 1042 fame
703 1009 868 1042 cessant
889 994 1012 1056 pulsa
1034 1013 1114 1042 nec
1135 994 1303 1042 laedere
1324 1009 1553 1056 quaerunt,

332 1068 432 1111 Nos
455 1063 620 1111 bellum
646 1063 811 1111 assidue
834 1064 1023 1124 gerimus
1047 1082 1148 1111 cum
1170 1079 1297 1125 gente
1320 1063 1510 1112 ferarum

332 1137 432 1180 Nec
454 1133 624 1194 requies
646 1132 775 1180 datur
794 1132 881 1180 ulla
903 1132 1020 1189 mali,
1043 1132 1122 1180 sub
1145 1133 1306 1180 viscere
1327 1133 1468 1180 viscus
1859 1148 1899 1179 85

333 1201 560 1248 Conditur
582 1216 623 1248 et
645 1216 796 1248 noster
817 1201 950 1248 bruto
973 1215 1035 1248 est
1057 1201 1109 1248 de
1129 1202 1335 1262 sanguine
1358 1202 1541 1262 sanguis,

331 1269 522 1316 Delitiae
542 1269 723 1316 sordent
746 1284 939 1326 naturae,
960 1269 1063 1316 vilia
1081 1287 1217 1330 poma

331 1337 516 1397 Vileque
541 1337 650 1393 olus,
676 1337 859 1384 nucibus
882 1337 1054 1384 ludunt:
1080 1355 1128 1384 ea
1146 1338 1282 1398 gratia
1301 1352 1444 1384 restat.

330 1409 443 1452 Non
466 1419 528 1452 est
552 1406 638 1452 iam
661 1404 843 1466 dapibus
866 1405 1132 1452 silvestribus
1155 1405 1243 1453 ulla
1264 1405 1478 1466 voluptas,

330 1473 410 1520 Nil
433 1474 607 1534 sapiunt
632 1474 761 1530 mori,
785 1474 958 1534 sapiunt
982 1473 1043 1520 nil
1067 1492 1249 1521 munera
1272 1473 1368 1534 fagi,
1857 1489 1899 1520 90

332 1545 485 1588 Corna
508 1541 617 1588 nihil
640 1542 828 1602 sapiunt,
852 1541 1033 1589 sorbum
1059 1560 1234 1603 quoque
1258 1542 1413 1603 desipit
1435 1557 1477 1589 et
1497 1542 1628 1603 glans.

330 1614 430 1657 Nec
451 1624 601 1657 tamen
623 1609 852 1657 arboribus
876 1611 1025 1657 minor
1047 1625 1109 1657 est
1130 1628 1206 1657 sua
1227 1610 1363 1671 gloria
1386 1611 1544 1658 nostris

334 1679 469 1739 (Nam
494 1693 718 1739 nequeunt
742 1696 886 1725 mores
909 1693 1087 1726 naturae
1109 1680 1358 1739 extinguere
1380 1678 1554 1726 laudem

331 1747 547 1807 Corrupti
571 1761 644 1794 aut
667 1765 814 1794 rerum
838 1761 974 1794 certas
994 1747 1210 1794 invertere
1231 1746 1425 1808 formas),

328 1819 429 1862 Nec
450 1829 600 1862 tamen
622 1833 675 1862 ex
695 1833 787 1862 uno
809 1815 916 1863 silva
937 1830 998 1863 est
1021 1815 1317 1863 memorabilis
1340 1834 1432 1863 usu:
1855 1831 1895 1862 95

328 1888 538 1945 Namque
561 1898 672 1932 rates
693 1898 734 1931 et
756 1883 868 1932 bella
886 1898 1009 1946 parat
1031 1884 1278 1946 clipeosque
1302 1885 1518 1933 ministrat

330 1957 575 2014 Hastasque
598 1968 640 2000 et
661 1968 897 2010 tormenta,
921 1953 1078 2015 quibus
1101 1955 1187 2001 ruit
1210 1953 1321 2001 Ilion
1344 1953 1494 2001 altum.

327 2021 412 2068 Sed
433 2039 514 2068 nos
537 2039 655 2069 nunc
676 2023 794 2082 pacis
813 2023 961 2082 potius
985 2022 1103 2069 bona
1125 2022 1242 2069 dona
1263 2040 1478 2070 canamus.

327 2093 437 2136 Sunt
460 2108 536 2136 sua
557 2089 764 2136 silvarum
787 2091 1027 2150 gratissima
1049 2108 1232 2137 munera
1251 2091 1361 2151 paci:

328 2157 433 2204 Inde
455 2157 614 2205 domos
639 2172 680 2205 et
701 2157 866 2219 templa
887 2158 1018 2205 deum
1041 2173 1082 2205 et
1104 2158 1325 2219 Capitolia
1347 2158 1457 2206 celsa
1834 2174 1894 2205 100

327 2225 580 2273 Aedificant
600 2226 869 2287 grandesque
892 2225 1038 2274 ferunt
1061 2226 1115 2274 ad
1133 2226 1272 2274 sidera
1293 2226 1442 2274 moles.

326 2299 519 2355 Nanque
542 2313 623 2355 ego
642 2295 850 2355 privatim
874 2313 954 2342 nec
976 2313 1084 2356 quae
1106 2296 1191 2343 sint
1215 2295 1452 2343 commoda
1474 2295 1630 2352 dicam,

325 2367 450 2410 Vana
472 2362 586 2410 foret
609 2364 820 2424 quoniam
844 2364 1085 2411 innumeris
1108 2363 1283 2411 solertia
1304 2364 1431 2412 rebus

325 2436 425 2478 Nec
447 2431 533 2478 dici
552 2433 670 2492 potis
693 2446 755 2479 est
775 2433 924 2493 paucis
946 2433 1109 2480 variata
1127 2432 1331 2493 supellex.

324 2504 436 2546 Non
459 2514 609 2547 tamen
631 2499 676 2547 id
697 2518 873 2561 quoque
894 2515 1179 2561 praeteream,
1200 2500 1308 2547 nihil
1331 2501 1436 2548 utile
1458 2502 1571 2548 vitae
1831 2516 1889 2547 105

324 2572 398 2614 Est
423 2568 546 2624 adeo,
570 2586 622 2615 ex
644 2586 734 2629 quo
755 2568 976 2615 Vulcanus
1001 2568 1258 2616 mortalibus
1283 2570 1427 2630 ignem

324 2635 543 2693 Praebuit,
566 2636 682 2684 unde
706 2651 747 2684 et
769 2636 1024 2684 caelicolum
1047 2638 1226 2685 sortitus
1250 2637 1479 2685 honorem.

323 2705 420 2751 Sive
443 2704 563 2752 dedit
585 2723 717 2752 casus:
743 2704 911 2752 fulmen
934 2705 1141 2753 iaculatus
1163 2705 1214 2753 ab
1238 2705 1326 2753 alto

325 2773 521 2832 Iuppiter
543 2774 762 2833 aeriasque
784 2773 928 2820 ulmos
953 2792 1221 2834 quercusque
1243 2773 1435 2821 valentes

323 2841 592 2887 Monstravit
616 2841 782 2887 nutrire
805 2840 928 2887 focos
951 2855 992 2888 et
1012 2841 1171 2901 pabula
1190 2842 1333 2901 prima
1829 2856 1889 2887 110

325 2908 460 2968 Ligna
480 2909 718 2955 voratrices
737 2909 947 2969 propiora
970 2926 1111 2956 ussere
1136 2908 1316 2956 favillae.

325 2975 430 3022 Inde
452 2976 560 3035 ignis
582 2977 696 3023 vitae
719 2976 881 3023 multos
905 2976 1129 3023 traductus
1150 2977 1195 3022 in
1217 2994 1330 3032 usus,

324 3047 453 3102 Quos
478 3044 558 3090 tibi
579 3043 686 3091 silva
707 3044 839 3091 dabit:
862 3044 968 3091 silva
989 3059 1051 3091 est
1074 3062 1182 3105 quae
1204 3045 1402 3091 continet
1425 3045 1581 3105 ignem.

324 3112 445 3158 Hinc
467 3116 623 3159 Vestae
646 3126 821 3159 aeterna
841 3127 902 3159 est
925 3112 1097 3159 adolere
1119 3112 1267 3159 altaria
1287 3127 1493 3173 coeptum

324 3179 429 3226 Inde
451 3180 539 3239 igni
562 3194 691 3240 atque
712 3198 868 3227 vocare
890 3180 994 3227 deos
1016 3181 1061 3226 in
1083 3195 1187 3227 vota
1206 3198 1454 3241 precesque3
1827 3194 1885 3226 115
