2118 3444
111 165 342 200 PRIVATE
368 164 595 198 LETTERS
1826 155 1913 195 175

111 321 333 364 campum,
357 302 411 350 ad
431 302 635 349 insulsam
659 319 708 348 ac
727 300 954 348 ridiculam
976 300 1299 348 velitationem?
1320 304 1440 347 Nam
1462 318 1563 347 cum
1586 294 1798 347 Herculeb
1818 318 1919 347 con-

110 389 290 432 gressus,
316 388 448 431 quem
472 385 540 417 tot
562 384 770 430 tantaque
792 370 932 416 evicta
954 383 1150 415 monstra
1172 367 1438 415 transferunt
1463 369 1507 414 in
1532 368 1715 424 caelum,
1740 367 1921 415 herbam

111 440 171 487 do
197 440 283 486 iam
311 439 397 485 iam
425 455 680 498 manusque,
709 452 750 484 et
774 454 917 484 serves
942 437 1109 483 victum
1134 454 1303 497 precor.
1331 440 1404 483 Ne
1428 437 1556 483 saevi.
1584 435 1820 496 Triumphi
1849 435 1918 482 die

111 507 268 555 ductus
288 507 404 553 inter
422 506 619 566 captivos
639 505 796 552 addere
816 504 870 552 ad
886 522 1099 565 pompam
1121 519 1280 565 potero
1302 518 1431 564 atque
1450 503 1505 551 ad
1523 521 1771 551 numerum.
1795 508 1917 550 Nam

111 590 227 622 certe
245 592 369 635 agere
387 589 514 634 potes
537 574 638 633 (iam
660 572 769 619 mihi
788 572 976 632 videtur)
1000 590 1091 619 non
1113 572 1165 619 de
1183 572 1338 619 litteris
1358 571 1496 618 modo
1517 572 1689 627 nostris,
1712 571 1788 618 sed
1806 586 1848 618 et
1868 571 1921 618 de

110 643 266 690 litteris
287 659 464 702 quoque
487 642 588 702 ipsis
612 640 901 701 triumphurn.
928 640 1068 699 Quod
1091 657 1160 687 me
1181 641 1241 687 ita
1260 639 1441 700 dignum
1463 640 1698 700 putaveris,
1721 640 1791 686 cui
1811 639 1922 686 adeo

53 743 58 748 -
110 725 309 758 accurate
324 709 623 770 responderes3
640 708 847 769 quodque
863 723 1037 756 tantum
1051 707 1284 755 scribendo
1301 707 1598 755 honestaveris
1615 722 1744 768 atque
1759 707 1920 755 extule-

111 780 167 826 ris
192 779 325 826 etiam
350 795 480 838 supra
506 777 705 833 modum,
735 778 813 824 etsi
839 778 872 824 is
897 794 1070 837 semper
1095 794 1190 823 mos
1217 776 1298 823 fuit
1324 791 1436 832 tuus,
1464 790 1614 823 tamen
1639 775 1719 823 hac
1744 794 1921 836 quoque

110 865 226 894 nova
251 847 295 893 in
322 864 392 893 me
418 863 536 893 nunc
564 845 836 892 humanitate
861 845 1018 892 debere
1042 845 1122 892 tibi
1148 844 1337 892 multum
1366 844 1518 891 fateor.
1545 844 1830 891 Admirabilis
1858 859 1921 891 est

107 914 317 977 profecto
344 929 525 962 ornatus
557 913 764 975 epistolae
796 928 909 970 tuae,
941 913 1142 961 doctrina
1173 931 1288 960 nova
1316 913 1444 974 plane
1476 928 1606 974 atque
1637 912 1917 969 incredibilis;

109 984 315 1031 inusitata
336 982 778 1043 incomparabilisque
803 981 1017 1029 facundia.

193 1056 260 1098 En
279 1051 410 1098 habes
429 1050 535 1111 quid
550 1051 736 1098 sentiam
753 1050 805 1097 de
819 1051 990 1111 scriptis
1007 1051 1105 1106 tuis,
1125 1051 1257 1097 etiarn
1274 1049 1567 1110 chirographo
1586 1049 1917 1106 confirmatum,

107 1121 142 1167 si
161 1119 268 1180 quid
286 1119 491 1166 malevoli
510 1118 871 1179 obloquerentur.
894 1123 986 1179 Ipse
1004 1136 1105 1165 cum
1126 1118 1191 1165 his
1209 1118 1523 1178 vulgatioribus
1543 1117 1750 1178 epistolis,
1770 1133 1819 1165 ut
1838 1117 1921 1165 feci

109 1188 333 1243 hactenus,
352 1205 422 1234 me
438 1187 685 1243 oblectabo‚
704 1201 939 1233 contentus
957 1186 1037 1233 hac
1052 1186 1304 1233 obscuriore
1322 1201 1453 1242 sorte,
1472 1186 1651 1247 quando
1666 1186 1923 1247 praeclario-

109 1274 155 1303 ra
173 1274 253 1303 vos
274 1256 364 1302 nati
385 1256 509 1302 annis
532 1256 594 1315 (ut
615 1254 777 1315 ferunt)
800 1254 1054 1302 melioribus
1078 1255 1378 1315 occupavistis.
1400 1257 1470 1301 Tu
1492 1269 1608 1301 certe
1624 1269 1799 1315 praeter
1816 1269 1926 1302 cete-

108 1342 193 1380 ros,
212 1324 274 1370 mi
292 1323 521 1379 Politiane,
541 1338 720 1370 naturae
737 1323 927 1370 multum
947 1323 1089 1369 debes.
1107 1322 1183 1369 Illa
1199 1322 1280 1370 tibi
1297 1323 1521 1383 ingenium
1541 1322 1670 1378 istud,
1690 1341 1780 1383 quo
1797 1341 1920 1383 agere

107 1407 199 1439 tam
221 1391 373 1447 multa,
395 1406 524 1451 atque
544 1392 821 1446 memoriam,
844 1408 928 1451 qua
948 1391 1151 1437 omnium
1174 1390 1263 1438 fere
1284 1408 1429 1437 rerum
1451 1391 1670 1437 reminisci
1690 1405 1831 1451 potes,
1852 1390 1922 1437 de-

108 1459 186 1516 dit,
208 1474 257 1507 ut
279 1460 478 1520 corporis
504 1458 642 1506 modo
663 1459 1013 1520 praetermittam
1034 1458 1159 1506 dotes
1182 1459 1306 1520 (quae
1329 1458 1532 1506 nonnihil
1558 1473 1600 1506 et
1623 1459 1737 1520 ipsae
1760 1458 1919 1506 habere

107 1546 131 1576 a
148 1527 410 1589 quibusdam
430 1542 644 1589 putantur
662 1528 880 1575 momenti
899 1527 954 1575 ad
969 1527 1238 1588 felicitatem)
1257 1542 1299 1575 et
1316 1527 1519 1575 fortunae
1538 1527 1789 1584 commoda,
1809 1545 1919 1588 quae

105 1596 311 1657 profecto
329 1597 476 1643 iuvare
494 1597 687 1643 nativam
705 1597 930 1652 virtutem,
949 1597 1030 1643 nisi
1048 1597 1139 1657 ipsa
1155 1614 1244 1643 sese
1261 1595 1442 1652 deserat,
1458 1596 1746 1643 vehementer
1757 1596 1914 1643 solent.

107 1668 276 1712 Caecus
295 1665 349 1712 sit
370 1664 567 1712 funditus
588 1665 662 1726 qui
684 1664 789 1712 haec
807 1682 899 1712 non
918 1664 1090 1712 viderit.
1111 1668 1323 1712 Ceterum
1342 1665 1434 1712 sine
1455 1664 1639 1726 epistola
1660 1665 1778 1725 (nam
1800 1664 1918 1712 meli-

106 1752 155 1781 us
176 1733 221 1781 id
238 1733 335 1781 fieri
354 1751 504 1780 coram
522 1734 665 1794 puto),
685 1751 786 1780 cum
808 1748 1059 1794 opportune
1080 1734 1145 1794 agi
1165 1752 1230 1781 res
1245 1734 1396 1794 possit,
1419 1733 1626 1780 omnibus
1647 1733 1700 1780 de
1719 1733 1846 1781 rebus
1865 1733 1918 1780 de

107 1802 265 1863 quibus
285 1802 436 1849 scribis
457 1802 534 1862 (est
555 1802 674 1849 enim
693 1801 815 1862 quod
834 1801 920 1849 dici
938 1816 1093 1849 contra
1108 1803 1259 1863 possit)
1283 1803 1582 1862 transigemus.
1604 1802 1724 1849 Vale.
1745 1802 1922 1849 Floren-

106 1871 204 1918 tiae.
226 1870 576 1917 Mcccclxxxxiii.

972 2013 1055 2053 214

669 2083 747 2122 To
769 2084 1016 2122 ANGELO·
1032 2083 1357 2122 POLIZIANO

707 2152 995 2202 [January-24
1015 2149 1168 2190 March
1192 2153 1316 2198 1494]

402 2242 470 2283 Ed.
490 2245 538 2291 V,
558 2246 627 2295 Ly,
646 2246 731 2291 V,6,
756 2246 907 2291 145-47,
928 2244 968 2283 in
987 2243 1094 2296 reply
1111 2257 1153 2284 to
1173 2246 1259 2292 V‚5,
1283 2247 1362 2284 145.
1380 2243 1493 2292 Scala,
1516 2247 1535 2284 8
1556 2247 1621 2293 [4].

107 2347 444 2394 Bartholomeus
462 2347 582 2394 Scala
596 2347 770 2408 Angelo
788 2348 1007 2395 Politiano
1022 2348 1206 2395 salutem
1225 2348 1342 2396 dicit.
1360 2351 1591 2409 Tanquam
1607 2349 1682 2409 qui
1698 2350 1917 2409 asperiora

103 2430 507 2476 praegustaverunt,
525 2417 559 2463 si
578 2416 735 2463 deinde
752 2417 796 2462 in
815 2417 992 2464 mitiora
1009 2416 1256 2474 inciderint,
1272 2435 1420 2478 sapere
1436 2417 1644 2464 videntur
1659 2417 1841 2474 dulcius,
1862 2418 1921 2464 ita

103 2502 201 2531 sum
226 2485 315 2544 ipse
338 2484 476 2531 modo
500 2485 584 2531 isto
604 2502 779 2532 saccaro
800 2499 880 2532 tuo
904 2486 1073 2546 istoque
1096 2500 1269 2533 nectare
1289 2485 1496 2546 epistolae
1519 2500 1746 2533 recreatus.
1771 2490 1919 2546 Atque

104 2567 152 2599 ut
177 2552 299 2612 quod
322 2567 383 2599 est
408 2552 557 2608 fatear,
581 2554 728 2599 nescio
751 2553 981 2613 quomodo
1007 2553 1225 2610 acciderit,
1248 2572 1356 2614 quae
1377 2553 1631 2601 scribuntur
1655 2572 1678 2600 a
1698 2569 1741 2600 te
1764 2569 1922 2601 cuncta

105 2634 233 2666 tuum
264 2621 439 2680 sapiunt
469 2620 603 2667 salem
635 2638 683 2668 ac
713 2635 755 2668 te
786 2620 993 2668 referunt.
1027 2625 1130 2668 Hoc
1162 2621 1283 2682 quod
1311 2636 1540 2682 postremo
1574 2621 1628 2669 ad
1658 2639 1727 2668 me
1760 2622 1914 2668 misisti

106 2688 300 2735 muneris
322 2689 456 2748 magis
476 2703 603 2735 tuum
623 2703 699 2744 est,
718 2688 880 2736 scilicet
901 2690 1119 2736 concitavi
1137 2707 1217 2750 ego
1235 2704 1292 2745 te,
1310 2704 1359 2736 ut
1377 2689 1521 2746 video,
1540 2689 1788 2750 plusculum
1812 2704 1854 2736 et
1872 2690 1917 2735 in

105 2773 231 2803 causa
252 2755 315 2803 fui
338 2757 520 2816 ipsemet
546 2756 655 2802 mihi
677 2758 939 2804 commutati
961 2757 1060 2804 stili.
1084 2762 1175 2818 Ego
1199 2757 1398 2805 ‘floribus
1421 2762 1635 2805 Austrum
1658 2757 1855 2818 perditus
1877 2772 1919 2804 et

104 2823 281 2884 liquidis
303 2825 465 2871 immisi
490 2823 687 2871 fontibus
711 2828 866 2885 apros,'
891 2825 1134 2885 Virgiliano
1155 2825 1426 2886 proverbio.³
1448 2830 1502 2872 Et
1523 2825 1671 2872 oleum
1695 2826 1914 2872 immiscui

105 2891 295 2951 liquidae
315 2891 488 2938 lixiviae
509 2906 724 2939 nostrum.
748 2892 832 2939 Sed
850 2893 958 2939 redii
979 2894 1023 2938 in
1044 2894 1161 2940 viam
1181 2907 1237 2949 et,
1260 2893 1368 2939 mihi
1390 2893 1531 2949 crede,
1551 2911 1660 2953 quae
1682 2894 1827 2940 minus
1850 2893 1919 2940 ha·

184 3109 200 3134 ¹>
219 3119 285 3154 on
303 3116 488 3155 Poliziano
506 3131 541 3155 as
561 3117 745 3162 Hercules,
764 3117 869 3161 Scala,
889 3121 955 3155 219
973 3121 1078 3164 [153]²
1099 3130 1186 3156 note
1204 3122 1257 3156 81.

185 3178 198 3192 ²
215 3177 319 3222 Verg.
337 3174 450 3222 Eclog.
470 3177 637 3219 11,58-59.
