2124 3464
197 182 252 222 74
1826 188 1963 221 PART
1989 189 2002 221 I

197 344 321 373 meza
339 339 469 372 nocte
486 342 666 372 venono
684 324 767 371 due
786 324 840 371 da
855 324 981 371 Colle
1002 342 1087 371 con
1104 324 1258 371 lettera
1271 324 1337 372 de'
1358 326 1511 381 Priori,
1530 324 1642 372 della
1656 325 1781 386 quale
1799 325 2005 373 habiamo

196 393 408 441 mandato
436 411 528 440 uno
559 392 753 454 capitolo
783 396 819 439 a’
850 393 1136 439 commissarii
1168 411 1191 439 a
1219 396 1302 440 San
1331 394 1546 440 Casciano
1575 392 1735 454 perche
1763 394 1955 441 scrivino
1985 412 2009 441 a

194 463 364 523 Staggia
395 462 474 509 che
505 461 782 522 proveghino
818 461 885 508 del
917 479 997 508 suo
1029 461 1214 522 bisogno
1249 461 1390 518 Colle,
1426 476 1467 509 et
1496 461 1656 522 perche
1687 461 1935 510 sollecitino
1968 462 2005 510 el

194 532 344 578 venire
369 530 486 577 dello
511 531 704 577 exercito
727 548 822 590 qua.
849 531 1029 577 Dicono
1054 548 1077 577 a
1100 529 1243 577 bocha
1267 529 1345 577 che
1371 529 1488 577 anno
1513 545 1823 578 mancamento
1847 530 1890 578 di
1913 530 2005 592 pol-

194 618 295 646 vere
316 614 357 646 et
378 599 421 646 di
439 617 552 659 pane
574 613 615 646 et
636 598 679 645 di
699 598 850 655 farine,
870 598 1030 659 perche
1051 616 1141 645 non
1164 598 1338 645 v'entro
1357 598 1535 659 polvere
1556 613 1740 659 excepto
1760 617 1847 646 una
1865 617 2002 656 soma,

194 667 336 715 l'altra
356 667 402 714 fu
425 667 492 714 de'
517 668 682 723 nimici,
707 681 748 714 et
770 670 806 714 e'
831 666 940 714 fanti
962 666 1041 714 che
1064 681 1308 714 entrorono
1332 667 1399 714 col
1420 666 1666 714 Marchese³
1687 685 1778 714 non
1800 682 2004 728 portoro-

195 754 255 782 no
275 754 388 796 pane
409 735 605 782 secondo
626 735 814 782 l'ordine
837 753 908 782 era
927 735 1031 782 dato
1053 735 1162 782 dalle
1181 736 1377 795 Signorie
1399 740 1571 791 Vostre,
1594 735 1673 782 che
1696 735 1742 782 fu
1762 736 1923 795 grande
1945 737 2005 782 in-

194 804 501 850 conveniente.
532 803 780 850 Sollecitate
810 821 936 849 corne
966 804 1009 849 vi
1038 821 1139 863 pare
1171 817 1212 850 et
1239 802 1478 864 provedete
1508 803 1702 850 secondo
1733 803 1770 850 el
1801 803 2001 864 bisogno,

192 871 354 932 perche
376 889 557 931 ognuno
581 871 624 918 di
644 872 785 932 questi
806 872 1102 918 mancamenti
1122 870 1143 918 ὲ
1164 871 1363 927 mortale,
1385 889 1510 918 come
1533 871 1770 928 intendete‚
1789 886 1831 919 et
1849 886 2003 932 poten-

194 939 290 987 dosi
307 958 387 1000 per
403 939 443 986 la
460 940 530 987 via
547 939 590 986 di
607 940 776 999 Staggia
791 939 1048 1000 provedere,
1067 958 1193 986 come
1210 940 1245 986 si
1262 939 1367 1000 pub,
1390 958 1480 986 non
1498 940 1532 987 si
1551 939 1680 986 vuole
1701 939 2004 996 abandonarsi,

194 1026 266 1055 ma
287 1007 634 1055 sollecitamente
659 1022 700 1054 et
723 1008 972 1054 vivamente
995 1007 1083 1055 fare
1106 1011 1141 1055 e'
1166 1007 1504 1068 provedimenti.
1533 1007 1695 1067 Quella
1718 1022 1833 1055 terra
1854 1026 1945 1055 non
1969 1009 2003 1056 si

192 1076 377 1137 perdera
394 1077 481 1123 mai
501 1094 558 1132 se,
579 1094 706 1123 come
725 1077 759 1123 si
780 1077 993 1123 conviene
1015 1090 1056 1123 et
1075 1094 1201 1123 come
1220 1077 1253 1123 si
1274 1076 1379 1137 puo,
1400 1076 1493 1123 sara
1512 1077 1686 1132 aiutata,
1706 1091 1747 1123 et
1765 1077 2003 1137 vituperre-

194 1163 270 1191 mo
296 1159 336 1191 et
359 1143 596 1191 disfaremo
620 1145 664 1190 in
690 1144 788 1204 quel
811 1144 944 1204 luogo
971 1148 1006 1191 e'
1031 1145 1182 1191 nimici
1206 1145 1356 1191 nostri.
1383 1144 1542 1191 Com’e
1567 1144 1710 1201 dect0‚
1734 1145 1808 1191 noi
1833 1144 2006 1192 habbia-

194 1230 270 1259 mo
289 1213 456 1273 scripto
476 1216 512 1259 a'
535 1213 806 1259 commissari
829 1213 873 1258 in
894 1230 1052 1273 campo
1070 1212 1230 1273 perche
1250 1231 1273 1259 a
1291 1213 1458 1273 Staggia
1477 1230 1568 1259 non
1590 1213 1829 1260 manchino
1850 1212 1888 1260 le
1908 1231 2007 1260 cose

194 1281 430 1328 necessarie
454 1299 534 1341 per
559 1280 701 1337 Colle,
730 1295 771 1328 et
798 1281 873 1327 noi
901 1281 974 1341 qui
1001 1299 1161 1328 ancora
1184 1299 1263 1342 per
1286 1280 1325 1328 la
1350 1282 1419 1328 via
1444 1280 1488 1328 di
1514 1280 1641 1328 Colle
1668 1281 1957 1328 scriverremo
1983 1299 2007 1328 a

193 1344 443 1397 Averardob
465 1368 488 1397 a
507 1350 675 1410 Staggia
696 1364 737 1396 et
758 1349 794 1397 al
816 1353 963 1396 Conte
985 1349 1177 1406 Nicola,c
1198 1364 1239 1397 et
1259 1351 1304 1396 in
1327 1350 1429 1410 ogni
1450 1349 1583 1410 luogo
1607 1349 1775 1397 faremo
1794 1350 1831 1397 el
1853 1350 2005 1397 debito

193 1433 348 1465 nostro
377 1419 517 1478 giusta
546 1418 583 1465 el
614 1433 768 1465 nostro
797 1436 936 1478 posse.
968 1418 1215 1465 Sollecitate
1243 1418 1279 1465 el
1310 1436 1467 1479 campo
1498 1433 1651 1465 nostro
1680 1436 1818 1478 venga
1847 1419 1936 1479 qui,
1966 1418 2007 1466 la

193 1486 318 1546 quale
339 1486 655 1533 deliberatione
677 1486 859 1533 essendo
879 1486 946 1546 gia
965 1485 1077 1533 facta
1093 1501 1134 1533 et
1155 1486 1263 1533 costi
1283 1501 1324 1533 et
1344 1488 1388 1532 in
1409 1504 1580 1547 campo,
1603 1501 1645 1533 et
1664 1504 1755 1533 non
1777 1486 2003 1534 intenden-

193 1554 251 1601 do
274 1554 315 1600 la
336 1555 516 1614 cagione
539 1554 583 1600 di
605 1568 761 1614 questo
783 1554 1005 1610 rstardare,
1028 1572 1081 1601 ne
1106 1554 1341 1601 habbiamo
1365 1554 1652 1614 grandissimo
1677 1554 1925 1615 dispiacere.
1948 1558 2002 1601 Et

193 1623 334 1683 questi
361 1622 444 1669 due
470 1622 707 1682 Colligiani
735 1622 813 1669 che
838 1640 950 1669 sono
977 1623 1128 1669 venuti
1151 1637 1348 1669 stanocte
1374 1622 1491 1669 anno
1517 1623 1836 1670 commessione
1865 1640 2005 1683 aspec-

192 1705 283 1738 tare
311 1690 390 1737 che
419 1690 464 1737 lo
492 1690 696 1751 veghino.
728 1691 875 1737 Siamo
905 1709 928 1737 a
955 1690 998 1737 dl
1026 1705 1067 1738 et
1093 1691 1309 1738 sentiamo
1339 1709 1362 1738 a
1389 1690 1515 1738 Colle
1545 1706 1680 1738 trarre
1707 1690 1936 1751 spingarde
1965 1705 2007 1738 et

191 1759 397 1806 vediamo
423 1758 586 1806 suochi.
615 1758 856 1806 Crediamo
879 1760 940 1806 sia
964 1759 1146 1820 qualche
1170 1760 1472 1816 scaramuccia‚
1498 1777 1624 1806 corne
1649 1760 1691 1806 vi
1715 1760 1749 1806 si
1776 1759 1818 1807 fa
1840 1777 2000 1820 spesso,

192 1827 272 1874 che
298 1831 334 1874 e'
362 1828 501 1874 nostri
528 1845 690 1874 escono
717 1827 832 1874 fuori
859 1842 900 1875 et
925 1828 1285 1884 animosamente,
1312 1846 1388 1875 ora
1413 1829 1457 1874 in
1482 1846 1570 1875 una
1592 1842 1730 1889 parte,
1755 1846 1832 1875 ora
1857 1829 1901 1874 in
1926 1831 2001 1875 un'

192 1895 313 1952 altra,
349 1895 609 1956 s'apichono
647 1899 714 1942 co'
754 1897 905 1943 nimici
944 1911 984 1943 et
1022 1897 1251 1956 ritragonsi
1286 1914 1456 1957 sempre
1496 1896 1906 1943 honorevolmente.
1948 1901 2001 1944 Et

191 1978 351 2011 stasera
384 1964 693 2011 intenderemo
729 1964 889 2024 meglio
926 1964 1073 2025 quello
1107 1964 1200 2012 sara
1232 1979 1347 2012 stato
1383 1979 1424 2012 et
1459 1965 1726 2012 aviseremvi.
1764 1968 1934 2024 Questa
1967 1965 2001 2012 si

192 2032 353 2079 manda
374 2050 454 2093 per
475 2050 567 2079 uno
592 2032 659 2079 de'
685 2031 794 2079 fanti
818 2032 861 2079 di
885 2027 1104 2079 Carlino.d
1127 2037 1280 2080 Venne
1306 2037 1372 2080 co'
1398 2033 1481 2080 due
1505 2033 1741 2093 Colligiani
1765 2051 1844 2094 per
1866 2051 2002 2080 essere

191 2100 301 2148 costi
322 2100 401 2148 alle
420 2101 617 2161 Signorie
637 2105 810 2158 Vostre,
832 2101 911 2148 alle
932 2101 1047 2162 quali
1067 2102 1105 2149 ci
1125 2101 1521 2149 raccomandiamO.
1543 2106 1606 2148 Ex
1626 2105 1786 2149 Sancto
1806 2102 2003 2149 Gemini-

191 2187 291 2225 ano,
316 2169 384 2216 die
407 2171 479 2215 xxi
502 2170 716 2217 Octobris
744 2175 861 2217 1479.
888 2170 1223 2217 Bartholomeus
1246 2170 1366 2218 Scala
1386 2185 1426 2217 et
1448 2171 1575 2217 Piero
1596 2171 1788 2217 Vectori.

1072 2312 1123 2353 79

554 2381 632 2420 TO
656 2381 771 2419 THE
792 2382 952 2420 DIECI
974 2383 1036 2420 DI
1059 2373 1226 2420 BALiA
1249 2384 1314 2421 IN
1334 2383 1642 2421 FLORENCE

690 2451 772 2489 San
794 2449 1081 2501 Gimignano,
1102 2452 1150 2488 21
1178 2449 1374 2489 October
1398 2453 1502 2489 1479

274 2542 385 2582 Dieci
398 2544 571 2594 Resp.25‚
587 2541 653 2582 fol.
668 2545 752 2583 343.
767 2542 951 2594 Original.
968 2545 1190 2595 Secretary’s
1205 2542 1317 2583 hand.
1337 2546 1452 2583 Verso:
1467 2542 1720 2595 ‘[Magnificis]
1737 2543 1916 2583 Dominis

274 2598 644 2694 {ecggvligiizfflalie
666 2599 852 2647 Ci]vitatis
872 2599 1062 2639 Florentie
1082 2599 1276 2647 [dominis]
1297 2600 1388 2639 meis
1407 2599 1778 2640 observandissimis.'
1793 2599 1915 2651 Recd.

190 2757 419 2817 Magnifici
443 2758 615 2805 domini
642 2760 728 2805 mei
753 2759 1147 2806 observandissimi.
1175 2763 1377 2806 Stamane
1403 2760 1447 2805 in
1471 2759 1534 2806 sul
1560 2760 1707 2819 primo
1734 2760 1999 2806 cominciare

271 2979 282 2993 ²
302 2973 486 3011 Lodovico
507 2978 547 3018 ΙΙ,
566 2974 750 3012 Marchese
767 2974 804 3012 di
822 2974 969 3012 Saluzzo
991 2977 1004 3012 ?

269 3025 285 3049 ¹²
304 3032 489 3070 Averardo
507 3032 563 3070 de'
582 3033 726 3076 Medici,
748 3033 954 3070 Florentine
971 3034 1201 3081 commissary
1223 3034 1261 3069 in
1277 3033 1339 3070 the
1358 3033 1421 3070 Val
1440 3033 1566 3070 d’Elsa.

271 3094 283 3108 ⁶
307 3089 439 3127 Nicola
464 3091 601 3134 Orsini,
628 3092 754 3127 Count
779 3090 820 3127 of
843 3090 1042 3138 Pitigliano‚
1068 3090 1221 3138 engaged
1247 3090 1294 3138 by
1321 3090 1490 3127 Florence
1515 3104 1549 3127 as
1575 3104 1593 3127 a
1617 3089 1842 3128 condottiere
1866 3089 1925 3127 for
1947 3090 2000 3127 six

189 3142 339 3180 months
357 3142 454 3180 from
473 3146 560 3191 May
582 3147 679 3187 1479,
701 3146 876 3187 Lorenzo,
895 3147 1033 3187 Latere,
1054 3146 1111 3187 IV,
1130 3148 1185 3187 44,
1205 3155 1291 3180 note
1310 3147 1340 3180 6.

269 3194 285 3218 ‘¹
305 3199 454 3237 Carlino
472 3199 510 3237 di
527 3199 699 3243 Novello,
718 3201 894 3237 Venetian
912 3200 1093 3238 constable
1112 3201 1150 3237 in
1169 3200 1283 3244 Colle,
1304 3200 1396 3244 ibid„
1417 3203 1494 3244 239,
1514 3212 1599 3237 note
1618 3203 1649 3237 2.
