2060 3450
92 268 298 320 PART
337 268 476 317 VIII
1372 258 1887 311 DOCUMENTS

986 764 1004 805 1

419 835 886 877 CONFIRMATION
904 835 971 874 As
992 833 1151 874 FIRST
1173 833 1570 873 CHANCELLOR

808 905 830 943 3
855 901 1051 943 October
1075 904 1179 942 1466

175 1002 266 1041 ASF
291 998 392 1039 Balla
414 1002 474 1046 30,
499 997 566 1038 sol.
590 1001 719 1038 3lr-v.
743 999 786 1036 In
808 1011 923 1048 marg:
951 996 1126 1036 ‘Domini
1148 993 1407 1035 Bartholomei
1430 993 1553 1034 Scalae
1578 994 1618 1033 in
1640 993 1809 1046 primum

176 1055 438 1097 cancellarium
459 1054 613 1095 refirma
629 1069 702 1106 pro
721 1053 850 1093 decem
872 1053 1003 1093 annis?
1022 1051 1135 1099 Scala,
1157 1054 1275 1092 45-46
1292 1053 1453 1099 [32—331.

92 1159 322 1220 Magnifici
337 1174 379 1206 et
392 1173 598 1219 potentes
613 1157 798 1212 domini,
817 1156 988 1203 domini
1006 1156 1176 1202 Priores
1193 1155 1423 1202 Libertatis
1438 1169 1481 1201 et
1495 1153 1723 1200 Vexillifer
1739 1153 1895 1200 Iustiti—

93 1246 141 1276 ae
157 1226 315 1288 Populi
332 1226 591 1281 Florentini,
610 1225 785 1286 cognita
798 1223 1133 1285 singularissima
1153 1222 1241 1270 fide
1256 1240 1305 1270 ac
1318 1223 1481 1269 virtute
1496 1221 1738 1269 doctissimi
1756 1235 1798 1268 et
1814 1220 1894 1268 ele·

91 1296 333 1357 gantissimi
359 1309 488 1355 atque
511 1295 558 1340 in
582 1294 707 1341 omni
732 1310 888 1353 genere
910 1292 1212 1339 doctrinarum
1234 1290 1593 1352 praestantissimi
1616 1290 1700 1335 viri
1724 1289 1896 1336 domini

94 1363 395 1411 Bartholomei
411 1362 570 1417 Scalae,
583 1362 716 1422 primi
732 1360 993 1408 Cancellarii
1008 1359 1285 1407 cancellariae
1300 1359 1497 1419 ipsorum
1515 1358 1835 1412 Dominorum3
1854 1371 1896 1403 et

92 1433 188 1479 viso
217 1448 349 1492 quam
379 1430 610 1490 diligenter
636 1447 685 1476 ac
711 1427 986 1475 laudabiliter
1011 1445 1055 1474 se
1084 1428 1130 1473 in
1159 1445 1213 1474 eo
1242 1426 1396 1474 officio
1427 1426 1512 1473 huc
1540 1443 1676 1486 usque
1705 1425 1896 1485 gesserit,

93 1514 396 1575 quantumque
424 1499 479 1545 sit
506 1497 561 1545 ad
587 1497 632 1544 id
657 1496 880 1544 sufficiens
907 1510 1036 1556 atque
1064 1495 1260 1551 idoneus3
1291 1509 1333 1542 et
1359 1495 1536 1555 insuper
1565 1507 1737 1541 attento
1763 1510 1896 1554 quam

93 1567 274 1616 difficile
292 1567 346 1614 sit
365 1584 492 1627 posse
516 1566 712 1613 invenire
734 1564 923 1626 aliquem
943 1563 1158 1611 eiusmodi
1180 1564 1340 1619 virum,
1362 1563 1407 1609 in
1430 1580 1520 1623 quo
1541 1575 1805 1609 concurrant
1827 1575 1896 1608 tot

93 1635 284 1697 talesque
302 1636 499 1691 virtutes,
518 1648 627 1695 quot
645 1648 687 1681 et
706 1633 852 1694 quales
867 1647 967 1680 sunt
988 1632 1248 1680 necessariae
1265 1631 1320 1679 ad
1335 1631 1503 1679 dictum
1522 1629 1739 1686 officium,
1756 1644 1891 1691 prout

94 1704 242 1752 honor
272 1703 590 1751 dominationis
624 1717 666 1750 et
696 1702 831 1750 totius
863 1700 1123 1763 reipublicae
1155 1700 1318 1748 utilitas
1347 1699 1555 1761 postulat,
1587 1698 1896 1755 exercendum,

93 1791 203 1834 quae
224 1790 379 1820 omnes
400 1773 446 1818 in
468 1772 564 1832 ipso
588 1770 737 1818 multis
759 1770 902 1818 modis
922 1770 1121 1830 cognitae
1141 1784 1242 1817 sunt
1264 1784 1393 1830 atque
1411 1783 1676 1830 perspectae,
1698 1767 1897 1815 volentes

90 1855 326 1902 propterea
348 1840 624 1887 occasionem
649 1838 791 1886 eidem
812 1838 1019 1899 praebere
1044 1855 1129 1898 qua
1150 1837 1205 1884 ad
1223 1836 1591 1898 perseverandum
1615 1836 1825 1883 continue
1851 1836 1896 1881 in

93 1908 346 1956 huiusmodi
377 1908 467 1954 eius
495 1907 583 1954 fide
607 1924 826 1967 operaque
852 1906 1057 1953 laudabili
1085 1906 1219 1966 magis
1245 1905 1298 1952 de
1324 1905 1393 1952 die
1421 1906 1466 1950 in
1493 1904 1610 1951 diem
1637 1903 1901 1951 accendatur

91 1991 228 2037 utque
250 1975 404 2022 melius
428 1976 473 2021 in
498 1975 648 2022 animo
672 1975 890 2035 quiescere
912 1991 1042 2034 seque
1065 1988 1211 2020 totum
1236 1972 1290 2020 ad
1309 1973 1485 2020 servitia
1507 1972 1634 2019 huius
1659 1971 1832 2019 inclitae
1854 1986 1897 2018 et

92 2043 283 2091 excelsae
311 2043 628 2090 dominationis
659 2042 850 2090 tribuere
880 2056 1023 2103 queat3
1054 2041 1283 2088 intellectis
1312 2041 1444 2088 etiam
1472 2058 1603 2101 super
1633 2040 1718 2087 hoc
1747 2040 1897 2100 primo

93 2111 378 2159 relationibus
413 2125 455 2158 et
488 2110 679 2158 consiliis
716 2110 959 2157 multorum
996 2110 1158 2156 civium
1193 2110 1440 2169 sapientum
1475 2123 1605 2168 atque
1639 2107 1893 2155 huiusmodi

93 2197 239 2226 rerum
273 2178 384 2225 bene
419 2193 702 2238 expertorum
736 2192 778 2224 et
812 2177 896 2224 hoc
930 2178 1071 2238 ipsum
1107 2176 1228 2237 quod
1261 2191 1303 2223 et
1333 2190 1466 2237 prout
1500 2175 1614 2222 infra
1646 2175 1897 2236 disponitur

93 2246 438 2302 exhortantium3
459 2245 606 2293 habita
621 2246 770 2306 primo
790 2246 905 2292 inter
918 2262 962 2292 se
982 2245 1097 2306 ipsos
1116 2244 1322 2292 dominos
1341 2244 1512 2291 Priores
1531 2258 1573 2291 et
1589 2242 1894 2290 Vexilliferum

93 2314 162 2362 die
182 2315 311 2362 tertia
328 2314 541 2361 Octobris
559 2314 838 2374 suprascripti
861 2312 1174 2360 deliberatione
1191 2312 1380 2359 solemni
1400 2326 1442 2359 et
1459 2312 1699 2372 praemisso
1720 2325 1762 2358 et
1781 2310 1899 2358 facto

91 2382 279 2430 solemni
309 2397 351 2429 et
377 2396 546 2429 secreto
571 2382 784 2429 scrutinio
812 2381 867 2428 ad
891 2380 1008 2428 fabas
1035 2381 1175 2441 nigras
1203 2395 1245 2428 et
1271 2380 1386 2427 albas
1412 2395 1454 2427 et
1481 2380 1668 2427 obtento
1695 2380 1894 2440 [partito]

91 2450 334 2498 secundum
369 2450 677 2497 ordinamenta
710 2449 816 2497 dicti
849 2450 1111 2505 communis;
1151 2464 1192 2496 et
1227 2448 1406 2496 demum
1440 2463 1594 2509 postea
1628 2448 1743 2495 inter
1777 2448 1892 2508 ipsos

92 2519 300 2566 dominos
330 2519 501 2565 Priores
531 2533 573 2565 et
599 2517 903 2565 Vexilliferum
933 2518 1123 2565 Iustitiae
1150 2532 1193 2564 et
1220 2517 1326 2564 alios
1357 2516 1565 2564 habentes
1592 2516 1766 2572 baliam,
1796 2530 1894 2572 ete„

93 2586 211 2634 facto
235 2601 277 2633 et
302 2586 522 2633 celebrato
545 2586 732 2633 solemni
760 2600 802 2632 et
826 2600 994 2633 secreto
1017 2586 1230 2632 scrutinio
1256 2584 1311 2632 ad
1334 2584 1452 2631 fabas
1476 2585 1617 2644 nigras
1644 2599 1685 2631 et
1711 2583 1826 2631 albas
1851 2598 1894 2630 et

93 2654 281 2701 obtento
314 2655 513 2715 [partito]
542 2653 784 2700 secundum
818 2653 1124 2700 ordinamenta
1154 2652 1259 2700 dicti
1290 2653 1553 2708 communis,
1586 2651 1893 2727 providerunt,

93 2722 409 2769 ordinaverunt
431 2736 473 2769 et
496 2721 845 2769 deliberaverunt
867 2721 1022 2781 quod
1012 2738 1100 2781 ipse
1123 2720 1329 2768 dominus
1354 2719 1703 2775 Bartholomeus,
1729 2720 1774 2765 in
1798 2737 1897 2766 casu

93 2808 184 2851 quo
207 2790 269 2837 sic
291 2804 443 2850 postea
466 2789 736 2850 approbetur
758 2804 800 2836 et
823 2789 1006 2849 eligatur
1026 2806 1105 2849 per
1127 2788 1359 2836 consilium
1386 2787 1454 2835 del
1478 2791 1627 2835 Cento
1651 2786 1893 2834 secundum

94 2857 402 2904 ordinamenta
428 2858 677 2904 communis
707 2857 968 2912 Florentiae,
996 2856 1262 2916 intelligatur
1288 2873 1375 2903 esse
1402 2870 1444 2902 et
1470 2856 1525 2902 sit
1552 2873 1604 2902 ex
1633 2872 1751 2902 nunc
1779 2854 1897 2901 refir-

94 2940 237 2972 matus
259 2924 314 2972 ad
333 2924 378 2972 id
399 2925 542 2985 ipsum
565 2924 766 2971 officium
787 2925 920 2985 primi
941 2924 1201 2971 Cancellarii
1222 2938 1264 2970 et
1286 2924 1331 2970 in
1351 2924 1547 2984 primum
1570 2922 1893 2970 Cancellarium

94 2992 373 3040 cancellariae
388 2992 649 3053 praedictae,
662 3010 746 3053 pro
764 2993 887 3039 annis
905 2991 1056 3039 decem
1074 2991 1295 3038 initiandis
1313 2990 1564 3038 immediate
1582 2989 1714 3037 finito
1730 3005 1899 3050 tempo-

95 3078 140 3107 re
160 3078 260 3108 suae
279 3060 508 3107 ‘electionis
529 3078 638 3121 quae
660 3059 802 3107 adhuc
823 3059 964 3116 durat,
987 3074 1029 3106 et
1050 3077 1150 3106 cum
1172 3059 1327 3106 salario
1349 3058 1404 3106 ad
1423 3059 1640 3105 rationem
1662 3058 1753 3105 eius
1776 3057 1898 3118 quod

96 3127 282 3175 habebat
298 3128 479 3175 ultimus
498 3127 794 3175 Cancellarius
811 3129 901 3175 eius
917 3145 1178 3188 praecessor,
1195 3126 1397 3174 videlicet
1414 3126 1620 3173 dominus
1639 3125 1899 3172 Benedictus
