2060 3450
162 169 255 210 456
1754 179 1892 212 PART
1917 180 1968 213 Vl

364 317 476 359 Non
500 312 571 359 fur
592 312 646 360 da
663 314 808 377 prima
830 314 843 359 i
865 314 1121 374 messaggier
1142 315 1242 361 mie'
1266 315 1394 361 scarsi
1752 331 1771 361 5

451 385 492 426 A
513 382 824 441 promettermi
845 399 965 441 pace,
988 396 1030 428 et
1050 399 1093 428 se
1115 381 1201 429 ben
1222 385 1334 429 s’usa

451 453 599 495 Messo
623 448 834 509 incolpar,
858 449 971 509 degli
993 449 1151 514 o‹c›chi
1173 449 1194 496 ὲ
1218 451 1335 514 omai
1354 450 1394 497 la
1414 468 1548 507 scusa,

451 517 675 577 Principio
699 516 767 564 del
790 518 882 564 mio
905 516 1008 581 foco
1034 517 1138 564 ond’
1164 518 1208 582 io
1229 519 1378 578 poscia
1401 519 1494 565 arsi.

365 657 444 699 Ma
462 670 505 699 se
528 652 614 699 ben
638 653 752 709 miri,
777 652 884 700 altra
904 654 1082 713 cagione
1105 653 1126 700 ὲ
1149 653 1292 714 quella

452 720 548 768 Che
573 722 710 768 'nvita
729 720 787 781 gli
810 721 981 785 o‹c›chi,
1005 721 1031 767 il
1056 740 1176 778 cuor,
1199 721 1239 769 13
1261 737 1407 786 mente
1430 737 1472 770 et
1491 722 1635 770 sforza
1735 739 1773 770 10

452 789 628 836 Chome
651 789 709 849 gli
730 790 866 850 piace,
887 789 1047 854 perches
1069 790 1235 850 impera
1258 805 1299 837 et
1321 808 1457 851 regge.

365 929 406 971 A
428 944 502 973 sue
525 927 741 973 sententie
763 926 807 972 in
830 944 915 973 van
937 927 1141 973 ciascuno
1164 926 1343 988 appella:

450 996 599 1050 Terra,
622 1012 768 1059 acqua,
792 1001 876 1051 aer,
898 994 977 1051 sol,
1002 994 1118 1051 foco,
1141 995 1244 1042 luna
1265 1010 1306 1042 et
1327 995 1449 1043 stella

450 1067 503 1109 Et
526 1062 624 1109 loro
649 1052 883 1110 habitator’
906 1081 1071 1123 seguon
1094 1081 1169 1111 sua
1190 1063 1321 1124 legge.

599 1310 863 1349 SONNETS
883 1311 1010 1349 AND
1031 1312 1067 1348 A
1093 1310 1370 1350 CANZONA
1395 1313 1538 1359 [1481]

244 1405 329 1450 Mo,
350 1402 435 1442 fols.
456 1406 628 1443 21r-24r.
649 1402 784 1455 copied
804 1403 843 1442 in
863 1402 928 1443 the
948 1404 1093 1455 margin
1116 1403 1167 1456 by
1187 1419 1207 1444 a
1225 1403 1318 1444 later
1337 1403 1451 1444 hand.
1471 1404 1601 1444 Drafts
1622 1404 1673 1457 by
1692 1404 1818 1445 Scribe
1837 1407 1886 1453 A,

246 1458 381 1511 copied
405 1458 536 1499 before
560 1458 633 1499 and
654 1458 748 1499 after
770 1475 790 1499 a
810 1458 919 1499 letter
940 1459 1048 1500 dated
1072 1464 1094 1500 7
1115 1460 1329 1500 December
1353 1463 1456 1501 1481.
1478 1463 1576 1501 Nos.
1598 1464 1645 1501 34
1668 1460 1741 1501 and
1761 1464 1808 1501 36
1830 1476 1890 1502 are

245 1515 434 1555 cancelled
450 1515 527 1555 line
544 1515 596 1567 by
611 1515 687 1555 line
707 1515 779 1556 and
794 1515 929 1568 copied
946 1531 999 1556 on
1014 1515 1098 1556 fols.
1117 1520 1239 1556 4v-5v
1255 1516 1306 1569 by
1324 1532 1343 1557 a
1356 1516 1450 1557 later
1466 1516 1579 1557 hand.
1594 1516 1658 1556 All
1676 1517 1744 1557 but
1762 1532 1827 1558 no.
1843 1521 1890 1558 36

248 1571 470 1623 (illeggibile
491 1572 530 1610 in
547 1586 639 1623 gran
653 1571 784 1624 parte’)
805 1571 862 1612 ed.
880 1573 957 1620 Do,
978 1575 1115 1612 121-23
1136 1572 1355 1625 apparently
1373 1572 1570 1625 following
1586 1572 1651 1613 the
1666 1572 1760 1613 later
1776 1588 1888 1626 copy.

1042 1751 1096 1792 34

934 1821 1203 1860 SONETTO

933 1917 1017 1962 Mo,
1038 1913 1104 1954 fol.
1125 1917 1203 1954 2lr.

365 2050 475 2097 “PifJ
499 2050 612 2098 bella
633 2050 783 2098 donna
805 2051 842 2098 al
866 2051 1036 2098 mondo
1060 2069 1152 2098 non
1176 2051 1221 2098 fu
1244 2052 1344 2108 mai,
1349 2055 1374 2071 '³

448 2120 617 2166 Diceva
637 2123 805 2166 Amore
828 2137 889 2166 un
911 2120 1069 2196 giorno
1094 2119 1131 2167 al
1154 2120 1246 2166 mio
1269 2138 1347 2167 cor
1365 2119 1489 2176 lasso,

448 2191 502 2234 Et
525 2187 643 2234 mille
667 2187 773 2234 altre
792 2187 942 2248 parole
966 2187 1050 2235 ch'
1040 2206 1084 2235 10
1106 2202 1313 2249 trapasso‚

448 2259 531 2302 Per
552 2255 631 2302 che
654 2255 766 2303 della
787 2255 992 2303 dolcezza
1012 2256 1217 2303 lacrimai.

362 2396 416 2438 Et
438 2391 586 2439 l'alma
605 2391 832 2452 sbigottita
853 2391 1073 2439 confortai
1750 2407 1768 2438 5

449 2460 657 2507 Levando
678 2460 735 2520 gli
759 2460 886 2507 occhi
906 2460 978 2521 gin
1002 2460 1046 2507 di
1066 2460 1167 2508 loco
1190 2460 1328 2517 basso,

447 2533 482 2575 E
506 2529 551 2574 in
574 2529 834 2589 compagnia
857 2528 1048 2576 d’Amor
1070 2530 1202 2576 mossi
1224 2530 1301 2594 poi
1323 2529 1358 2594 el
1379 2547 1506 2590 passo

449 2597 545 2644 Che
569 2598 630 2643 mi
654 2596 700 2644 fu
721 2597 897 2644 schorta
916 2597 986 2658 pel
1009 2598 1154 2644 camin
1175 2597 1254 2644 che
1277 2597 1416 2644 andai.

362 2734 616 2780 Menommi
640 2734 686 2779 in
708 2733 809 2780 loco
833 2733 911 2780 che
936 2733 962 2779 'l
985 2748 1126 2798 tacere
1145 2733 1166 2780 ὲ
1188 2733 1318 2790 bello,

448 2801 611 2848 Perche
634 2819 726 2848 non
748 2801 852 2848 vuol
877 2801 955 2848 che
980 2801 1006 2847 'l
1028 2820 1108 2848 suo
1130 2801 1263 2862 gentil
1286 2816 1433 2848 tesoro
1731 2816 1769 2847 10

447 2869 631 2930 Vengha
653 2870 699 2915 in
720 2887 906 2930 persone
931 2869 974 2916 di
994 2887 1074 2916 suo
1096 2870 1247 2934 pregio
1273 2869 1470 2930 indegne.

362 3009 421 3051 D'
427 3005 626 3069 31111οΓ3
616 3024 658 3069 ¹.0
682 3024 774 3052 non
796 3024 891 3061 son,
917 3024 990 3061 no,
1015 3023 1107 3052 non
1128 3024 1210 3052 son
1230 3005 1307 3066 piu
1330 3005 1490 3066 quello,

449 3073 567 3132 Qual
590 3091 698 3137 pure
721 3073 804 3120 hor
826 3074 887 3119 mi
909 3073 1077 3129 vedevi,
1098 3091 1159 3120 un
1182 3073 1225 3120 di
1247 3073 1400 3120 coloro

448 3145 672 3205 Appresso
699 3159 723 3188 a
744 3140 840 3188 echi
860 3159 942 3188 son
964 3140 1037 3187 vil'
1062 3140 1105 3188 di
1127 3144 1271 3187 Amor
1291 3140 1363 3187 le‘
1370 3158 1540 3201 nsegne.
