2118 3444
133 166 316 200 ESSAYS
1839 155 1931 196 299

219 306 469 351 ‹SCALA.›
493 306 586 363 Ego
608 319 715 349 vero
738 302 968 362 ‘Optime,'
995 301 1188 361 inquam,
1213 303 1406 356 ‘Cosme,
1433 317 1512 347 nos
1534 299 1718 347 effecisti
1740 301 1935 356 miseros,

133 371 255 433 quod
283 389 375 418 non
402 370 457 418 ad
479 369 715 417 levandum
744 369 851 416 mihi
880 369 1054 416 videtur
1078 368 1278 416 dolorem
1306 367 1520 425 conferre,
1548 368 1669 429 quod
1695 368 1775 416 tibi
1801 368 1939 416 videri

133 439 294 495 dixisti,
321 439 398 486 sed
425 438 469 486 id
495 439 637 499 ipsum
666 438 814 499 potius
841 437 1082 485 dolendum
1110 452 1234 498 puto,
1263 437 1384 498 quod
1411 451 1453 484 et
1480 436 1728 484 Carneades
1754 437 1940 493 dicebat,

133 507 255 568 quod
275 508 334 554 ita
349 507 484 554 simus
506 507 662 553 misera
682 506 771 553 nati
790 505 1052 552 condicione
1072 520 1119 552 ut
1140 505 1184 552 id
1204 506 1345 566 ipsum
1366 506 1420 552 sit
1438 504 1506 552 vel
1525 504 1766 565 plurimum
1790 505 1939 552 dolen-

132 575 253 623 dum.
272 574 609 635 Reprehendere
623 574 741 621 enim
758 573 1059 634 Chrysippum
1079 573 1245 620 solebat
1261 573 1545 634 Euripideum
1564 572 1671 620 illud
1687 572 1938 620 laudantem

132 661 323 691 carmen:
349 642 567 690 ‘Mortalis
589 660 722 689 nemo
745 656 806 689 est
829 659 960 702 quem
984 659 1075 689 non
1098 642 1279 702 attingat
1301 636 1494 698 dolor’;iii
1517 641 1646 702 idque
1667 642 1842 702 penitus
1864 641 1939 688 do-

132 712 224 759 lore
243 711 424 772 dignum
446 710 673 767 asserebat,
691 710 812 771 quod
829 728 930 757 vere
947 710 991 757 id
1008 710 1093 757 dici
1111 710 1163 757 ab
1182 709 1258 757 illo
1275 725 1407 770 poeta
1422 709 1490 757 vel
1509 709 1595 757 alio
1613 710 1823 770 quopiam
1842 727 1939 770 pos-

130 794 208 826 set.
236 779 362 838 Quid
388 779 506 825 enim
534 779 668 838 magis
694 778 934 825 dolendum
962 795 1050 825 esse
1074 778 1259 833 dicebat,
1284 795 1416 838 quam
1442 777 1563 838 quod
1588 778 1648 824 ita
1671 792 1733 824 est
1760 792 1939 824 naturae

132 847 424 894 constitutum
444 846 610 906 legibus
630 860 678 892 ut
698 863 790 892 non
808 846 944 906 possit
968 845 1200 892 hominum
1223 846 1313 892 vita
1330 845 1479 892 multis
1498 863 1586 892 esse
1606 863 1697 891 non
1717 844 1937 892 refertissi-

133 932 204 961 ma
225 909 511 961 doloribus.’iij

217 981 290 1029 Ad
312 981 418 1029 haec
438 982 569 1042 igitur
590 985 794 1037 Cosmus,
819 999 928 1028 voce
950 982 1081 1028 etiam
1101 980 1235 1042 paulo
1257 980 1450 1037 elatiore,

216 1053 526 1098 ‹COSMUS.›
551 1054 639 1096 ‘An
659 1053 736 1106 tu,'
759 1050 915 1110 inquit,
938 1053 1004 1096 ‘ex
1024 1049 1089 1097 his
1108 1067 1220 1097 unus
1241 1067 1284 1097 es
1302 1050 1377 1110 qui
1397 1064 1598 1097 naturam
1618 1064 1660 1097 et
1677 1052 1841 1106 Deum,
1862 1050 1937 1110 qui

132 1134 311 1166 naturae
337 1133 492 1165 auctor
516 1133 593 1174 est,
620 1118 776 1165 audeas
802 1120 1021 1165 accusare?
1047 1121 1175 1177 Quae
1202 1133 1264 1165 est
1290 1119 1408 1165 enim
1438 1117 1543 1165 haec
1568 1119 1750 1165 caecitas
1773 1133 1936 1174 nostra,

131 1204 241 1247 quae
259 1186 337 1233 hae
355 1201 446 1233 tam
463 1204 625 1233 crassae
642 1186 937 1247 obscuraeque
954 1186 1158 1233 tenebrae
1174 1201 1222 1233 ut
1239 1204 1331 1233 non
1347 1187 1563 1247 possimus
1583 1204 1692 1247 quae
1710 1185 1823 1234 facta
1835 1201 1936 1234 sunt

130 1255 282 1301 omnia
301 1254 456 1301 melius
476 1273 567 1301 non
586 1255 778 1315 potuisse
801 1269 873 1301 aut
893 1272 945 1301 ex
963 1254 1090 1301 nobis
1111 1255 1225 1315 ipsis,
1247 1254 1368 1331 quod
1387 1273 1479 1301 non
1498 1253 1678 1301 difficile
1695 1254 1883 1311 videtur,
1902 1256 1937 1301 si

129 1323 305 1398 superbi
328 1340 416 1369 esse
438 1322 653 1378 nolemus,
677 1322 915 1383 intelligere
935 1337 1008 1369 aut
1029 1337 1145 1369 certe
1165 1320 1223 1369 a⁵⁷
1242 1323 1582 1383 sapientissimis,
1606 1323 1681 1383 qui
1700 1324 1871 1399 scriptis
1893 1323 1938 1370 id

129 1391 215 1437 suis
251 1391 602 1437 constantissime
637 1405 895 1446 asseverant,
929 1408 1021 1437 non
1053 1390 1323 1451 persuaderi?
1358 1395 1450 1451 Ego
1483 1409 1590 1438 vero
1622 1391 1683 1438 sic
1716 1391 1934 1447 existimo,

131 1459 272 1506 immo
299 1476 407 1505 vero
430 1473 553 1506 certo
574 1460 679 1515 scio,
706 1476 846 1519 neque
871 1458 1183 1506 Carneadem
1172 1477 1314 1520 1psum
1342 1477 1482 1520 neque
1507 1477 1774 1520 quemquam
1800 1459 1934 1506 aliurn

128 1541 303 1587 praeter
315 1544 455 1573 unum
475 1527 617 1587 ipsum
638 1542 680 1573 et
694 1526 838 1573 solum
858 1528 1224 1587 sapientissimum
1246 1545 1391 1574 rerum
1411 1528 1613 1574 omnium
1634 1542 1878 1574 creatorem
1894 1542 1937 1574 et

128 1609 300 1655 patrem
324 1597 473 1641 Deum
500 1594 655 1641 melius
678 1595 870 1655 potuisse
898 1594 1123 1641 consulere
1150 1594 1403 1642 hominibus
1431 1612 1562 1655 quam
1587 1594 1838 1642 consultum
1865 1596 1933 1642 sit.

129 1666 193 1710 Ut
213 1662 318 1709 haec
334 1663 437 1722 ipsa,
455 1680 587 1722 quam
605 1680 686 1709 nos
704 1663 922 1709 miseriam
941 1663 1263 1710 necimmerito
1279 1681 1420 1723 neque
1435 1677 1609 1724 praeter
1622 1664 1709 1710 Dei
1724 1681 1934 1710 vocamus

128 1730 421 1786 voluntatem,
452 1731 686 1791 praecipua
714 1731 859 1791 putari
889 1730 1070 1778 felicitas
1099 1731 1268 1787 debeat,
1298 1731 1476 1792 quando
1508 1731 1686 1792 quidem
1717 1749 1809 1778 non
1840 1732 1933 1778 sine

130 1816 286 1859 magna
307 1798 496 1859 quadam
518 1798 571 1846 ab
593 1816 647 1846 eo
668 1816 794 1846 causa
814 1799 874 1846 ita
893 1800 1183 1846 constitutum
1207 1814 1269 1847 est
1290 1814 1338 1847 ut
1359 1799 1522 1847 scilicet
1543 1799 1756 1847 illecebris
1779 1800 1934 1847 mundi

130 1866 257 1914 huius
287 1867 470 1914 minime
497 1867 653 1924 allecti,
680 1867 953 1915 redeundum
980 1867 1035 1915 ad
1058 1869 1250 1915 veriores
1274 1886 1362 1916 esse
1389 1868 1562 1916 delicias
1588 1886 1679 1916 non
1708 1868 1932 1916 oblivisca-

129 1953 240 1982 mur.
268 1940 398 1982 Mens
422 1937 540 1982 enim
568 1936 673 1983 haec
694 1951 844 1983 nostra
868 1951 910 1983 et
933 1937 1103 1984 animus
1130 1937 1184 1984 ad
1205 1937 1374 1984 bonum
1401 1952 1555 1984 natura
1577 1955 1666 1994 3υ3,
1693 1937 1738 1984 id
1761 1952 1823 1985 est
1847 1939 1934 1985 Dei

128 2004 258 2059 iussu,
284 2004 566 2064 quietemque
586 2022 843 2065 propensus,
868 2005 903 2051 si
929 2005 973 2050 in
998 2004 1063 2052 his
1085 2023 1209 2066 quae,
1231 2020 1279 2052 ut
1303 2005 1505 2062 diximus,
1531 2005 1675 2052 nihil
1664 2024 1710 2052 1n
1731 2024 1775 2053 se
1798 2007 1936 2053 conti-

128 2086 234 2118 nent
254 2073 412 2131 quietis
430 2090 747 2132 saepenumero
768 2072 997 2133 decipitur,
1018 2073 1125 2133 quid
1144 2072 1362 2120 facturum
1382 2073 1510 2120 fuisse
1529 2074 1777 2134 putandum
1799 2089 1877 2130 est,
1896 2075 1931 2121 si

127 2138 235 2200 quid
253 2154 405 2186 nactus
424 2138 604 2187 fuisset
593 2158 638 2186 1n
658 2158 748 2201 quo
766 2140 833 2187 vel
852 2140 1032 2201 paulum
1054 2156 1252 2188 constare
1270 2159 1314 2188 se
1331 2159 1457 2202 posse
1479 2141 1855 2189 animadvertisse?
1875 2146 1939 2189 Ita

126 2225 234 2254 vero
253 2207 304 2254 fit
323 2222 371 2254 ut
393 2209 438 2254 in
457 2208 614 2255 umbra
636 2223 677 2255 et
696 2208 822 2255 fumo
842 2227 922 2256 nos
943 2227 1031 2256 esse
1051 2209 1352 2270 intelligentes,
1374 2210 1480 2257 dum
1500 2211 1636 2257 secuti
1655 2211 1790 2257 animi
1813 2225 1934 2258 natu·

129 2293 220 2322 ram
244 2275 409 2336 aliquid
431 2276 583 2323 stabile
607 2278 922 2337 conquirimus,
951 2277 1058 2324 illud
1082 2292 1228 2324 autem
1253 2279 1435 2325 minime
1460 2279 1505 2324 in
1530 2279 1620 2325 vita
1642 2278 1721 2325 hac
1746 2280 1934 2339 reperire

125 2360 371 2403 possumus,
395 2344 547 2390 oculos
567 2344 621 2390 ad
636 2359 862 2391 auctorem
881 2345 1022 2405 ipsum
1045 2360 1245 2392 nostrum
1266 2360 1307 2392 et
1325 2347 1565 2392 necessario
1584 2346 1762 2406 quidem
1781 2346 1932 2406 diriga-

127 2428 236 2457 mus.
256 2415 416 2471 Neque
433 2411 576 2472 aliqua
593 2429 681 2459 esse
697 2430 799 2459 vera
813 2430 938 2460 causa
951 2427 1096 2473 potest
1114 2431 1192 2460 cur
1207 2431 1299 2460 non
1315 2428 1489 2460 tantum
1506 2431 1598 2460 non
1617 2413 1765 2461 dolere
1782 2413 1933 2461 debea-

127 2496 237 2534 mus,
261 2479 382 2539 quod
403 2480 495 2526 sine
518 2479 671 2527 dolore
694 2481 840 2527 vivere
860 2498 951 2527 non
972 2499 1216 2541 possumus;
1241 2481 1317 2528 sed
1338 2481 1382 2528 id
1402 2482 1544 2542 ipsum
1566 2483 1715 2542 potius
1738 2483 1853 2529 inter
1874 2483 1934 2528 in-

127 2547 520 2594 numerabilissima
548 2549 634 2594 Dei
659 2549 703 2594 in
731 2548 974 2596 humanum
1002 2563 1044 2596 et
1069 2549 1253 2596 mortale
1278 2567 1412 2610 genus
1437 2567 1620 2597 munera
1644 2551 1929 2611 praecipuum

125 2616 633 2676 praestantissimumque
659 2617 896 2664 existimari
917 2616 1086 2674 debeat,
1107 2617 1228 2678 quod
1249 2632 1459 2679 tanquam
1479 2633 1929 2679 praemonstratorem

126 2683 363 2743 quemdam
386 2683 553 2731 dederit
573 2699 615 2731 et
635 2684 807 2741 ducem,
829 2703 960 2746 quem
980 2687 1115 2733 secuti
1137 2701 1179 2733 et
1198 2687 1389 2733 vanitate
1409 2687 1567 2733 reiecta
1585 2687 1708 2733 omni
1732 2687 1930 2734 aberrare

126 2750 179 2797 ab
201 2751 373 2798 caelesti
392 2753 546 2811 patria,
568 2752 707 2799 modo
728 2752 925 2808 velimus,
951 2754 1132 2800 minime
1156 2758 1392 2814 queamus?

211 2822 496 2879 Quanquam,
517 2837 618 2866 cum
639 2819 744 2867 haec
759 2820 948 2876 dixisset,
965 2821 1090 2881 plura
1108 2836 1247 2868 essent
1263 2836 1486 2882 praeterea
1500 2840 1609 2882 quae
1627 2822 1680 2869 ab
1698 2840 1752 2869 eo
1769 2822 1931 2869 deside·

127 2903 283 2941 rarem,
300 2901 450 2933 tamen
468 2887 627 2934 rubore
647 2887 840 2948 quodam
858 2888 1070 2948 perfusus,
1090 2907 1191 2936 cum
1211 2889 1280 2936 ille
1297 2889 1494 2945 siluisset,
1516 2907 1607 2936 non
1624 2907 1721 2936 sum
1742 2889 1928 2950 amplius

205 3103 229 3166 ἔξ
248 3110 390 3153 Cicero,
413 3112 598 3159 TuscDirp.
620 3113 886 3154 m‚1xv,59-60.

205 3171 229 3192 m
245 3166 332 3204 [bid.
352 3169 551 3211 mammen.
