2124 3458
149 181 323 215 POEMS

356 317 598 377 Improvisa
620 315 780 371 fluunt,
803 330 850 362 ut
872 315 992 375 largo
1014 333 1038 362 a
1059 314 1182 362 fonte
1203 315 1394 375 liquores

355 388 506 445 thue
529 383 690 431 cadunt
713 382 890 430 frondes
913 383 1112 430 autumni
1136 382 1309 443 frigore,
1332 397 1478 443 guttae

355 456 418 499 Ut
440 452 624 499 veniunt
648 451 782 507 caelo,
804 469 905 498 cum
927 451 1136 511 grandine
1157 452 1291 498 saevit
1312 466 1353 498 et
1375 451 1526 498 imbri?

355 521 441 567 Cui
463 520 594 567 silvae
616 519 778 566 cedunt
800 519 1158 580 admiranturque
1179 522 1431 566 canentem?

355 591 571 635 Provocat
594 602 723 648 atque
744 587 873 634 audet
894 605 1067 634 mecum
1091 602 1255 634 certare
1274 587 1447 635 Polites.

353 659 455 703 Tun
478 656 668 703 Gedona
688 673 818 702 vocas
839 656 884 701 in
905 673 1097 716 pugnam
1122 656 1345 702 carminis?
1369 659 1429 702 At
1452 656 1537 702 iam

354 723 556 771 Efficiam
579 741 824 770 memorem
846 723 1030 783 posthac
1051 741 1306 784 pugnaeque
1330 724 1516 784 meique.

269 791 430 839 Polites
470 792 633 838 Desine
657 792 742 838 iam
765 790 964 847 fremere,
986 809 1015 838 o
1037 791 1214 847 Gedon,
1237 809 1286 838 ac
1304 791 1483 851 grandia
1502 791 1635 838 verba

353 861 500 915 Mitte,
519 877 689 920 precor.
713 860 886 906 Sentin?
908 860 1096 906 invitant
1116 859 1282 920 plectra
1299 877 1461 906 sonora

353 931 406 974 Et
428 927 548 974 dedit
570 945 668 973 ecce
688 944 863 987 gravem
886 927 1013 973 nobis
1037 926 1215 974 fortuna
1235 931 1475 974 Menetem.

354 999 446 1055 Ipse
469 994 606 1041 aderit
628 994 757 1041 iudex
779 994 1059 1050 certantibus,
1081 995 1170 1055 ipse
1192 994 1357 1041 videbit

351 1063 526 1108 Nencia
547 1063 616 1108 cui
638 1062 774 1108 nubat
798 1061 964 1108 melius:
991 1062 1076 1108 iam
1098 1061 1263 1108 alterna
1283 1079 1500 1108 canamus.

354 1130 564 1190 Incipiam
589 1130 677 1190 ipse
699 1130 835 1190 prior3
859 1144 908 1176 tu
930 1129 1087 1176 deinde
1106 1147 1297 1190 sequere.
1321 1132 1556 1176 Canamus.

352 1197 544 1253 Phoebe,
566 1212 692 1258 pater
711 1215 856 1244 rerum
882 1197 978 1257 (tibi
999 1198 1132 1253 enim,
1155 1197 1235 1244 tibi
1258 1212 1406 1244 nostra
1427 1197 1643 1258 voluptas,

351 1270 432 1321 En,
457 1280 563 1312 nota
584 1280 660 1321 est,
684 1283 786 1312 nam
809 1280 967 1312 cuncta
985 1265 1136 1325 vides),
1156 1266 1217 1312 sic
1238 1265 1435 1312 curribus
1459 1265 1554 1312 altis

352 1338 599 1380 Aeternum
622 1333 792 1390 volites,
816 1351 896 1380 nec
916 1334 1003 1380 sint
1025 1333 1106 1380 tibi
1127 1351 1252 1380 causa
1273 1333 1451 1390 doloris3

351 1403 506 1462 Sicque
528 1401 644 1449 colas
664 1420 837 1462 semper
857 1401 1015 1458 lauros3
1038 1402 1099 1449 sic
1121 1417 1270 1449 nostra
1291 1402 1527 1462 quotannis

351 1474 478 1517 Sacra
498 1469 608 1517 feras
629 1471 856 1531 capiasque
879 1488 1011 1517 manu
1034 1485 1109 1517 tua
1130 1488 1312 1517 munera
1333 1470 1483 1526 laetus3

351 1541 423 1585 Da
444 1538 554 1584 mihi
575 1553 812 1598 perpetuos
834 1556 972 1585 annos
995 1537 1240 1599 floremque
1263 1539 1479 1594 iuventae,

350 1610 450 1653 Nec
470 1607 562 1653 sine
586 1624 735 1653 amore
757 1621 850 1662 tuo,
874 1624 971 1653 mea
990 1607 1175 1653 Nencia.
1198 1606 1313 1653 Pelle
1333 1621 1568 1663 senectam,

351 1674 466 1722 Pelle
490 1692 613 1735 rugas
635 1692 853 1735 canosque
876 1689 919 1721 et
939 1693 1108 1725 amarae
1129 1675 1270 1722 taedia
1289 1676 1416 1722 vitae.

350 1745 414 1789 Te
436 1761 628 1803 quoque,
651 1758 694 1789 te
714 1742 866 1789 dicunt
889 1744 1092 1789 iuvenem
1114 1761 1194 1803 per
1212 1743 1381 1790 saecula
1399 1758 1535 1799 tanta,

1792 466 1832 497 75

1793 807 1833 837 80

1793 1144 1832 1175 85

352 1810 615 1866 Imberbem,
631 1811 906 1857 auricomum
921 1810 1259 1871 pharetramque
1273 1829 1509 1871 arcumque
1524 1826 1763 1858 tenentem.
1790 1826 1831 1856 95

351 1882 404 1924 Et
427 1896 528 1924 cum
550 1879 766 1938 surripere
789 1878 844 1924 ad
863 1896 933 1925 me
954 1896 998 1925 se
1018 1896 1061 1925 se
1082 1878 1265 1939 pulchra
1284 1879 1461 1939 pararit,

350 1950 415 1993 Ut
436 1946 562 2002 solet,
586 1945 700 1993 obde
722 1946 911 2007 aliquam
934 1946 1063 1993 radiis
1082 1964 1165 2007 pro
1187 1961 1387 2007 tempore
1410 1947 1588 2003 nubem,

351 2018 443 2061 Aut
464 2014 686 2075 placidum
710 2013 910 2062 diffunde
932 2014 1064 2071 diem,
1086 2033 1164 2062 ceu
1185 2033 1286 2062 vere
1305 2015 1504 2062 videmus

351 2086 470 2130 Cum
493 2084 601 2130 varii
623 2084 839 2144 incipiunt
861 2083 987 2130 silvas
1010 2101 1165 2131 ornare
1187 2083 1369 2140 colores;

349 2155 558 2212 Namque
580 2152 650 2198 via
670 2152 849 2198 veniens
872 2166 1077 2213 aestuque
1097 2153 1254 2213 sitique
1275 2152 1459 2209 laborat,

350 2221 524 2266 Deterit
546 2235 587 2266 et
608 2219 754 2267 vultus
777 2221 928 2267 niveos
950 2235 992 2267 et
1013 2220 1197 2268 candida
1216 2220 1339 2268 colla.

351 2291 442 2334 Aut
463 2288 498 2334 si
522 2306 613 2334 non
635 2289 799 2348 poterit
821 2306 971 2335 curare
994 2289 1173 2349 negocia
1193 2288 1395 2336 Phoebus

351 2360 487 2412 Haec,
510 2370 659 2403 tamen
681 2357 784 2417 ipsa,
808 2374 921 2412 reor,
943 2357 1104 2413 venias,
1128 2375 1208 2404 nec
1228 2357 1383 2417 gaudia
1403 2357 1544 2404 differ.

349 2425 391 2470 Si
412 2424 551 2470 solem
574 2442 748 2471 vereare
769 2439 918 2471 tamen
937 2442 1173 2486 saevosque
1197 2425 1373 2481 calores,

349 2492 528 2538 Vimina
552 2510 678 2552 carpe
702 2510 834 2538 manu
857 2492 1083 2539 frondenti
1105 2510 1156 2539 ex
1178 2493 1332 2540 arbore
1354 2511 1539 2553 quaque,

351 2563 486 2619 Inque
507 2560 650 2619 girum
673 2574 831 2620 torque
853 2561 1070 2620 capitique
1093 2561 1272 2620 impone
1297 2578 1523 2616 coronam,

350 2629 461 2682 Ceu,
483 2627 518 2673 si
542 2625 656 2673 forte
677 2627 793 2673 viam
815 2627 1015 2687 Dryades
1037 2645 1219 2688 coepere
1239 2628 1318 2674 sub
1342 2642 1508 2674 aestum

349 2695 688 2754 Montivagaeve
709 2694 812 2742 deae
833 2710 875 2742 et
895 2696 1094 2742 venatrix
1113 2695 1242 2742 Delia
1260 2697 1413 2742 suevit.

351 2766 443 2822 Ipse
466 2761 619 2823 aliquis
642 2780 803 2822 magno
826 2777 951 2810 natus
974 2767 1090 2819 Iove,
1113 2781 1293 2823 magnus
1317 2763 1517 2810 alumnus

349 2831 516 2877 Nescio
538 2831 647 2891 quis,
671 2831 779 2878 texit
798 2831 998 2878 sudantia
1018 2846 1220 2892 tempora
1239 2846 1357 2879 serto

350 2898 562 2959 Populeo,
587 2897 669 2945 fuit
691 2913 733 2945 et
754 2898 903 2946 decori
923 2899 1018 2955 tibi,
1040 2899 1217 2960 popule,
1240 2914 1419 2946 sertum.

349 2970 449 3013 Nec
469 2981 512 3013 te
533 2966 771 3013 dedeceant
791 2966 982 3023 frondes;
1004 2967 1080 3014 sed
1099 2968 1133 3014 si
1156 2982 1305 3014 tamen
1327 2968 1406 3014 ista

349 3034 599 3094 Dedignere
619 3034 811 3095 velisque
834 3035 967 3095 magis
988 3035 1067 3082 sub
1091 3036 1209 3082 crine
1230 3035 1438 3095 galerum,

350 3105 423 3148 Est
448 3101 557 3147 mihi
579 3102 818 3149 viminibus
843 3103 993 3158 niveis,
1017 3120 1148 3163 quem
1171 3120 1351 3149 munere
1375 3103 1491 3149 misit

351 3169 477 3216 Olim
501 3169 798 3230 Phyllicrates‚
822 3185 863 3217 et
884 3185 975 3217 erat
995 3185 1090 3217 tum
1113 3170 1295 3231 pulchra
1316 3170 1472 3231 puella,

1771 2168 1831 2199 100

1771 2508 1829 2539 105

1770 2847 1830 2878 110

1770 3185 1828 3216 115

1856 172 1945 213 423
