2118 3444
98 180 287 214 PUBLIC
315 179 542 213 LETTERS
1810 176 1893 217 191

96 336 192 366 cem
214 333 256 365 te
275 317 369 365 fore
391 319 676 365 minarentur.
698 322 763 364 En
786 318 964 365 tandem
984 318 1214 379 quomodo
1235 320 1362 366 veriti
1382 337 1531 367 sumus
1552 321 1703 381 quanti
1726 320 1903 369 fuerunt

94 385 372 447 pontificales
394 386 446 433 de
466 403 571 446 pace
592 385 760 432 litterae
782 386 835 433 ad
855 386 998 433 Italiae
1018 389 1292 447 potentatus?
1314 389 1401 434 Tot
1423 388 1619 435 occultae
1639 389 1901 449 suspitiones

96 455 141 500 in
164 468 365 514 apertum
389 453 568 500 tandem
591 453 755 500 bellum
783 469 1023 501 evaserunt.
1048 459 1237 502 Venerat
1260 455 1314 502 ad
1333 455 1549 516 stipendia
1572 458 1677 503 novi
1702 456 1904 513 foederis;

96 522 192 569 initi
221 536 406 582 propter
434 539 587 582 pacem
619 522 861 582 Astorgius‚
894 523 1124 569 Faventiae
1153 523 1380 570 Vicarius.c
1412 524 1676 571 Curavimus
1708 525 1826 571 enim
1861 524 1905 572 id

94 589 216 650 quod
240 590 272 636 is
296 589 418 636 locus
441 590 822 650 opportunitatem
849 605 890 637 et
911 590 1012 637 belli
1037 605 1079 637 et
1098 592 1215 651 pacis
1236 609 1338 652 prae
1359 609 1402 639 se
1425 591 1571 648 ferret;
1595 610 1735 653 neque
1756 593 1901 640 solum

94 658 398 704 consentiente
415 656 631 704 Pontifice
650 658 864 713 Maximo,
883 658 958 705 sed
975 658 1093 705 ultro
1109 659 1316 706 suadente
1334 674 1382 706 ut
1401 677 1449 706 ea
1465 677 1641 720 quoque
1661 662 1833 707 occasio
1852 661 1906 707 ad

94 742 386 785 quancunque
411 742 557 771 rerum
583 725 918 772 innovationem
944 725 1183 773 tolleretur.
1209 730 1450 787 Acceperat
1473 727 1660 774 foederis
1682 729 1901 788 pecunias,

93 807 135 840 et
156 792 264 838 nihil
289 793 490 848 omnino,
516 792 638 852 quod
660 793 704 838 in
727 793 1061 841 condicionibus
1087 793 1217 841 fuerit
1238 812 1330 841 non
1352 809 1441 842 erat
1461 810 1695 842 servatum.
1718 798 1902 852 Tamen,

91 859 428 907 sollicitantibus
447 860 627 907 Venetis
644 875 818 920 praeter
833 861 896 908 ius
916 860 1077 922 fasque,
1096 861 1231 909 fidem
1250 861 1415 910 fluxam
1433 864 1559 923 gessit
1578 881 1712 924 eaque
1727 864 1902 924 postha-

91 928 183 975 bita
202 946 253 975 ex
272 929 395 975 socio
417 942 458 975 et
477 929 622 975 amico
643 943 842 989 apertum
862 947 951 976 sese
972 929 1143 977 hostem
1167 931 1295 977 iactat
1311 930 1610 992 praesidiaque
1627 932 1745 992 pacis
1765 933 1900 992 regias

91 1011 133 1043 et
156 996 395 1044 Urbinates
419 997 565 1057 copias
590 996 721 1057 abigit
746 998 831 1044 iarn
857 1012 986 1058 atque
1008 998 1245 1045 insectatur
1267 1017 1358 1045 non
1382 1000 1577 1060 Astorgii
1602 1001 1798 1057 nomine,
1824 1001 1900 1048 sed

90 1069 381 1120 Venetorum,
411 1064 465 1111 ad
490 1082 614 1125 quos,
643 1064 815 1112 duobus
843 1083 997 1112 eorum
1025 1065 1173 1126 legatis
1197 1067 1496 1127 praesentibus
1523 1069 1901 1129 reverentiamque

91 1133 223 1179 etiarn
242 1131 511 1193 pontificalis
532 1132 690 1193 fastigii
711 1133 930 1190 abiiciens,
952 1133 1110 1181 defecit
1128 1149 1250 1182 tanta
1267 1135 1458 1182 vanitate
1479 1150 1609 1196 atque
1629 1137 1833 1184 iactantia
1851 1152 1899 1184 ut

90 1215 282 1247 armatus
302 1218 404 1247 curn
425 1200 526 1247 filiis
546 1216 588 1247 et
605 1200 754 1261 legatis
772 1202 950 1249 Venetis
969 1220 1049 1262 per
1066 1202 1221 1249 urbem
1243 1202 1501 1250 discurreret
1517 1204 1822 1265 populumque
1846 1205 1901 1252 ad

88 1267 486 1329 proclamationem
511 1286 602 1316 non
624 1268 851 1326 Ecclesiae,
872 1269 1085 1317 Ecclesiae
1106 1271 1304 1327 vicarius,
1327 1289 1419 1318 non
1442 1271 1562 1319 Pauli
1581 1272 1783 1329 Secundi,
1806 1291 1899 1320 non

90 1336 299 1384 Pontifici
324 1338 525 1393 Maximi,
553 1337 629 1384 sed
653 1339 795 1385 Marci
820 1353 862 1385 et
886 1343 1160 1386 Venetorum
1190 1339 1441 1387 dominatus
1468 1341 1766 1401 compelleret,
1795 1360 1896 1389 cum

90 1405 255 1451 interea
276 1405 437 1452 crebris
458 1405 620 1466 ubique
643 1406 827 1465 ignibus,
854 1408 1088 1467 campanis,
1111 1407 1365 1455 bombardis
1389 1410 1539 1456 omnia
1560 1409 1828 1457 collucerent
1851 1428 1900 1457 ac

90 1487 359 1528 resonarent,
377 1473 540 1520 scilicet
557 1488 605 1520 ut
623 1473 751 1534 longe
769 1474 940 1535 lateque
957 1476 1068 1521 tanti
1084 1490 1262 1536 tamque
1279 1477 1435 1536 egregii
1453 1476 1658 1524 facinoris
1676 1477 1792 1524 fama
1806 1496 1901 1538 per-

88 1541 270 1588 veniret.
292 1541 477 1601 Agimus
497 1541 687 1589 bonitati
705 1541 1048 1603 clementiaeque
1065 1558 1163 1591 tuae
1181 1544 1451 1592 immortales
1469 1546 1638 1605 gratias,
1657 1546 1731 1606 qui
1749 1545 1898 1593 admo-

88 1609 332 1656 nitionibus
357 1610 442 1656 tuis
466 1609 605 1657 fecisti
626 1624 674 1657 ut
696 1609 805 1657 nonl
827 1626 1005 1671 possent
1029 1612 1200 1672 aggredi
1223 1613 1472 1673 imparatos.
1497 1615 1730 1661 Testamur
1750 1629 1898 1662 autem

87 1678 446 1737 omnipotentem
464 1681 613 1725 Deum
631 1696 711 1726 nos
728 1678 949 1736 hactenus,
968 1679 1172 1727 hortante
1188 1682 1376 1728 maxime
1392 1696 1448 1738 te,
1462 1681 1651 1742 pacifico
1666 1682 1898 1740 Pontifice,

88 1745 215 1793 nobis
242 1760 390 1793 autern
414 1746 816 1794 beneficentissimo
843 1766 891 1795 ac
914 1748 1268 1806 clementissimo,
1295 1749 1349 1797 ad
1372 1752 1753 1799 conservationem
1778 1753 1896 1813 pacis

86 1832 242 1861 omnes
262 1815 375 1862 vires
397 1829 438 1862 et
458 1830 641 1862 conatus
663 1830 837 1863 nostros
860 1817 1109 1874 intendisse,
1133 1836 1251 1865 nunc
1272 1833 1433 1875 autem,
1454 1819 1633 1880 quando
1654 1819 1814 1868 frustra
1835 1836 1897 1868 est

84 1882 392 1943 praevaletque
417 1883 615 1939 ambitio,
641 1902 733 1930 non
759 1885 952 1932 minores
978 1886 1148 1933 animos
1175 1886 1229 1933 ad
1250 1886 1414 1934 bellum
1442 1887 1660 1944 allaturos,
1688 1907 1820 1949 quam
1844 1889 1899 1936 ad

85 1950 432 1998 conservandam
456 1969 610 2011 pacem
634 1952 919 2000 attulerimus.
947 1958 1019 2000 Est
1045 1969 1191 2001 autem
1213 1973 1450 2015 permagna
1472 1973 1568 2016 spes
1593 1957 1639 2002 in
1663 1958 1826 2013 amicis,
1852 1958 1897 2003 in

84 2018 262 2065 viribus.
287 2018 372 2065 Sed
393 2019 438 2065 in
459 2020 613 2079 primis
636 2021 828 2080 aequitas
848 2021 938 2081 ipsa
961 2039 1124 2078 causae,
1146 2023 1286 2069 immo
1309 2041 1416 2070 vero
1438 2025 1679 2080 necessitas,
1701 2024 1898 2072 defenso-

87 2104 178 2133 rem
192 2087 429 2147 praestabit
446 2102 488 2134 et
501 2103 877 2149 propugnatorem
896 2092 1058 2137 Deum.
1075 2092 1144 2137 Tu
1162 2109 1352 2152 quoque,
1368 2095 1547 2139 Summe
1564 2092 1783 2150 Pontifex,
1802 2098 1895 2141 Iesu

85 2154 253 2202 Christi
271 2156 456 2212 Vicarie‚
472 2174 556 2216 pro
575 2157 738 2204 iustitia
754 2157 993 2218 officioque
1013 2173 1092 2206 tuo
1111 2159 1267 2206 iustam
1287 2178 1472 2216 causam,
1493 2161 1634 2208 immo
1652 2180 1759 2208 vero
1774 2163 1894 2222 piam

84 2222 417 2284 religiosamque
442 2242 533 2270 non
557 2224 736 2272 deseres.
760 2226 879 2272 Vale.
903 2227 989 2273 Die
1012 2245 1072 2272 1111
1094 2228 1204 2274 Maii
1227 2228 1492 2275 mcccclxvii.

976 2369 1001 2408 2

300 2434 415 2473 THE
437 2436 724 2475 SIGNORIA
748 2438 823 2477 OF
845 2439 1153 2478 FLORENCE
1173 2439 1251 2479 To
1274 2441 1422 2480 ΡΟΡΕ
1442 2441 1593 2481 PAUL
1613 2443 1673 2480 11²

835 2508 886 2545 29
908 2508 1010 2558 May
1033 2509 1138 2547 1467

721 2599 815 2638 Miss
836 2603 894 2646 45,
915 2598 998 2639 fols.
1023 2603 1248 2641 158v-159v.

82 2698 218 2745 Paulo
239 2703 276 2744 Π
294 2699 503 2746 Pontifici
523 2702 737 2748 Maximo.
759 2706 812 2749 Et
833 2702 1069 2762 legationes
1087 2719 1129 2751 et
1148 2704 1316 2751 litterae
1336 2705 1391 2752 ad
1407 2720 1449 2752 te
1469 2720 1657 2762 nostrae,
1678 2708 1889 2754 sanctissi-

82 2784 152 2813 me
176 2769 316 2822 Pater,
338 2785 509 2814 summe
537 2768 756 2825 Pontifex,
779 2771 1006 2818 verissimo
1031 2789 1118 2818 esse
1142 2787 1324 2832 possunt
1351 2773 1609 2820 testimonio
1635 2792 1715 2821 nos
1739 2774 1792 2821 de
1816 2789 1891 2822 tua

82 2833 333 2882 firmissima
355 2850 502 2883 mente
523 2836 630 2882 nihil
651 2855 847 2898 unquam
868 2838 1096 2886 dubitasse.
1119 2841 1352 2887 Continuo
1371 2855 1414 2888 te
1433 2840 1621 2889 foederis
1640 2842 1889 2890 observato-

82 2919 189 2958 rem,
214 2902 385 2950 Italicae
404 2905 520 2964 pacis
542 2904 819 2952 defensorem
841 2920 882 2953 et
902 2922 1277 2967 propugnatorem
1302 2908 1661 2969 praedicavimus.
1685 2910 1768 2957 Sed
1789 2929 1890 2957 cum

161 3130 174 3144 ‘³
190 3129 341 3165 Astorre
359 3128 550 3173 Manfredi,
570 3129 666 3167 Lord
682 3130 724 3168 of
740 3133 885 3169 Faenza.

161 3189 173 3203 ²
190 3186 252 3222 See
269 3184 332 3222 the
348 3185 539 3234 preceding
555 3186 670 3231 letter,
689 3199 776 3225 note
794 3187 837 3236 a).
