2060 3450
101 160 1910 220 QQA———AE

103 305 184 352 nisi
216 305 401 351 nemesis
432 318 474 351 et
504 303 748 364 indignatio
778 303 991 364 quaedam
1022 303 1169 351 divina
1199 303 1426 351 hominem
1460 305 1696 360 invasisset,
1727 319 1775 351 ut
1806 322 1907 352 eum

100 372 428 433 superbientem
448 372 637 418 nimium
658 371 992 432 quodammodo
1011 371 1262 428 refrenaret,
1279 371 1331 419 de
1347 371 1571 432 dignitate,
1589 390 1675 433 qua
1689 387 1796 420 tunc
1814 377 1911 420 Bar-

101 440 355 488 tholomeus
377 439 607 496 frueretur,
627 439 863 496 cecidisset,
883 457 907 487 a
925 458 1010 500 qua
1028 440 1187 487 iccirco
1204 439 1392 501 populus
1415 440 1638 501 eripienda
1656 440 1850 488 creditur
1864 459 1908 488 se

101 508 370 564 abstinuisse,
394 507 515 569 quod
536 526 651 564 eum,
673 526 805 569 quem
824 507 998 565 odisset,
1020 507 1305 556 vehementer
1321 507 1564 556 confideret
1583 508 1705 556 brevi
1724 510 1908 570 peritur-

100 595 176 625 um
199 577 606 638 exagitaturumque
624 594 705 638 per
724 592 915 624 mortem
939 577 1108 624 animos
1131 595 1285 625 eorum
1308 578 1382 638 qui
1402 578 1441 624 ei
1462 577 1735 638 dignitatem,
1757 579 1802 624 in
1825 597 1911 639 qua

100 660 208 693 esset
231 660 360 705 atque
383 644 585 693 officium
608 644 853 692 litterarum
876 663 980 705 quas
999 645 1173 706 publice
1196 645 1402 693 scriberet
1424 646 1775 702 Bartholomeus,
1801 647 1907 693 invi-

100 713 275 760 dissent.
295 714 495 760 Permisit
514 713 632 760 enim
649 716 784 769 Deus,
802 714 847 759 in
863 713 1080 760 ultionem
1098 714 1179 760 viri
1194 714 1483 774 superbientis
1502 715 1705 771 nimium,
1724 729 1772 761 ut
1789 716 1909 762 exiti-

99 781 185 828 ales
204 780 361 841 fungos
384 780 530 828 ederet
548 782 622 841 qui
642 782 851 828 venenosi
872 796 1026 838 essent,
1048 781 1387 829 admonentibus
1408 783 1557 829 amicis
1578 800 1631 830 ne
1651 797 1742 830 tam
1762 782 1905 830 dubiis

99 863 277 909 tamque
298 849 549 909 pernitiosis
573 849 679 896 cibis
700 843 979 896 vesceretur.b
1001 853 1118 896 Cum
1143 849 1379 910 fungorum
1404 850 1690 897 insalubrium
1713 852 1903 911 speciem

99 916 160 963 illi
198 916 475 964 manifestam
509 935 612 978 prae
647 935 690 964 se
726 916 904 974 ferrent,
938 935 1091 965 verum
1128 932 1276 965 tamen
1312 936 1412 965 cum
1449 918 1586 966 nollet
1622 936 1646 966 a
1680 937 1905 980 quoquam

98 984 329 1032 admoneri
350 1003 403 1032 ne
422 1000 577 1032 contra
594 985 778 1033 salutem
798 1004 892 1033 esca
908 985 983 1033 tali
1002 986 1255 1034 abuteretur
1273 1002 1314 1034 et
1330 1002 1421 1034 tam
1438 988 1691 1048 pernitiosa,
1713 988 1907 1035 comedit

98 1071 172 1100 eos
196 1053 335 1100 homo
361 1054 436 1114 qui
459 1068 567 1100 esset
591 1055 794 1101 omnium
821 1053 1221 1102 confidentissimus
1245 1070 1287 1102 et
1310 1056 1384 1116 qui
1407 1056 1537 1103 nimis
1563 1057 1909 1117 intemperanter

96 1121 179 1168 sibi
199 1121 464 1177 credidisset,
484 1139 586 1168 cum
606 1136 733 1169 tanto
750 1123 864 1169 vitae
881 1122 1146 1170 amittendae
1163 1123 1360 1184 periculo
1379 1138 1427 1171 ut
1447 1124 1529 1171 nisi
1549 1125 1750 1172 nuntiata
1766 1125 1905 1185 virgo,

95 1207 180 1250 pro
209 1190 376 1236 meritis
407 1190 538 1250 ipsius
569 1189 870 1237 Bartholomei
898 1192 1106 1251 parentis⁶
1136 1192 1251 1252 (cum
1282 1206 1389 1239 esset
1418 1192 1577 1239 mulier
1605 1192 1677 1239 illa
1705 1192 1904 1253 religioni

97 1256 379 1318 deditissima)
399 1257 542 1305 filium
560 1258 650 1305 eius
666 1259 920 1319 gravissimo
938 1259 1099 1307 morbo
1116 1259 1390 1307 laborantem
1407 1278 1431 1308 a
1446 1275 1590 1308 morte
1607 1261 1693 1308 iam
1706 1279 1904 1322 praesen-

96 1326 130 1373 ti
148 1325 202 1373 ad
214 1326 445 1387 pristinam
465 1326 753 1374 valitudinem
771 1343 1026 1385 revocasset,
1045 1327 1097 1376 de
1113 1329 1203 1376 vita
1219 1328 1533 1386 Bartholomei,
1552 1348 1684 1391 quarn
1702 1330 1791 1391 ipse
1810 1345 1902 1378 tarn

96 1394 444 1455 intemperanter
464 1394 742 1455 neglexerat,³
765 1397 952 1443 omnino
976 1411 1122 1444 actum
1145 1396 1305 1445 fuisset.

977 1538 1026 1580 10

405 1606 698 1646 ELECTION
718 1607 795 1647 To
819 1607 933 1647 THE
955 1609 1223 1648 COUNCIL
1245 1611 1320 1649 oF
1344 1610 1599 1650 SEVENTY

849 1678 901 1714 24
917 1675 1019 1728 July
1042 1679 1146 1716 1486

179 1758 307 1807 Tratte
323 1766 607 1808 Deliberazioni
622 1768 800 1821 Append.
819 1772 854 1817 2,
870 1769 936 1810 fol.
958 1773 1062 1810 136v.
1078 1773 1121 1810 In
1137 1786 1253 1823 marg.
1271 1770 1431 1812 ‘domini
1448 1771 1680 1813 Bartolomei
1695 1772 1818 1813 Scalae

178 1824 407 1875 aggreggatio
429 1823 493 1863 lxx
511 1825 685 1864 virorum
704 1824 856 1865 ordini.'
877 1825 1034 1866 Headed
1055 1827 1140 1867 ‘Die
1161 1828 1265 1867 xxiiii
1284 1828 1421 1868 mensis
1442 1828 1549 1868 Iulii?

91 1926 356 1987 Spectabiles
380 1927 761 1988 Septuagintaviri¹
788 1930 833 1975 in
859 1929 1097 1978 sufficienti
1122 1949 1308 1979 numero
1336 1933 1585 1993 congregati
1610 1948 1651 1980 et
1674 1948 1902 1994 praesente

92 1995 225 2041 etiam
248 2009 290 2042 et
312 1996 534 2043 assistente
557 1996 794 2057 magnifico
818 1997 1004 2045 domino
1027 1999 1283 2047 Vexillifero
1308 2001 1512 2057 Iustitiae,
1534 2002 1712 2049 servatis
1732 2020 1903 2049 servan-

91 2062 170 2119 dis,
198 2062 486 2111 decreverunt
510 2064 796 2112 clarissimum
825 2067 969 2113 virum
997 2066 1230 2115 dominum
1258 2068 1589 2116 Bartolomeum
1615 2070 1797 2127 Scalam,
1824 2071 1898 2132 qui

89 2132 304 2191 proximis
332 2131 504 2180 duobus
533 2133 754 2181 mensibus
782 2136 1026 2195 praeteritis
1051 2135 1133 2183 fuit
1158 2136 1385 2184 Vexillifer
1410 2139 1633 2195 Iustitiae,¹
1660 2157 1748 2186 esse
1775 2140 1900 2187 meri-

90 2213 186 2246 tum
206 2199 264 2246 ob
283 2218 359 2247 sua
378 2200 489 2247 bene
507 2216 624 2261 gesta
641 2217 682 2249 et
701 2202 816 2249 dicta
833 2203 877 2249 in
897 2203 1017 2250 dicto
1036 2203 1189 2251 officio
1208 2206 1423 2265 aggregari
1441 2206 1586 2253 ordini
1606 2208 1902 2267 Septuaginta-

89 2265 321 2324 virorum‚²
347 2283 389 2315 et
409 2269 470 2315 sic
491 2285 828 2330 aggregaverunt
851 2286 892 2318 et
914 2289 1001 2318 esse
1022 2272 1257 2320 voluerunt
1281 2288 1323 2320 et
1344 2273 1708 2332 deliberaverunt,
1732 2290 1812 2323 etc.

166 2997 181 3022 '³
199 3006 264 3042 On
279 3005 405 3043 Scala’s
424 3006 628 3044 near-death
643 3007 740 3045 from
757 3008 971 3047 mushroom
988 3011 1181 3059 poisoning
1199 3012 1238 3047 in
1255 3011 1419 3049 October
1437 3015 1534 3056 1474,
1551 3026 1607 3050 see
1627 3013 1731 3057 Scala,
1750 3018 1794 3050 77
1810 3017 1892 3060 [52].

166 3066 180 3080 ⁶
201 3061 326 3100 Scala‘s
350 3062 641 3108 mother-in-law,
665 3065 876 3103 Alessandra
900 3068 1018 3111 Benci‚
1043 3068 1070 3105 is
1092 3067 1270 3116 probably
1294 3068 1447 3106 referred
1469 3081 1508 3107 to
1533 3069 1627 3113 here,
1651 3069 1777 3108 whom
1799 3070 1895 3108 Scala

84 3112 268 3152 described
287 3116 326 3152 in
343 3115 398 3154 his
416 3116 490 3153 will
508 3117 582 3164 (no.
601 3122 622 3154 7
639 3118 765 3166 above)
785 3133 819 3156 as
839 3133 858 3157 a
876 3119 1063 3168 ‘prudente
1081 3132 1115 3158 et
1133 3122 1229 3169 gravi
1246 3121 1402 3165 femina’,
1421 3122 1526 3166 Scala,
1546 3126 1680 3161 244-45
1699 3126 1804 3169 [1641

166 3176 178 3190 ²
195 3175 396 3220 May-June
417 3177 515 3218 1486,
533 3188 590 3212 see
608 3175 713 3219 Scala,
736 3179 800 3213 100
817 3179 899 3222 [61J.
