2118 3444
206 175 298 216 306
1819 181 1957 215 PART
1982 182 2013 214 v

207 338 315 367 num
341 319 527 380 amplius
553 318 787 366 desiderari
809 333 951 379 queat.
977 319 1112 378 Igitur
1136 337 1227 365 non
1252 333 1378 365 erunt
1403 318 1582 366 fortasse
1606 318 1780 379 apologi
1808 319 1852 365 hi
1877 320 2017 367 nostri

203 402 390 449 propter
408 405 564 435 eorum
584 388 829 434 novitatem
847 386 1074 434 iniucundi
1095 401 1167 434 aut
1187 386 1460 443 infructuosi,
1480 387 1515 434 si
1534 387 1608 448 qui
1625 386 1820 448 legerint.
1839 387 1888 435 Id
1903 402 2019 435 certe

205 474 302 504 sum
324 456 508 504 adnixus
524 474 609 517 pro
628 455 807 512 viribus,
828 470 876 502 ut
892 473 976 516 pro
995 473 1038 503 se
1057 456 1238 516 quisque
1259 454 1414 503 afferre
1430 473 1603 516 semper
1622 455 1786 517 aliquid
1801 455 2017 504 studuerit

206 524 328 586 quod
353 525 571 586 pertineat
597 524 651 572 ad
676 523 978 572 instruendam
1005 525 1156 581 vitam,
1183 542 1291 585 quae
1318 524 1496 585 quidem
1522 539 1590 572 tot
1616 525 1834 586 tantisque
1861 539 1902 573 et
1927 539 2018 573 tam

204 594 425 641 variarum
444 611 591 640 rerum
611 607 672 640 est
689 592 883 640 subiecta
899 592 1064 640 casibus
1080 607 1129 640 ut
1147 592 1308 640 erudiri
1325 607 1453 654 atque
1470 592 1644 640 edoceri
1658 594 1758 640 satis
1772 611 1856 654 pro
1874 611 2016 642 neces-

204 663 330 709 sitate
347 679 591 722 numquam
609 661 761 721 possit,
781 662 863 708 nisi
880 661 961 708 tibi
978 660 1175 717 forsitan,
1192 662 1398 708 Laurenti
1413 661 1621 717 Medices,
1638 662 1683 707 in
1701 679 1833 722 quem
1850 661 1895 708 id
1910 676 2020 709 aeta-

205 731 273 786 tis,
301 730 380 777 etsi
405 747 562 790 magna
586 730 731 776 evenit
756 747 856 776 cum
884 729 1173 776 admiratione
1199 730 1358 777 mentis
1384 744 1425 777 et
1449 729 1619 777 consilii
1645 730 1723 786 tui,
1751 729 1859 776 nihil
1888 729 2018 778 habet

205 798 398 846 telorum
422 797 615 854 fortuna,
640 797 761 858 quod
784 816 876 844 non
900 798 1154 854 exercuerit,
1176 797 1300 845 aliter
1318 797 1504 845 videtur.
1526 797 1646 845 Vale.

940 939 973 981 1.
998 933 1293 981 Observantia

204 1042 296 1085 Vos
322 1056 403 1098 ego
426 1036 797 1093 commonefacio,
824 1038 911 1084 mei
933 1036 1081 1093 libelli,
1107 1038 1406 1098 inopportune
1434 1037 1488 1084 ad
1510 1038 1761 1098 quempiam
1786 1034 1852 1084 ut8
1878 1055 1932 1085 ne
1956 1055 2020 1085 ac-

205 1106 428 1153 cesseritis.
453 1106 495 1152 Si
518 1120 721 1166 tempora
741 1123 820 1152 vos
842 1120 883 1152 et
905 1123 1049 1152 mores
1072 1105 1303 1166 diligenter
1323 1105 1613 1162 observaritis,
1637 1105 1831 1153 accidere
1850 1105 2016 1154 facilius

203 1192 329 1235 posse
363 1189 410 1221 ut
442 1175 588 1221 minus
621 1175 778 1234 ingrati
809 1173 1001 1234 hospites
1033 1173 1254 1221 advenisse
1285 1173 1401 1235 apud
1431 1192 1731 1235 quoscumque
1764 1173 2016 1231 videamini,

205 1261 347 1304 neque
369 1242 421 1290 ab
443 1261 488 1290 re
510 1243 605 1299 erit,
626 1243 800 1303 opinor,
824 1257 871 1290 ut
894 1260 1059 1289 nomen
1080 1243 1211 1290 etiam
1231 1242 1388 1303 singuli
1410 1257 1618 1299 vestrum,
1640 1261 1729 1304 quo
1748 1243 1882 1304 prius,
1905 1261 2016 1304 quos

203 1308 308 1358 sint9
344 1312 587 1372 suscepturi
625 1310 832 1371 hospitio,
873 1326 1153 1371 cognoscant,
1190 1310 1496 1372 praetendatis.
1531 1315 1652 1358 Nam
1689 1312 1768 1358 etsi
1802 1325 2015 1372 poterunt

203 1379 343 1426 videri
375 1380 594 1440 asperiora
628 1379 856 1440 quaedam,
890 1394 1052 1435 tamen,
1086 1394 1208 1426 certo
1236 1380 1341 1435 scio,
1376 1380 1562 1439 ingenua
1596 1380 1729 1439 magis
1761 1379 2016 1440 simplicitas

204 1462 334 1508 atque
356 1448 495 1508 aperti
517 1465 663 1494 mores
686 1446 979 1494 delectabunt.

958 1588 996 1630 2.
1019 1584 1266 1630 Necessitas

203 1687 325 1732 Toto
344 1699 561 1731 terrarum
579 1698 809 1745 peragrato
828 1684 934 1731 orbe
954 1683 1220 1745 devictisque
1238 1685 1324 1731 iam
1340 1683 1515 1745 populis
1538 1698 1579 1731 et
1597 1684 1751 1744 regnis,
1769 1684 2017 1731 Necessitas

205 1754 250 1799 in
268 1753 437 1800 caelum
451 1753 717 1814 properabat
735 1767 783 1800 ut
801 1771 901 1800 cum
918 1770 1120 1813 suprema
1138 1753 1268 1800 etiam
1287 1752 1471 1800 deorum
1487 1767 1614 1813 gente
1631 1751 1748 1799 bello
1766 1752 2020 1800 decertaret.

203 1826 315 1868 Non
339 1821 503 1882 placuit
530 1822 717 1882 experiri
740 1820 966 1868 fortunam
992 1821 1223 1868 bellorum.
1253 1820 1460 1868 Concilio
1486 1839 1588 1881 ergo
1614 1820 1795 1877 indicto,
1821 1820 2018 1868 decreve-

205 1905 307 1937 runt
330 1904 377 1937 ut
401 1890 704 1950 acciperentur
724 1888 1019 1936 condiciones:
1046 1889 1337 1936 abstineretur
1356 1888 1473 1936 bello
1496 1888 1588 1936 diis.

1027 2031 1064 2073 3.
1089 2031 1198 2073 Laus

204 2130 353 2186 Pedes,
389 2131 464 2190 qui
498 2148 625 2177 cursu
662 2131 707 2176 in
743 2126 1002 2190 Olympiis¹⁰
1040 2131 1249 2186 vicerant,
1282 2130 1470 2190 graviter
1501 2129 1698 2176 ferebant
1731 2147 1783 2176 ex
1816 2129 2015 2186 victoria,

204 2217 337 2259 quam
353 2198 503 2246 labore
521 2199 602 2259 ipsi
618 2216 699 2245 suo
716 2216 764 2245 ac
776 2197 980 2259 periculis
998 2212 1372 2259 comparaverant,
1390 2198 1593 2245 coronari
1609 2212 1751 2258 caput.
1770 2201 1889 2245 Cum
1906 2215 2013 2245 vero

205 2266 259 2313 ad
281 2267 479 2314 animum
504 2267 723 2313 venissent
749 2266 1088 2327 expostulatum,
1115 2267 1149 2313 is
1173 2284 1225 2313 ex
1247 2284 1342 2313 arce
1365 2266 1590 2313 exercebat
1611 2267 1657 2312 in
1680 2262 1911 2313 membrall
1937 2266 2015 2312 im-

202 2336 377 2395 perium
408 2349 449 2381 et
478 2335 543 2381 ius
573 2334 744 2381 dicebat
770 2334 1032 2381 volentibus.
1066 2334 1309 2395 Respondit
1341 2352 1392 2381 ex
1421 2352 1529 2381 arce:
1560 2335 1664 2381 ‘Etsi
1694 2333 1800 2381 alius
1829 2351 2015 2381 coronas

205 2403 350 2458 iactat,
370 2420 474 2449 vera
493 2417 643 2449 tamen
663 2403 838 2449 virtutis
858 2417 1001 2449 vestra
1019 2420 1098 2449 vos
1119 2402 1211 2449 laus
1231 2402 1535 2463 permanebit.'

995 2544 1033 2586 4.
1057 2543 1229 2599 Egestas

205 2643 324 2687 Cum
346 2655 623 2701 premeretur
644 2640 793 2687 multis
815 2645 988 2701 Egestas
1011 2640 1134 2687 malis
1158 2658 1237 2687 nec
1259 2641 1492 2701 quicquam
1517 2639 1609 2687 fato
1631 2639 1823 2701 quodam
1846 2658 1927 2687 suo
1949 2657 2017 2687 ex—

203 2708 384 2769 plicaret
413 2723 543 2769 atque
572 2709 616 2755 in
647 2708 737 2756 dies
766 2708 922 2756 fierent
950 2708 1153 2756 fortunae
1183 2709 1432 2765 deteriores,
1460 2709 1604 2756 scitari
1634 2708 1809 2756 oracula
1834 2708 2011 2770 placuit.

204 2781 319 2836 Ergo
340 2795 362 2823 e
381 2778 553 2823 cortina
569 2795 657 2823 vox
675 2791 737 2823 est
756 2777 938 2833 reddita,
955 2792 1002 2824 ut
1020 2781 1192 2837 Egestas
1212 2781 1365 2824 Conso
1384 2777 1610 2824 sacrificet.
1629 2780 1746 2824 Cum
1766 2791 1913 2824 autem
1930 2777 2015 2824 vic-

204 2845 314 2891 tima
334 2844 513 2900 deesset,
534 2844 729 2891 studium
750 2863 833 2905 pro
854 2846 1034 2892 victima
1052 2859 1100 2892 ut
1121 2859 1301 2892 voveret
1321 2844 1402 2892 fuit
1424 2844 1669 2892 consilium.
1694 2844 1778 2891 Sed
1797 2862 1851 2891 eo
1871 2842 2011 2891 mox¹²

203 2911 445 2972 persoluto,
472 2930 573 2959 cum
597 2912 886 2959 nihilominus
912 2913 1120 2972 Egestatis
1142 2931 1207 2959 res
1230 2912 1345 2959 haud
1367 2912 1568 2959 meliores
1591 2912 1747 2959 fierent
1770 2911 2014 2972 frustraque

206 2998 373 3026 numen
395 2981 677 3027 invocaretur
696 2995 737 3027 et
759 2980 1112 3027 obtunderentur
1133 2998 1266 3027 aures:
1292 2984 1366 3027 ‘At
1388 2981 1572 3027 stetisset
1593 2994 1702 3026 voto
1723 2979 1931 3036 tandem,'
1956 2997 2016 3026 re-

204 3047 384 3107 spondit
409 3051 596 3094 Consus.
