2118 3444
197 179 288 220 292
1809 180 1946 214 PART
1971 181 2003 213 V

199 324 408 380 invenias,
431 320 623 384 quibus³³
648 321 717 369 vel
740 339 896 382 magna
917 339 969 368 ex
989 335 1112 382 parte
1132 320 1199 368 vel
1221 321 1371 367 omnia
1392 319 1520 367 simul
1546 337 1638 367 non
1661 319 1814 367 desint.
1837 318 1921 367 Sed
1941 318 2009 367 fac

198 392 343 440 adesse
366 392 530 439 omnia.
557 390 683 450 Quid
703 389 883 438 tandem
906 390 980 451 qui
1002 388 1253 436 huiusmodi
1279 388 1408 436 fuerit
1431 389 1511 436 erit
1533 390 1810 435 consecutus?
1833 388 2009 449 Saepius

199 462 318 508 enim
354 459 581 507 offuerunt
615 460 675 506 eis
707 459 782 519 qui
814 458 885 505 illa
917 459 961 504 in
994 475 1037 505 se
1070 457 1293 514 haberent,
1327 475 1458 518 quam
1490 456 1751 518 profuerint.
1784 455 2005 503 Milonem

199 529 513 576 Crotoniatem
535 527 676 575 nudae
697 545 851 574 manus
872 527 959 573 ictu
979 526 1140 573 bovem
1160 526 1280 572 aiunt
1301 524 1577 572 interfecisse.
1598 524 1798 571 Eundem
1819 525 1864 571 in
1883 524 2009 572 vesti-

198 598 270 658 gio
294 614 395 644 cum
419 596 698 652 constitisset,
723 594 948 642 dimovere
970 612 1103 641 nemo
1124 608 1310 655 poterat.
1333 592 1504 640 Malum
1526 593 1695 640 tenenti
1715 592 1853 653 digito
1873 610 2007 640 nemo

199 665 424 726 eripiebat.
457 664 583 724 Quid
614 678 764 711 tamen
795 663 962 710 invenit
994 663 1038 708 in
1070 662 1234 709 viribus
1265 661 1394 718 Milo,
1424 676 1608 722 propter
1638 660 1759 722 quod
1790 661 1936 708 minus
1967 678 2011 708 se

199 733 363 781 fortem
384 732 512 780 malle
532 750 624 779 non
645 731 865 779 debuerit?
884 730 1009 790 Quid
1027 730 1273 791 Lygdamus
1292 733 1595 790 Syracusanus,
1617 747 1749 790 quem
1766 729 1898 776 etiam
1915 729 2007 776 sine

199 802 363 849 ossium
392 800 594 848 medullis
619 799 747 847 fuisse
772 799 951 846 tradunt
974 799 1019 845 in
1040 799 1253 859 pancratii
1276 800 1460 845 corona?
1486 797 1611 857 Quid
1633 798 1871 844 Tritannus
1893 799 2010 844 Sam-

199 871 311 918 nites
336 869 553 931 gladiator
577 868 859 916 fortissimus?
891 867 1016 927 Quid
1041 868 1130 915 eius
1157 866 1285 924 filius,
1315 870 1399 914 Cn.
1428 866 1627 927 Pompeii
1653 865 1789 922 miles,
1817 866 1892 927 qui
1917 865 2007 927 ipse

200 939 379 986 inermis
409 952 628 985 armatum
658 937 818 984 devicit
847 936 1019 983 hostem
1048 935 1291 996 detulitque
1319 936 1364 981 in
1394 937 1550 982 castra?
1578 934 1703 994 Quid
1730 938 1793 981 M.
1823 934 2007 981 Sicinius

198 1011 433 1063 Dentatus,
465 1005 572 1067 quid
601 1005 765 1062 Fufius,
801 1004 907 1066 quid
937 1004 1198 1061 Athanatus,
1230 1022 1362 1065 quem
1392 1021 1435 1051 se
1466 1002 1621 1050 vidisse
1654 1002 1818 1050 Plinius
1851 1001 2010 1050 confir·

199 1082 354 1123 matmm
398 1075 774 1136 quinquagenario
817 1073 996 1121 thorace
1037 1072 1249 1134 plumbeo
1293 1072 1498 1120 indutum
1543 1086 1585 1119 et
1626 1071 2005 1133 quinquagenariis

199 1144 396 1192 coturnis
417 1143 658 1191 calceatum
674 1161 755 1204 per
769 1160 969 1189 scaenam
990 1142 1227 1189 incessisse?
1250 1140 1375 1201 Quid
1394 1141 1573 1202 inquam
1594 1158 1748 1188 omnes
1768 1158 1820 1187 ex
1837 1139 2010 1187 fortitu-

198 1213 300 1260 dine
317 1211 546 1260 commodi
566 1226 607 1259 et
622 1229 715 1259 non
733 1211 867 1271 magis
883 1210 1137 1258 detrimenti
1152 1211 1523 1271 importaverunt?
1541 1208 1829 1256 Pulchritudo
1845 1223 2007 1265 autem,

199 1299 308 1342 quae
326 1282 459 1328 etiam
475 1280 585 1327 solet
605 1280 659 1327 ad
672 1280 913 1326 vanitatem
929 1293 970 1326 et
988 1279 1199 1326 insaniam
1216 1278 1468 1339 perducere,
1486 1278 1733 1325 orationem
1752 1295 1895 1324 meam
1914 1294 2007 1324 non

199 1349 427 1396 desiderat.
447 1349 489 1395 Si
508 1348 687 1409 quidem
708 1365 800 1394 non
821 1347 881 1393 illi
899 1347 1043 1394 solum
1066 1347 1140 1407 qui
1158 1364 1207 1393 ea
1224 1346 1393 1393 excellit
1411 1363 1726 1407 saepenumero
1746 1345 1911 1401 nocuit,
1931 1344 2007 1392 sed

199 1432 240 1464 et
258 1431 373 1464 totas
389 1416 634 1477 plerunque
655 1416 851 1463 civitates
868 1416 1153 1475 nationesque
1171 1414 1397 1461 subvertit.
1418 1417 1487 1461 De
1505 1413 1736 1460 velocitate
1754 1414 1860 1460 item
1876 1412 2010 1460 velim

199 1485 310 1531 mihi
332 1485 646 1545 Polymnestor
671 1483 785 1531 dicat
806 1483 1016 1539 Milesius,
1042 1501 1173 1543 quern
1196 1483 1327 1529 etiam
1349 1482 1546 1542 leporem
1570 1495 1856 1528 consecutum
1879 1480 2008 1528 fuisse

198 1553 394 1609 tradunt;
419 1567 491 1599 aut
518 1552 667 1608 Ladas,
692 1552 766 1612 qui
789 1569 920 1611 super
944 1550 1123 1598 harenas
1147 1568 1324 1597 currens
1347 1550 1577 1609 vestigium
1604 1567 1695 1596 non
1722 1548 2009 1609 relinquebat3

199 1635 272 1669 aut
300 1618 533 1681 Anystus³⁴
563 1634 636 1667 aut
664 1619 930 1675 Philonides,
961 1618 1201 1666 Alexandri
1226 1618 1377 1679 Magni
1404 1617 1729 1665 celebratissimi
1756 1623 2011 1673 cursores,nn

199 1704 272 1737 aut
293 1689 534 1750 Virgiliana
557 1688 629 1736 illa

604 1791 763 1838 Volsca
786 1790 838 1838 de
858 1804 985 1851 gente
1008 1789 1196 1837 Camilla

404 1900 517 1907 .....
542 1874 719 1907 assueta.
739 1899 746 1906 .
765 1899 773 1906 .
791 1899 799 1906 .
821 1858 988 1920 proelia
1010 1859 1134 1919 virgo

401 1932 527 1976 Dura
546 1929 639 1989 pati
660 1945 874 1988 cursuque
896 1927 1060 1988 pedum
1082 1941 1356 1987 praevertere
1375 1931 1571 1973 ventos⁰⁰

199 2045 272 2078 aut
296 2045 447 2078 noster
468 2030 676 2091 Papirius,
702 2029 755 2076 de
776 2047 866 2090 quo
887 2044 978 2076 tam
1001 2028 1138 2075 multa
1159 2029 1305 2075 Livius
1326 2034 1703 2083 commemorat,pp
1726 2041 1798 2074 aut
1821 2025 1892 2073 alii
1911 2024 2008 2072 infi-

200 2100 294 2146 niti.
327 2098 453 2158 Quid
483 2116 534 2145 ex
561 2098 820 2159 pernicitate
847 2115 923 2144 sua
952 2097 1006 2144 ad
1032 2111 1218 2144 aetatem
1244 2096 1354 2143 bene
1384 2095 1594 2156 agendam
1623 2096 1718 2156 opis
1747 2093 2011 2142 rettulerunt

198 2181 373 2228 praeter
397 2166 656 2222 anhelitum,
683 2165 905 2222 sudorem,
935 2165 1145 2221 laborem,
1175 2164 1397 2212 dolorem?
1425 2163 1545 2211 Idem
1573 2163 1626 2210 de
1652 2163 1805 2210 ceteris
1830 2180 2006 2223 quoque

200 2236 398 2295 corporis
418 2235 638 2282 attributis
655 2235 746 2281 sine
766 2234 1046 2280 cunctatione
1063 2233 1238 2280 videtur
1253 2232 1501 2279 dicendum.
1521 2231 1731 2279 Valitudo
1749 2232 1881 2287 enim,
1901 2248 2010 2291 quae

200 2304 245 2349 in
273 2303 428 2379 primis
460 2302 560 2349 ideo
589 2301 859 2349 desideratur
884 2301 1005 2362 quod
1032 2315 1080 2348 ut
1107 2300 1349 2361 plurimum
1381 2318 1473 2347 non
1502 2299 1635 2355 adest,
1663 2316 1811 2346 nonne
1839 2299 2007 2359 saepius

200 2372 356 2418 invitat
378 2370 432 2418 ad
453 2370 690 2432 crapulam,
716 2387 864 2417 nonne
889 2383 1084 2417 mentem
1108 2383 1303 2416 nostram
1327 2383 1369 2415 et
1392 2368 1608 2415 rationem
1628 2366 1877 2429 perturbat?
1900 2369 2005 2426 Qua

199 2439 252 2487 de
270 2457 314 2487 re
332 2454 374 2487 et
391 2439 517 2487 Plato
534 2457 626 2486 non
643 2438 833 2486 salubri
823 2456 868 2485 1n
886 2438 987 2485 loco
1005 2437 1057 2485 de
1075 2437 1286 2485 Industria
1303 2437 1530 2484 constituit
1550 2435 1850 2492 Academiam,
1863 2434 2005 2496 philo·

198 2508 378 2569 sophiae
401 2507 554 2555 studiis
578 2507 758 2554 officere
779 2506 1066 2554 valitudinem
1089 2506 1332 2553 arbitratus.
1339 2513 1377 2539 qq

285 2581 348 2624 Ita
364 2594 480 2633 vere,
501 2594 555 2623 ne
575 2576 726 2623 omnia
744 2593 991 2636 persequar,
1013 2574 1217 2622 concludi
1235 2588 1380 2635 potest
1400 2573 1564 2621 nullam
1587 2590 1674 2620 esse
1694 2572 1832 2619 nostri
1853 2589 2006 2632 corpo-

200 2646 255 2692 ris
275 2644 428 2692 dotem
449 2645 518 2691 cui
535 2644 603 2691 vel
621 2643 849 2705 paululum
873 2643 1010 2690 modo
1030 2642 1253 2690 confidere
1270 2643 1498 2703 possimus,
1524 2656 1596 2688 aut
1615 2659 1638 2688 a
1655 2658 1752 2702 qua,
1772 2640 1854 2687 nisi
1871 2642 2007 2696 Deus,

199 2714 274 2773 qui
298 2713 416 2760 solus
441 2712 635 2773 pericula
656 2726 802 2772 potest
828 2726 1035 2767 avertere,
1059 2711 1315 2758 adiumento
1341 2709 1485 2766 fuerit,
1510 2709 1761 2756 discrimina
1783 2708 1932 2769 potius
1959 2725 2008 2755 ac

281 2970 330 2984 Μ
349 2965 465 3013 Pliny,
484 2968 653 3002 Nafflm.
675 2967 750 3008 vn,
770 2967 813 3001 20
832 2963 970 3012 (19),83.

281 3028 314 3043 ⁰¹²
330 3023 430 3067 ὠή,
449 3023 493 3060 cf.
513 3026 587 3066 Vn,
590 3026 635 3060 20
655 3022 735 3070 (19),
740 3026 793 3060 81.

280 3086 312 3100 ⁰⁰
328 3084 418 3118 Aen.
436 3084 511 3124 VII,
515 3084 603 3118 803-
607 3084 683 3118 807.

279 3143 312 3165 ΡΡ
328 3139 388 3177 Ab
403 3139 487 3177 urbe
503 3139 598 3176 cond.
621 3142 682 3182 IX,
688 3142 740 3182 17,
746 3141 797 3182 13,
818 3150 883 3175 etc.

279 3201 312 3224 qq
330 3196 388 3234 Cf.
409 3198 446 3234 St
465 3195 566 3240 Basa,
585 3198 702 3233 Sermo
719 3195 761 3233 de
777 3195 923 3243 legendis
940 3194 1034 3232 libris
1048 3194 1231 3242 gentilium
1248 3193 1295 3231 ad
1309 3193 1533 3231 adolescentes.
