2118 3444
198 143 286 184 134
1823 151 1999 185 PARTI

195 306 333 335 causa.
359 291 488 348 Opus
515 288 559 333 in
583 305 632 334 ea
654 305 697 334 re
722 286 829 333 nihil
856 286 937 334 fuit
960 305 1057 334 mea
1079 305 1223 347 opera.
1249 287 1383 334 Ultro
1408 288 1680 348 magistratus
1705 287 1759 335 ad
1778 306 1827 335 ea
1848 288 2004 345 danda,

195 374 305 417 quae
323 370 443 416 grata
459 356 677 403 existimet
696 373 783 402 esse
801 355 940 412 vobis,
960 373 1202 416 propensus
1224 370 1298 403 est.
1319 355 1410 403 Ubi
1429 373 1539 416 opus
1557 356 1626 412 sit,
1646 370 1687 403 et
1702 370 1856 416 putem
1875 374 2002 417 posse

195 425 378 485 obsequi
399 424 524 471 vobis
546 438 675 484 atque
695 424 763 470 isti
783 423 956 470 inclitae
975 424 1154 480 civitati,
1171 423 1279 470 nihil
1301 438 1362 471 est
1382 424 1503 484 quod
1523 425 1568 470 in
1587 425 1711 471 omni
1732 425 1822 472 vita
1837 425 2002 485 possim

195 493 335 540 facere
351 492 570 539 libentius.
591 492 729 539 Vobis
749 510 818 538 me
836 492 966 539 etiam
984 506 1112 552 atque
1129 493 1259 539 etiam
1275 492 1516 552 plurimum
1538 492 1818 540 commendo.
1838 492 2004 540 Valete.

194 565 257 607 Ex
281 560 449 607 Palatio
469 558 746 606 Florentinol
771 559 839 606 die
862 564 884 606 3
908 558 1113 619 Augusti²
1141 564 1258 606 1482.

1064 702 1138 743 161

768 771 846 811 ΤΟ
871 771 1185 811 COSTANZO
1209 772 1431 811 SFORZA

925 842 946 879 3
969 841 1143 891 August
1167 842 1271 879 1482

275 936 360 981 Mo,
382 933 448 973 fol.
469 936 598 973 32r-v.
618 932 730 973 Draft
750 933 801 985 by
820 933 946 973 Scribe
964 935 1013 981 A,
1034 932 1186 973 headed:
1210 934 1396 973 ‘Domino
1419 934 1646 974 Constantio
1669 933 1838 974 Sforzie.'

193 1037 373 1084 Illustris
400 1051 529 1097 atque
554 1036 767 1083 excellens
792 1037 1029 1097 capitanee,
1055 1037 1234 1084 domine
1262 1038 1321 1083 mi
1348 1037 1560 1084 excellens
1585 1052 1626 1084 et
1649 1037 1996 1097 singularissime.

193 1109 337 1152 Come
364 1123 414 1152 so
439 1105 483 1151 vi
508 1104 718 1151 scriverra
742 1109 909 1151 Messer
933 1104 1168 1151 Pandolfoa
1190 1104 1266 1165 piu
1294 1123 1317 1152 a
1341 1104 1521 1165 lungho‚
1549 1106 1583 1152 si
1611 1105 1633 1152 ὲ
1660 1105 1817 1152 durato
1843 1105 2005 1152 faticha

190 1173 369 1234 parechi
386 1173 530 1233 giorni
549 1172 603 1219 ad
618 1172 828 1220 obtenere
847 1173 921 1233 qui
939 1187 1089 1233 questa
1107 1172 1420 1220 deliberatione
1437 1172 1480 1220 di
1496 1173 1806 1233 provigionad,
1824 1172 2000 1234 perche,

192 1259 319 1288 come
347 1255 507 1301 sapete‚
534 1259 620 1288 con
648 1240 864 1287 difficulta
887 1241 925 1287 le
954 1240 1261 1288 consuetudini
1290 1242 1527 1288 inveterate
1551 1242 1585 1288 si
1613 1256 1802 1288 mutono
1831 1245 1899 1288 ne’
1925 1259 2002 1302 po-

190 1309 296 1370 poli.
322 1299 411 1356 Essi
434 1327 542 1369 pure
565 1308 784 1356 obtenuto
806 1308 885 1355 che
905 1309 939 1355 si
962 1308 1133 1355 saccino
1153 1313 1235 1356 600
1253 1310 1561 1369 provigionati.
1586 1309 1855 1356 Manderassi
1876 1312 1912 1356 e’
1937 1309 2006 1356 da-

192 1378 286 1424 nari
312 1376 422 1424 costi
449 1395 472 1424 a
496 1378 624 1431 Piero
650 1376 910 1437 Popoleschi
939 1391 979 1424 et
1006 1376 1225 1424 farannosi
1253 1380 1289 1424 e'
1314 1378 1609 1438 provigionati
1637 1377 1831 1424 secondo
1859 1377 1938 1424 che
1963 1377 2004 1425 la

190 1445 460 1493 Excellentia
486 1449 647 1492 Vostra
678 1444 912 1505 disegnera.
944 1449 991 1492 Io
1021 1444 1080 1492 ho
1109 1445 1391 1505 grandissima
1419 1463 1627 1506 speranza
1657 1445 1736 1492 che
1766 1445 1820 1493 da
1846 1460 2002 1506 questo

189 1514 412 1575 principio
447 1513 579 1560 habbi
613 1531 636 1560 a
669 1531 841 1560 nascere
871 1531 958 1560 una
991 1513 1273 1573 grandissima
1304 1528 1451 1560 vostra
1481 1513 1631 1574 gloria,
1665 1517 1998 1561 maximamente

189 1581 351 1643 perche
377 1600 426 1629 so
455 1581 535 1629 che
561 1582 604 1628 vi
633 1596 861 1629 metterete
886 1581 969 1629 tale
996 1581 1218 1642 diligentia
1243 1581 1322 1629 che
1350 1581 1421 1629 chi
1445 1600 1488 1629 se
1516 1600 1569 1629 ne
1596 1581 1618 1629 ὲ
1645 1581 1884 1642 adoperato
1911 1582 2000 1642 qui,

192 1651 295 1711 ogni
320 1650 364 1697 di
388 1668 442 1697 ne
465 1649 558 1697 sara
577 1649 653 1711 piu
679 1664 906 1697 contento.
931 1649 1308 1697 Raccomandomi
1333 1649 1414 1697 alla
1434 1649 1700 1697 Excellentia
1721 1654 1892 1697 Vostra.
1917 1651 2003 1697 Die

192 1720 236 1765 iii
260 1719 447 1778 Augusti
477 1717 614 1765 1482.¹

1048 1860 1153 1902 1612

571 1930 649 1970 TO
672 1931 976 1970 GIOVANNI
999 1931 1283 1970 RUCELLAI
1304 1932 1370 1970 IN
1390 1931 1620 1970 EMPOLF

923 2002 945 2038 5
967 2000 1141 2050 August
1165 2001 1269 2038 1482

274 2095 358 2140 Mo,
377 2091 675 2188 f01‘32i28123mst
690 2091 983 2132 memorandum
1002 2091 1053 2144 by
1069 2091 1194 2132 Scribe
1209 2094 1258 2140 A,
1275 2091 1427 2132 headed:
1447 2092 1636 2132 ‘Potestati
1656 2092 1840 2144 Emporii,
1857 2090 1916 2132 die

274 2165 299 2188 v
320 2161 463 2200 augusti
599 2150 620 2188 .’

190 2257 254 2300 Ut
286 2252 483 2300 favorem
514 2267 703 2313 praestet
732 2271 831 2299 suae
863 2254 1005 2300 curiae
1037 2254 1150 2300 circa
1178 2252 1396 2300 debitores
1428 2252 1670 2313 Hospitalis
1702 2267 1743 2299 et
1773 2253 2000 2299 Societatis

191 2322 347 2368 Crucis
367 2322 580 2381 Emporii,
604 2335 651 2368 ut
672 2335 885 2381 cogantur
905 2321 958 2368 ad
975 2321 1237 2368 solvendum
1259 2321 1405 2368 debita
1419 2321 1779 2381 procuratoribus
1802 2335 1844 2368 et
1862 2338 1999 2368 came—

190 2389 312 2436 rariis
334 2388 474 2436 dictae
495 2390 721 2436 Societatis
743 2403 784 2436 et
807 2389 1062 2449 Hospitalis,
1088 2404 1167 2436 etc.

271 3104 283 3118 ²
301 3100 476 3138 Pandolfo
495 3100 742 3144 Collenuccio,
761 3102 973 3138 Costanzo’s
991 3099 1195 3138 chancellor
1208 3101 1246 3136 in
1263 3099 1443 3143 Florence3
1459 3113 1515 3137 see
1533 3099 1637 3143 Scala,
1659 3102 1722 3136 197
1738 3101 1843 3144 [147],
1862 3110 1949 3136 note
1964 3101 1996 3135 9.

272 3163 283 3176 ²
301 3160 363 3195 See
380 3157 485 3195 letter
503 3161 578 3201 128,
598 3170 684 3195 note
702 3157 732 3205 a)
753 3158 876 3195 above.
