2124 3458
144 172 318 206 POEMS
1851 160 1943 200 417

351 311 460 367 Quo
480 308 645 368 possim
671 306 861 354 aetherei
879 305 1077 367 pondera
1098 305 1209 352 ferre
1227 305 1333 366 poli.
1770 319 1830 350 190

265 379 334 423 Tu
355 390 483 436 potes
505 393 557 422 ex
580 374 735 422 humili
758 389 904 421 vatem
925 373 1114 420 relevare
1135 374 1363 429 iacentem,

350 448 414 491 Ut
437 457 610 490 resonet
633 457 787 489 nostro
809 459 985 489 carmen
1007 442 1052 487 in
1074 459 1150 488 ore
1171 456 1311 488 tuum.

266 515 348 559 Per
367 526 425 567 te,
445 528 617 558 summe
640 525 778 571 pater,
800 509 939 557 fuerat
960 510 1035 570 qui
1055 508 1261 556 stridulus
1284 526 1409 556 anser

349 583 500 640 Sperat
522 579 720 626 olorinos
745 578 871 625 edere
890 595 1015 639 posse
1038 595 1184 624 sonos.

1035 753 1061 793 2

938 821 1160 862 ERITUS¹

228 916 284 966 L⁸,
297 917 382 958 fols.
399 920 615 958 142r-145r.
628 915 855 969 Autograph
868 915 966 957 draft
976 915 1072 956 with
1086 931 1202 968 many
1214 916 1458 956 corrections.
1470 917 1601 968 Paper.
1616 915 1862 968 Tit.‘Vopisci

226 973 510 1071 {affissmaei
528 972 651 1014 Scalae
669 972 836 1026 Aegloga
856 973 1006 1013 Eritus.’
1027 971 1095 1013 Ed.
1115 975 1213 1020 Bot.,
1232 975 1388 1012 219-23.
1407 971 1603 1012 Emended
1622 971 1674 1024 by
1693 970 1869 1012 Scaevola

264 1172 471 1215 Menetus
492 1166 618 1226 Quid
639 1182 688 1214 tu
711 1166 781 1214 hic
799 1166 1003 1227 populea,
1026 1167 1149 1227 piger
1169 1184 1198 1213 o
1219 1165 1424 1222 Melibee‚
1445 1165 1524 1213 sub
1547 1165 1724 1213 umbra?

348 1236 436 1282 Dic
457 1235 564 1296 quid
585 1253 695 1295 agas,
716 1234 872 1282 doctus
892 1249 1050 1281 teretes
1070 1233 1222 1281 inflare
1244 1235 1405 1281 cicutas

349 1308 403 1351 Et
424 1303 568 1351 bonus
592 1318 767 1364 argutos
789 1302 1008 1350 cantando
1029 1303 1202 1350 vincere
1223 1320 1399 1363 cygnos.

348 1376 496 1432 Surge,
519 1390 608 1432 age,
631 1371 738 1432 quid
758 1373 910 1418 restas?
932 1371 1121 1431 cupi‹de›
1143 1386 1185 1418 te
1206 1370 1392 1431 appellat
1414 1374 1609 1417 Anance.

349 1441 426 1486 Eia
447 1457 536 1499 age,
558 1439 701 1486 adhuc
723 1441 874 1486 restas?
896 1438 1085 1486 calamos
1107 1456 1225 1499 cape,
1248 1438 1308 1484 nil
1331 1453 1592 1494 remoretur,
1811 1452 1830 1483 5

351 1512 520 1554 Interea
537 1525 622 1568 pro
644 1522 686 1554 te
708 1525 824 1563 nam,
849 1524 918 1553 me
940 1506 1134 1562 custode,
1156 1506 1343 1567 capellae

350 1579 672 1636 Pascenturque
694 1575 827 1622 rubos
850 1574 1009 1622 virides
1030 1589 1072 1622 et
1093 1592 1199 1622 cana
1217 1574 1376 1622 salicta.

349 1646 419 1691 Tu
439 1661 681 1705 properans
705 1643 811 1691 infla
832 1643 1021 1690 calamos
1042 1658 1091 1690 ut
1111 1642 1236 1690 saltet
1256 1646 1453 1699 Anance,

349 1717 471 1760 Nam
492 1713 585 1759 sine
608 1727 650 1759 te
671 1711 778 1773 quid
796 1729 922 1773 posse
944 1714 1091 1773 putas?
1115 1729 1224 1773 quae
1246 1711 1429 1772 denegat
1448 1711 1588 1759 ullum

350 1784 478 1828 Posse
502 1798 681 1828 movere
701 1780 861 1841 pedem
882 1780 938 1827 ad
956 1798 1205 1836 numerum,
1230 1795 1356 1841 negat
1378 1798 1466 1827 esse
1487 1794 1681 1827 venusta.
1793 1795 1831 1825 10

349 1853 403 1896 Et
426 1843 606 1896 meritob
628 1849 839 1909 quoniam
863 1866 943 1896 nec
963 1848 1127 1896 lactans
1147 1848 1285 1909 diligit
1307 1866 1441 1909 agnus

350 1917 450 1964 Plus
473 1931 660 1964 matrem
682 1935 763 1964 nec
784 1916 902 1964 foeta
922 1916 1058 1964 hedos
1078 1916 1176 1977 plus
1199 1934 1328 1977 capra
1345 1916 1545 1977 petulcos

350 1985 525 2032 Perdita
543 1984 611 2032 vel
634 1984 843 2045 cupidum
866 1984 964 2045 plus
986 1984 1170 2032 buccula
1192 1984 1310 2032 nulla
1332 1985 1580 2031 iuvencum.

351 2057 528 2113 Iamque
551 2052 768 2100 Rifredini
787 2067 982 2113 pastores
1004 2052 1219 2113 Daphnis,
1244 2053 1461 2109 Amintas‚

351 2121 698 2181 Chrysocomus,
726 2122 811 2168 iam
834 2136 987 2168 monte
1010 2122 1096 2168 ruit
1117 2120 1352 2168 Faesulana
1372 2121 1575 2168 iuventus
1793 2135 1830 2166 15

350 2193 403 2235 Et
426 2206 711 2249 quaecunque
733 2189 846 2235 valet
868 2206 1055 2235 numero
1077 2188 1242 2236 saltuve
1262 2188 1407 2249 puella

350 2256 511 2303 Saltare
532 2256 587 2303 ad
607 2274 841 2303 numerum
865 2257 986 2303 venit
1008 2271 1050 2303 et
1071 2271 1234 2303 certare
1251 2255 1407 2317 puella.

350 2328 497 2385 Surge,
520 2343 610 2385 age,
632 2324 739 2385 quid
760 2327 911 2372 restas?
933 2324 1089 2385 cupide
1111 2339 1153 2372 te
1173 2324 1359 2385 appellat
1382 2329 1576 2371 Anance.

351 2397 499 2453 Atque
522 2392 726 2453 equidem
749 2394 944 2440 memini:
971 2410 1073 2440 nam
1096 2411 1188 2440 non
1211 2407 1272 2440 est
1294 2392 1465 2453 longius
1489 2410 1541 2439 ex
1562 2410 1653 2453 quo

351 2465 516 2508 Laurea
534 2462 750 2508 victorem
772 2476 814 2508 te
836 2461 1027 2508 ostendit
1047 2476 1172 2522 parta
1191 2460 1369 2517 corolla,
1790 2476 1831 2507 20

350 2533 404 2576 Et
426 2530 566 2576 victus
587 2530 721 2576 tristis
742 2529 853 2576 redit
874 2547 896 2577 e
918 2530 1155 2577 certamine
1175 2534 1373 2590 Mopsus,

350 2602 535 2658 Mopsus
559 2598 634 2658 qui
655 2612 829 2644 tantum
850 2597 1012 2658 placuit
1034 2597 1128 2654 tibi,
1151 2597 1283 2654 Dilia,
1305 2597 1531 2658 quondam

351 2669 585 2724 Quantum
609 2665 802 2712 desertus
822 2666 953 2712 sensit
978 2665 1121 2712 rivalis
1143 2667 1358 2713 Amintas.

351 2736 461 2792 Quo
483 2733 563 2780 tibi
586 2751 703 2780 nunc
725 2748 825 2780 toto
846 2751 1106 2780 concurrere
1128 2733 1181 2780 de
1200 2751 1325 2793 grege
1348 2733 1491 2780 nullus

352 2801 515 2857 Audet,
537 2802 644 2861 quin
667 2802 799 2848 etiam
821 2801 1050 2848 Phoebum
1074 2819 1274 2862 superare
1297 2801 1496 2848 canendo
1790 2815 1830 2847 25

226 3016 239 3030 ²
256 3011 462 3060 According
478 3024 518 3049 to
535 3011 775 3055 W.Welliver,
790 3014 960 3061 L'impem
969 3012 1174 3060 florentino,
1193 3011 1374 3055 Florence,
1395 3015 1493 3055 1957,
1516 3015 1590 3055 117,
1610 3024 1696 3049 note
1717 3015 1746 3055 1,
1763 3011 1826 3049 the
1842 3025 1951 3060 poem

146 3062 294 3112 belongs
307 3076 348 3101 to
361 3063 424 3101 the
439 3063 566 3112 period
581 3067 748 3108 1480-84,
763 3064 829 3102 but
843 3063 968 3102 Scala‘s
982 3078 1043 3102 use
1058 3063 1100 3101 of
1110 3063 1172 3102 the
1187 3078 1291 3101 name
1305 3065 1503 3112 ‘Vopiscus’
1521 3065 1560 3100 in
1572 3063 1635 3101 the
1649 3063 1727 3101 title
1737 3075 1891 3111 suggests
1908 3077 1955 3101 an

146 3116 271 3154 earlier
285 3117 413 3166 period
429 3117 471 3155 of
486 3117 541 3155 his
559 3118 714 3166 writing‚
731 3117 775 3155 cf.
794 3117 899 3161 Scala,
918 3121 938 3155 3
957 3120 1016 3164 [9],
1037 3130 1123 3155 note
1140 3121 1172 3155 2.

226 3168 242 3193 ¹²
260 3175 477 3223 Propertius,
499 3178 621 3218 1,17,1.
