2124 3458
144 164 317 198 POEMS
1847 155 1933 196 421

348 305 447 348 Nec
468 301 613 347 minus
637 300 855 347 immerite
877 300 1153 347 miserebitur
1174 300 1318 347 omnis
1341 304 1557 355 Anances,

347 369 553 429 Denique
573 386 617 415 se
639 367 790 415 infelix
809 367 992 415 stultum
1016 382 1248 428 cognoscet
1271 368 1427 415 Eritus.

1031 544 1055 585 3

780 614 1059 652 AEGLOGA
1080 614 1305 652 NENCIA

226 704 287 753 C²,
308 705 393 746 fols.
414 708 585 753 60r·62r‚
604 704 662 745 ed.
681 706 866 745 FPatetta
890 703 1012 756 (Pat'),
1037 707 1187 752 182-89;
1207 703 1280 752 M⁶,
1301 704 1385 745 fols.
1410 708 1615 745 126r-129r
1634 705 1706 756 (see
1724 707 1860 745 Perosa

225 761 377 813 below),
402 758 536 809 Marc³,
563 760 647 801 fols
674 763 851 808 75r-78v,
876 758 942 808 Si’,
969 759 1053 801 fols.
1080 763 1261 801 50v-52v.
1288 760 1370 801 The
1394 776 1509 813 poem
1537 761 1567 801 is
1594 761 1862 814 accompanied

227 817 402 870 (except
391 832 431 856 in
450 814 501 857 Si³
523 816 597 857 and
616 832 636 857 a
653 815 869 869 fragment
858 831 898 856 m
915 814 989 868 Μῆ
1012 816 1063 869 by
1081 816 1206 857 letters
1224 830 1266 857 to
1287 816 1524 869 Sigismondo
1549 816 1643 857 della
1662 816 1767 857 Stufa
1787 816 1860 857 and

224 873 269 914 of
280 873 345 913 the
361 872 511 926 nymph
525 873 674 913 Nencia
688 886 730 913 to
747 875 921 913 Lorenzo
936 872 994 913 de’
1011 872 1163 921 Medici,
1180 875 1207 921 1,
1223 872 1349 913 letters
1365 877 1411 913 54
1427 872 1500 913 and
1516 877 1574 913 55.
1589 875 1667 913 For
1678 872 1744 913 the
1760 873 1856 921 date,

223 945 283 970 see
310 929 420 970 letter
449 933 507 977 54,
537 942 628 970 note
658 928 704 981 a).
731 931 781 969 A.
809 930 956 977 Perosa,
986 931 1051 970 ‘La
1076 929 1225 970 Nencia
1252 928 1350 970 dello
1381 929 1508 977 Scala,’
1535 931 1811 970 Rinascimento
1839 933 1861 969 2

226 985 519 1038 (1951);459-60.
541 985 605 1026 Cf.
621 984 734 1033 Scala,
755 988 825 1025 272
844 988 957 1034 [186].

260 1123 424 1171 Gedon
444 1124 631 1179 Nencia,
653 1123 728 1184 qui
749 1124 881 1170 tantis
899 1137 1026 1184 potes
1048 1122 1264 1170 obdurare
1287 1123 1492 1184 querelis?

343 1191 546 1251 Tigribus
570 1206 667 1238 orta
688 1190 802 1247 feris,
824 1209 916 1238 non
939 1206 1093 1238 nostro
1113 1192 1278 1238 semine
1301 1206 1417 1238 certe
1437 1209 1493 1238 es.

343 1260 517 1306 Nencia
537 1259 736 1315 crudelis,
759 1259 944 1306 crudelis
963 1260 1150 1315 Nencia,
1171 1260 1303 1307 tantis

342 1327 481 1374 Surda
501 1327 645 1374 modis
664 1327 952 1388 precibusque
976 1328 1096 1383 meis,
1120 1345 1190 1374 me
1211 1327 1399 1388 denique
1421 1328 1551 1388 cogis,

342 1398 481 1451 Dura,
503 1396 631 1442 mori.
656 1396 757 1451 Dic,
779 1410 923 1442 morte
945 1413 1055 1451 mea,
1077 1395 1160 1451 dic,
1180 1397 1367 1452 Nencia,
1387 1395 1498 1443 lucri
1801 1411 1820 1442 5

344 1462 470 1522 Quid
491 1462 641 1510 facies?
661 1464 839 1510 Morior
859 1478 988 1510 certe.
1009 1466 1080 1510 Da
1100 1463 1277 1511 brachia
1296 1464 1451 1519 amori;

344 1532 525 1592 Respice
547 1549 617 1578 me
639 1531 833 1587 tandem,
855 1549 945 1607 quo
967 1549 1059 1578 non
1082 1546 1144 1578 est
1166 1532 1308 1579 maior
1329 1532 1374 1578 in
1396 1533 1505 1592 agris

343 1602 509 1655 Pastor,
531 1617 612 1646 nec
633 1598 787 1646 melius
809 1600 927 1646 norit
950 1600 1026 1660 qui
1047 1598 1200 1647 inflare
1221 1600 1395 1656 cicutas,

343 1671 435 1714 Aut
457 1682 588 1714 cantu
610 1667 764 1715 melius
786 1668 861 1728 qui
883 1667 1145 1729 respondere
1168 1669 1331 1716 cicutis.

341 1739 447 1783 Sum
467 1737 639 1797 pecoris
661 1735 781 1783 dives
802 1735 944 1793 multi,
966 1754 1063 1783 sum
1086 1736 1205 1784 dives
1226 1751 1268 1784 et
1289 1737 1391 1797 agri,
1782 1753 1821 1783 10

342 1807 669 1865 Pascunturque
692 1805 779 1851 mei
800 1819 978 1852 centum
1001 1823 1098 1852 mea
1116 1819 1240 1865 prata
1259 1806 1444 1852 iuvenci.

342 1873 563 1919 Caesaries
585 1873 759 1919 intonsa
782 1872 989 1919 humeros
1012 1872 1229 1933 dependet
1249 1873 1304 1920 ad
1322 1891 1471 1934 usque,

341 1943 446 1999 Qua
466 1939 610 2000 placui
633 1940 858 2000 quondam
880 1940 1119 2001 Nymphis,
1145 1959 1246 1987 cum
1268 1959 1470 2001 spernere
1491 1941 1727 2002 Nymphas

340 2007 483 2054 Dulce
505 2007 602 2063 fuit3
624 2026 727 2055 nam
750 2026 831 2055 nec
851 2008 956 2055 tales
977 2023 1072 2055 tum
1096 2023 1278 2056 noverat
1300 2010 1418 2069 ignes

341 2078 437 2122 Cor
457 2090 673 2122 tenerum.
696 2075 875 2132 Stultus,
898 2075 1040 2123 fateor
1059 2076 1209 2132 modo,
1233 2076 1365 2124 stulta
1383 2076 1460 2124 sed
1480 2091 1607 2124 aetas.
1781 2092 1818 2123 15

339 2147 451 2190 Non
474 2158 536 2190 est
558 2143 611 2190 de
632 2143 773 2190 nihilo
796 2144 996 2191 Gedonis
1018 2162 1184 2191 nomen
1206 2145 1252 2190 in
1274 2144 1393 2192 orbe.

339 2215 461 2258 Nam
484 2211 674 2258 Gedona
693 2226 869 2267 vocant,
891 2229 981 2272 quo
1004 2230 1096 2259 non
1118 2227 1180 2259 est
1202 2213 1354 2259 notior
1374 2212 1483 2259 alter

341 2283 390 2324 In
410 2278 540 2326 silvis.
565 2283 642 2326 Me
660 2294 856 2340 pastores
878 2295 1133 2327 reverentur
1151 2295 1193 2327 et
1214 2280 1411 2337 horrent,

340 2348 467 2406 Quin
489 2348 627 2394 ausim
651 2347 893 2408 intrepidus
915 2347 1025 2395 divis
1046 2366 1305 2395 concurrere
1327 2349 1487 2396 nostris

339 2416 584 2476 Faunisque
607 2430 650 2462 et
669 2416 844 2476 Satyris,
867 2430 963 2463 tum
987 2415 1249 2464 frondisono
1270 2416 1451 2464 silvano.
1777 2433 1819 2464 20

340 2487 433 2544 Ipse
455 2484 587 2530 etiam
609 2483 714 2531 deus
734 2484 962 2541 Arcadiae,
982 2502 1114 2546 quem
1136 2486 1318 2532 numina
1341 2486 1451 2533 ruris

339 2555 515 2599 Cuncta
536 2551 702 2608 colunt,
724 2552 821 2600 latis
842 2553 917 2614 qui
936 2553 1128 2614 possidet
1152 2554 1302 2601 omnia
1323 2555 1500 2615 campis,

340 2620 433 2679 Qui
455 2619 618 2667 vitulos
640 2635 885 2681 matresque
906 2621 1034 2668 simul
1057 2639 1189 2682 pecus
1211 2639 1344 2669 omne
1367 2637 1528 2678 tuetur,

338 2691 449 2734 Non
471 2705 667 2748 unquam
691 2703 752 2735 est
775 2703 949 2736 nostros
972 2690 1199 2736 contemni
1220 2707 1366 2750 passus
1391 2690 1593 2737 honores.

339 2827 463 2870 Haec
482 2823 646 2871 Gedon
666 2842 798 2871 vanas
819 2824 925 2872 dum
946 2843 990 2872 se
1011 2826 1225 2886 proiectat
1246 2826 1291 2872 in
1314 2843 1436 2873 auras
1776 2841 1816 2872 25

339 2891 654 2952 Obtunditque
677 2909 831 2939 nemus
853 2907 1014 2949 totum,
1038 2892 1196 2940 frustra
1217 2894 1367 2940 omnia
1387 2893 1603 2954 linquens,

339 2959 555 3006 Constitit
578 2960 770 3020 egregius
792 2959 960 3007 diversa
981 2961 1026 3007 in
1047 2975 1169 3021 parte
1189 2961 1362 3008 Polites.

254 3094 417 3141 Polites
456 3095 667 3156 Quidque
691 3096 870 3143 insanis?
894 3097 967 3152 ait,
990 3096 1166 3153 Gedon,
1189 3097 1296 3157 quid
1315 3111 1518 3158 tempora
1536 3097 1702 3158 perdis?

338 3166 415 3209 Me
436 3180 506 3210 me
528 3178 644 3210 amat
665 3178 707 3210 et
728 3181 902 3211 mecum
925 3164 1107 3211 colludit
1129 3165 1302 3212 Nencia
1321 3182 1459 3225 saepe.
