2124 3458
118 183 291 217 POEMS
1822 174 1912 215 433

238 320 413 367 Vitibus
436 334 478 367 et
498 319 604 366 viles
625 319 679 366 ad
698 318 936 366 commoda
958 318 1095 366 multa
1114 318 1327 379 plagellas.

238 387 483 447 Quondam
509 388 640 435 etiam
661 386 783 434 lanae
805 401 904 434 ante
924 404 1051 433 usum
1074 404 1158 447 pro
1179 386 1370 433 vestibus
1391 387 1469 433 usi,

239 455 315 502 Illa
335 470 482 502 autem
505 470 654 502 nostra
676 472 756 501 nec
775 454 1091 515 praetereunda
1110 457 1308 501 Camena
1737 468 1799 500 285

239 527 350 570 Laus
370 523 466 578 erit,
487 522 604 569 unde
626 523 758 569 etiam
780 539 945 569 nomen
966 522 1164 568 Victoria
1184 521 1320 568 divae:

238 595 349 638 Non
371 590 501 646 cedit,
522 589 658 637 fortes
678 590 848 637 animos
872 590 1041 636 imitata
1059 590 1270 636 virorum.

237 661 307 706 Tu
329 658 429 705 licet
450 676 585 719 usque
606 675 792 719 premas,
817 657 924 704 nihil
948 657 1063 713 inde,
1085 657 1264 718 obliqua
1286 658 1481 718 resurgit3

237 727 414 774 Nititur
434 727 479 772 in
499 725 688 787 pondus,
713 725 892 773 dorsum
918 726 1142 773 incurvata
1163 726 1334 782 resistit,

237 799 348 842 Non
371 794 497 841 aliter
514 812 647 855 quam
669 794 744 855 qui
765 794 810 840 in
833 793 987 841 mediis
1009 793 1114 841 furit
1136 793 1334 841 hostibus
1357 808 1399 841 et
1420 794 1495 854 qui
1737 808 1801 839 290

239 862 452 910 Infractus
474 862 623 909 multis
644 861 836 909 telorum
858 861 1050 909 millibus
1074 861 1218 909 obstat

237 935 291 978 Et
311 948 465 991 parma
486 948 604 977 nunc
626 930 707 977 hos
729 931 852 986 ictus,
876 948 994 977 nunc
1015 930 1221 991 deprimit
1243 929 1354 986 illos;

237 1000 306 1046 Sic
326 999 447 1046 victo
467 998 647 1045 tandem
669 998 911 1059 intrepidus
932 998 1182 1045 discrimine
1205 1013 1367 1058 regnat.

238 1066 411 1113 Palmae
433 1067 565 1113 etiam
587 1065 703 1113 foliis
723 1066 970 1113 scribebant
993 1080 1092 1113 ante
1111 1067 1314 1126 papirum

238 1139 482 1181 Inventam:
506 1152 647 1194 neque
669 1135 787 1181 enim
810 1133 1002 1181 Pellaeos
1022 1148 1122 1181 ante
1141 1133 1391 1194 triumphos
1738 1148 1799 1180 295

238 1202 406 1249 Cartha
426 1201 522 1249 fuit.
546 1201 686 1249 Libris
708 1220 854 1248 rerum
878 1202 1153 1249 monimenta
1174 1201 1332 1249 dedere

238 1270 463 1325 Arboreis,
486 1269 658 1330 plumbi
682 1287 792 1330 quae
814 1270 982 1330 excepit
1002 1269 1176 1316 bractea
1195 1269 1365 1316 deinde.

239 1338 393 1384 Lintea
412 1338 520 1398 quin
542 1338 674 1384 etiam
696 1352 926 1398 composta
946 1337 1174 1384 volumina
1197 1336 1351 1384 formis

238 1406 551 1466 Conscripsere
577 1406 715 1461 novis,
738 1406 799 1453 sic
821 1423 938 1452 nunc
960 1406 1167 1466 impressa
1187 1405 1387 1466 legantur

239 1474 374 1521 Graia
393 1491 570 1534 quoque
593 1488 635 1520 et
657 1474 816 1520 nostris
838 1491 971 1534 opera
991 1473 1213 1533 invigilata
1233 1474 1396 1520 Latinis
1738 1488 1802 1519 300

241 1541 388 1602 (Unde
410 1560 598 1602 expensa
619 1542 767 1588 minor
789 1541 1004 1589 librorum
1028 1556 1070 1589 et
1091 1542 1218 1602 copia
1239 1542 1411 1602 maior),

238 1613 367 1669 Quae
389 1610 543 1657 calami
563 1624 743 1657 suerunt
767 1610 926 1657 carthis
947 1611 1113 1657 inarare
1133 1611 1326 1657 vetustis:

237 1682 374 1725 Nunc
394 1696 594 1739 pressura
616 1678 759 1725 modis
781 1679 902 1725 miris
922 1678 1167 1739 spectacula
1184 1678 1377 1739 praebet.

238 1746 425 1793 Pullulat
450 1746 551 1793 huic
573 1746 752 1793 balanus
773 1746 924 1794 similis
948 1746 1218 1794 convallibus
1242 1747 1351 1794 imis.

238 1814 428 1875 Implent
448 1832 584 1875 poma
606 1832 802 1870 manum,
826 1813 970 1861 fulvus
992 1814 1128 1870 color,
1152 1814 1318 1861 ossibus
1343 1814 1497 1875 amplis
1738 1829 1800 1860 305

236 1882 435 1929 Nucleus
458 1883 679 1942 integitur,
702 1883 839 1929 Persis
860 1883 1099 1943 gratissima
1122 1882 1275 1943 fruges.

237 2022 374 2064 Nunc
396 2032 454 2073 te,
476 2019 597 2073 citre,
618 2035 786 2073 canam,
808 2018 1025 2064 debentur
1044 2019 1238 2065 carmina
1257 2019 1382 2065 citro.

237 2089 430 2146 Nanque
452 2085 670 2132 diuturnis
690 2100 855 2132 sacrata
873 2100 935 2133 est
958 2085 1030 2133 illa
1047 2086 1202 2146 poetis:

237 2158 337 2200 Nec
358 2154 491 2201 caries
511 2168 663 2201 vatum
685 2172 807 2201 curas
828 2172 909 2201 nec
929 2155 1047 2201 tinea
1066 2154 1182 2201 rodit

238 2222 463 2277 Carmina,
485 2223 520 2269 si
543 2223 641 2269 citri
662 2221 921 2269 claudantur
939 2223 1130 2282 tegmine
1152 2222 1302 2269 odore.
1738 2238 1801 2268 310

238 2290 389 2337 Arbor
411 2289 529 2337 nulla
551 2291 686 2350 magis
707 2291 833 2337 terris
852 2290 1038 2338 laetatur
1056 2291 1210 2351 apricis

237 2362 291 2405 Et
314 2358 433 2405 nulla
455 2359 596 2419 epotis
619 2359 752 2418 magis
775 2373 836 2405 est
858 2358 1052 2406 obnoxia
1075 2359 1188 2406 rivis.

237 2427 280 2473 Si
300 2427 425 2487 sapis,
450 2426 505 2473 ad
523 2426 662 2473 solem
684 2441 826 2473 vertas
845 2427 998 2474 citreta
1016 2426 1230 2474 calentem

237 2498 291 2541 Et
313 2494 470 2541 bruma
493 2495 664 2541 intexto
685 2494 870 2542 defende
890 2513 914 2542 a
935 2494 1094 2555 frigore
1115 2509 1247 2542 tecto.

237 2563 280 2608 Si
301 2579 408 2608 vero
429 2577 636 2609 aestatem
658 2563 841 2609 invisam
862 2562 1059 2623 solesque
1082 2563 1270 2619 timebis,
1738 2578 1799 2609 315

239 2633 429 2690 Quaque
451 2630 520 2677 die
542 2630 657 2690 larga
678 2629 745 2677 fac
764 2630 890 2677 tellus
913 2631 1079 2678 innatet
1099 2631 1229 2678 unda.

238 2701 292 2745 Et
313 2697 463 2758 planta
482 2699 646 2758 pariter
666 2697 768 2745 felix
790 2713 831 2745 et
851 2699 1016 2745 semine
1037 2699 1186 2758 surgit,

239 2765 392 2812 Planta
411 2766 543 2812 etiam
566 2765 684 2812 nulla
705 2766 813 2812 vivit
836 2765 977 2813 radice
998 2765 1160 2822 relicta,

238 2832 448 2892 Virgultis
472 2850 648 2893 quoque
669 2834 863 2893 proceris
885 2834 975 2880 cito
994 2834 1187 2894 praemia
1208 2833 1362 2880 reddit.

238 2901 281 2947 Si
302 2900 497 2948 studium
520 2900 728 2957 attuleris,
749 2901 896 2948 studio
919 2901 978 2947 nil
1001 2901 1157 2962 largius
1180 2901 1251 2948 illa
1738 2916 1800 2947 320

240 2968 494 3029 Respondet
517 2968 768 3029 fructusque
790 2983 832 3016 et
853 2969 984 3016 flores
1006 2984 1205 3030 tempore
1227 2969 1384 3016 eodem

240 3039 465 3092 Ostentat3
485 3037 631 3097 pomis
653 3037 815 3097 species
837 3036 1005 3084 diversa
1025 3037 1239 3084 colorum:

239 3108 431 3164 Nanque
452 3105 596 3151 virent
619 3105 853 3152 immatura
874 3119 916 3152 et
937 3105 1062 3152 color
1082 3123 1235 3152 aureus
1257 3105 1339 3152 illis

240 3174 369 3230 Quae
392 3187 582 3218 matrum
605 3172 799 3232 pendent
822 3173 951 3219 ramis
974 3173 1182 3219 immania
1202 3190 1348 3233 poma.
