2124 3458
227 185 318 226 384
1837 192 1974 226 PART
1999 193 2031 225 v

938 333 1003 374 65.
1028 327 1331 375 Benivolentia

1053 396 1115 452 Bi,
1142 401 1215 443 14r

226 504 378 547 <C›um
399 500 482 545 viri
499 514 606 546 esset
626 499 739 546 facta
752 514 910 559 potens
930 499 1232 546 Benivolentia
1248 499 1438 546 decrevit
1455 499 1631 546 nubere.
1652 504 1712 547 At
1731 504 1924 547 Anterus
1940 518 2034 561 per-

226 567 481 614 versissimis
506 585 672 613 numen
696 566 893 613 moribus
920 566 1160 613 maledictis
1182 566 1450 613 disturbabat
1473 567 1702 627 sponsalia,
1727 568 1796 614 cui
1816 582 1917 614 sunt
1940 585 2034 628 per-

225 649 382 695 petuae
406 652 507 681 cum
531 634 603 681 illa
626 635 893 681 inimicitiae.
918 633 1121 694 Vulgavit
1146 652 1249 694 ergo
1271 652 1428 695 corpus
1453 634 1767 682 Benivolentia.
1790 639 1864 682 Est
1889 649 2036 682 autem

227 702 343 763 apud
369 720 443 749 eos
472 702 725 749 diuturnior
753 702 972 762 magisque
1002 720 1053 748 ex
1080 703 1242 758 animo,
1273 703 1347 762 qui
1374 720 1465 749 non
1492 717 1648 763 petunt
1673 703 1865 763 pretium
1894 721 2036 764 neque

227 771 322 818 doti
346 770 516 817 inhiant
540 770 615 817 sed
635 771 776 830 specie
800 771 890 830 ipsa
913 784 953 816 et
973 771 1184 817 suavitate
1205 784 1377 817 tantum
1400 771 1591 830 coniugii
1615 771 1814 817 contenti
1834 785 1948 818 sunt.

1013 911 1078 953 66.
1104 907 1256 967 Inopia

1013 975 1076 1030 Bi,
1103 979 1256 1021 14r-rv

226 1081 407 1124 ‹M>ater
427 1077 617 1123 Luxuria
639 1090 926 1136 posteaquam
949 1076 1067 1122 bona
1091 1077 1241 1122 omnia
1263 1094 1338 1123 sua
1360 1075 1661 1136 dissipavisset,
1688 1076 1742 1123 ad
1760 1077 1874 1123 vitae
1896 1094 2038 1124 neces-

226 1146 400 1192 sitatem
426 1144 564 1191 filiam
593 1162 769 1205 quoque
796 1145 995 1205 Inopiam
1021 1142 1323 1191 venundare¹0¹
1351 1145 1500 1191 animo
1526 1159 1827 1205 proposuerat.
1856 1144 1905 1192 Id
1927 1162 2035 1192 vero

227 1213 299 1260 illa
322 1231 423 1260 cum
448 1213 661 1269 sensisset,
686 1212 877 1259 libertati
900 1230 1055 1259 cavens
1077 1230 1190 1268 suae,
1216 1230 1237 1259 e
1262 1212 1399 1259 domo
1423 1211 1597 1272 diffugit
1621 1212 1885 1273 divertitque
1907 1212 2036 1269 forte,

227 1299 328 1328 curn
354 1280 587 1328 latibulum
614 1295 854 1341 quaereret,
879 1280 933 1327 ad
954 1298 1132 1327 avarum
1156 1280 1375 1340 quendam
1397 1280 1772 1341 praedivitemque
1798 1280 2032 1341 hospitem,

227 1350 297 1396 cui
317 1366 483 1395 nomen
505 1363 594 1395 erat
613 1348 896 1408 Megalolbio.
921 1351 1038 1395 Cum
1058 1366 1165 1394 vero
1186 1349 1304 1394 intro
1324 1348 1580 1404 advenisset,
1601 1348 1741 1407 ‘Quid
1759 1348 1868 1404 tibi,’
1892 1349 2034 1409 inquit

227 1417 361 1472 dives,
383 1417 563 1476 ‘negotii
586 1416 724 1463 modo
747 1431 807 1463 est
828 1417 873 1462 in
896 1417 1054 1463 nostris
1075 1415 1251 1462 aedibus
1274 1418 1290 1462 ?
1309 1417 1417 1463 Satis
1437 1430 1498 1462 est
1520 1415 1799 1463 familiarium
1821 1415 1943 1462 mihi.
1966 1418 2036 1463 Tu

227 1485 326 1532 abi?
354 1485 440 1531 Cui
466 1502 567 1531 cum
594 1485 747 1544 Inopia
773 1484 1061 1544 respondisset
1087 1483 1141 1531 ad
1160 1482 1470 1531 servandam¹⁰²
1494 1502 1537 1531 se
1563 1501 1655 1530 rem
1677 1483 2034 1544 parcendumque

225 1567 356 1614 parto
382 1553 633 1612 magistram
662 1570 749 1599 esse
776 1552 1006 1612 optimam,
1038 1552 1144 1598 ‘Eris
1171 1555 1302 1612 ergo,'
1332 1552 1473 1612 inquit
1503 1551 1633 1612 ‘apud
1659 1555 1743 1598 me'
1771 1551 1902 1598 dives.
1932 1551 2037 1599 Inde

228 1639 360 1682 quam
383 1620 630 1668 luxuriosus
657 1638 748 1667 non
773 1621 917 1667 minus
942 1621 1068 1681 inops
1093 1621 1307 1680 miserque
1332 1634 1392 1667 est
1415 1623 1597 1667 Avarus.

993 1762 1059 1804 67.
1085 1756 1278 1816 Querela

998 1826 1060 1881 Bi,
1087 1829 1274 1872 14v-15r

227 1934 522 1976 <N›octurnus
555 1947 711 1989 auceps
740 1946 840 1975 cum
871 1928 1024 1975 silvam
1055 1928 1336 1989 aucupatoria
1363 1927 1539 1975 lucerna
1567 1942 1709 1975 totam
1735 1926 2034 1988 perlustrasset

228 1998 476 2058 rediretque
491 1997 671 2044 tandem
689 1996 946 2057 defatigatus
961 2011 1089 2057 atque
1106 1997 1258 2052 inanis,
1276 1996 1360 2043 olei
1379 1997 1588 2043 iacturam
1605 2014 1653 2043 ac
1667 1996 2035 2043 vestimentorum

228 2065 494 2126 querebatur
526 2064 705 2112 fortuna
737 2066 869 2112 etiam
903 2065 1115 2125 increpita
1147 2064 1370 2111 acerbiter.
1404 2063 1742 2124 Responderunt
1777 2064 2038 2110 vestimenta

228 2148 357 2194 atque
377 2133 540 2189 oleum,
565 2136 678 2180 ‘Nos
698 2147 860 2189 tamen,
881 2133 915 2179 si
935 2133 989 2179 sis
1010 2150 1195 2188 memor,
1220 2131 1326 2179 olim
1348 2132 1617 2192 comparavit
1638 2132 1885 2192 aucupium.
1910 2130 2036 2190 Quid

229 2201 397 2262 indigni
421 2201 559 2248 modo
582 2216 756 2248 tantum
779 2215 841 2248 est
862 2202 896 2248 si
920 2200 1082 2247 eisdem
1105 2218 1280 2261 quoque
1304 2200 1504 2247 manibus
1526 2200 1719 2260 perimus
1745 2201 1775 2246 ?'

948 2341 1013 2384 68.
1039 2337 1229 2384 Occasio
1250 2340 1322 2393 [Π]

1000 2405 1063 2461 Bi,
1091 2409 1270 2451 15r—16r

227 2507 489 2555 Sedentibus
517 2507 571 2554 ad
597 2508 762 2554 curiam
788 2507 984 2568 patribus
1011 2504 1276 2567 plebeque103
1307 2506 1360 2553 ad
1386 2505 1546 2562 forum,
1578 2505 1736 2552 nobilis
1763 2504 1908 2566 puella
1936 2519 2035 2552 ante

229 2595 306 2623 ora
326 2576 599 2623 circumibat.
622 2580 784 2622 Forma
805 2590 894 2622 erat
916 2576 1084 2635 insigni,
1111 2574 1289 2622 florenti
1309 2589 1461 2631 aetate,
1479 2574 1603 2621 vultu
1625 2573 1814 2621 candido
1832 2587 2036 2620 venusto-

229 2663 327 2706 que,
352 2645 557 2692 caesaries
579 2645 718 2705 crispa
741 2662 868 2691 aurea
891 2643 1054 2691 collum
1082 2643 1373 2704 humerosque
1400 2643 1687 2699 convestiens,
1713 2660 1804 2689 non
1827 2641 2035 2689 discrimi-

230 2728 331 2760 nata
349 2714 393 2759 in
415 2712 610 2760 frontem
630 2712 706 2759 sed
725 2712 776 2759 ab
797 2730 846 2759 ea
862 2727 984 2772 parte
1005 2711 1141 2772 (quod
1161 2726 1202 2758 et
1223 2712 1364 2772 ipsum
1386 2712 1550 2771 egregie
1571 2710 1756 2770 deceret)
1777 2709 2032 2771 capillatior.

227 2782 385 2828 Varius
412 2795 559 2827 autem
586 2795 676 2827 erat
701 2780 869 2840 puellae
895 2797 1059 2839 gressus
1088 2797 1167 2826 nec
1193 2794 1393 2826 tenorem
1419 2796 1604 2825 servans.
1632 2777 1776 2825 Modo
1803 2778 1936 2833 enim,
1962 2776 2038 2824 sed

230 2850 379 2904 rarius,
406 2848 634 2895 incedebat
657 2849 857 2908 graviter,
873 2865 990 2894 nunc
1014 2848 1189 2894 citatior
1210 2846 1414 2893 movebat
1437 2846 1581 2907 pedes,
1596 2843 1848 2905 sagittam¹⁰⁴
1874 2844 2038 2892 diceres

228 2918 262 2963 si
288 2916 393 2963 velit
420 2916 549 2963 velox
575 2915 683 2962 fieri.
709 2920 1049 2975 Nonnunquam
1077 2915 1208 2962 saltus
1234 2915 1364 2961 etiam
1390 2931 1647 2961 numerosos
1675 2931 1806 2974 quam
1831 2912 2039 2960 decentis-

229 2986 336 3031 sime
356 2984 526 3040 edebat,
544 3002 685 3044 neque
704 3001 793 3044 quo
809 2983 998 3043 placeret
1017 2983 1150 3042 magis
1169 2982 1305 3029 modo
1325 2981 1447 3029 facile
1463 2981 1632 3028 dixeris.
1653 2985 1716 3028 Ita
1730 2998 1836 3027 vero
1854 2981 2035 3027 circum-

230 3067 410 3099 euntem
436 3052 713 3112 speciemque
743 3065 1038 3098 ostentantem
1066 3068 1187 3097 suam
1215 3050 1410 3110 plerique
1438 3067 1491 3096 ne
1519 3048 1813 3109 adspiciebant
1841 3047 2034 3108 quidem,

229 3121 357 3180 pauci
378 3119 707 3180 pulchritudine
730 3119 871 3165 allecti
890 3119 979 3165 eius
1001 3119 1045 3164 in
1067 3118 1244 3178 capillos
1265 3117 1466 3164 audacius
1487 3117 1727 3163 iniicientes
1748 3133 1901 3162 manus
1920 3129 2036 3162 tene-

230 3188 351 3243 bant,
375 3205 455 3234 nec
478 3188 558 3234 nisi
582 3186 795 3233 obsculati
819 3204 913 3233 eam
937 3186 1174 3246 donatique
1198 3185 1443 3232 mittebant.
1467 3188 1584 3231 Cum
1609 3183 1662 3230 ad
1682 3201 1751 3230 me
1774 3200 1950 3243 quoque
1973 3199 2037 3229 ac-
