2118 3444
172 166 262 207 258
1786 165 1924 199 PART
1950 166 1981 198 v

174 311 290 358 caeci
322 310 511 357 omnino
543 309 692 364 simus,
729 307 998 367 intelligitur,
1033 303 1323 366 expoliavit²¹⁴
1359 305 1482 351 omni
1517 304 1739 364 dignitate.
1774 308 1838 351 Ita
1868 304 1987 351 enim

175 380 465 426 coniunctum
488 377 628 424 voluit
651 394 738 423 esse
760 375 1018 436 corporibus
1041 389 1088 421 ut
1109 373 1227 421 nulla
1244 374 1380 449 possit
1403 391 1456 420 eo
1476 372 1688 419 incolumi
1710 372 1806 419 fieri
1824 390 1988 432 separa-

174 448 253 503 tio,
274 446 350 494 sed
370 446 487 493 nasci
505 444 634 492 simul
659 462 760 491 cum
782 461 966 504 corpore
990 457 1118 503 atque
1137 442 1327 489 interire.
1349 445 1402 488 Et
1423 440 1528 488 haec
1547 440 1725 501 quidem
1745 439 1798 487 de
1818 454 1986 497 natura,

175 533 285 577 quae
308 529 370 562 est
392 514 526 562 altera
533 512 850 590 philosophiae
874 529 984 572 pars.
1009 514 1078 558 De
1101 510 1298 557 moribus
1322 524 1468 557 autem
1493 510 1610 570 (nam
1635 508 1740 556 haec
1759 523 1889 556 restat
1910 523 1992 556 ter-

175 585 266 645 tia),
286 602 334 631 ea
349 583 562 644 praecipit
583 600 691 643 quae
711 582 745 628 si
765 580 967 628 homines
987 594 1238 640 sequantur,
1258 578 1436 626 sublatis
1455 596 1476 625 e
1497 577 1645 625 medio
1664 577 1900 624 virtutibus
1919 576 1988 624 vel

175 667 292 700 certe
311 651 559 713 pedisequis
582 650 749 698 effectis
768 649 1021 710 voluptatis,
1046 666 1137 695 non
1159 647 1297 694 modo
1320 665 1412 694 non
1434 660 1718 694 conservetur
1739 645 1983 693 humanum

174 739 323 782 genus,
343 720 419 767 sed
437 719 635 767 funditus
653 732 885 766 evertatur.
905 718 1018 776 Quis
1037 731 1098 764 est
1117 717 1234 763 enim
1255 716 1329 776 qui
1346 715 1536 762 referens
1553 715 1704 761 omnia
1722 714 1776 761 ad
1789 713 1987 775 volupta-

175 805 266 837 tem
286 790 399 836 tueri
419 788 658 836 amicitiam
679 786 901 847 fidemque
922 804 970 833 ac
988 786 1197 832 iustitiam
1218 784 1375 841 colere,
1395 782 1647 831 fortitudini
1668 782 1987 844 obtemperare,

174 859 297 919 sequi
327 857 650 905 continentiam
678 856 836 916 possit?
866 859 1056 902 Necesse
1086 868 1200 901 certe
1229 868 1290 900 est
1320 867 1392 900 aut
1422 852 1530 899 nihil
1562 870 1649 899 esse
1677 852 1888 899 virtutem
1917 865 1990 899 aut

173 941 359 987 propter
380 944 438 982 se,
462 943 554 972 non
575 938 761 985 propter
781 923 1071 984 voluptatem,
1095 940 1182 969 esse
1205 921 1508 983 expetendam.

259 999 397 1041 Nunc
423 994 640 1054 principia
665 992 808 1039 dicam
833 992 1225 1052 Peripateticorum
1251 1008 1299 1037 ac
1320 987 1573 1037 veterum215
1601 988 1986 1045 Academicorum,

176 1081 286 1124 quos
314 1063 496 1109 nomine
525 1061 753 1108 dumtaxat
778 1059 954 1107 differre
980 1060 1095 1106 inter
1117 1077 1159 1106 se
1185 1059 1271 1106 iam
1297 1058 1464 1105 dictum
1491 1072 1565 1105 est.
1591 1056 1831 1118 Triplicem
1857 1057 1989 1117 igitur

174 1129 521 1192 philosophandi
549 1130 781 1185 rationem,
807 1128 859 1175 de
881 1129 971 1175 vita
993 1142 1034 1175 et
1057 1127 1267 1183 moribus,
1295 1127 1347 1174 de
1369 1124 1576 1174 natura²¹⁶
1602 1125 1741 1186 deque
1763 1126 1855 1173 veri
1878 1124 1988 1172 falsi-

176 1217 260 1260 que
279 1198 444 1246 iudicio
466 1197 526 1258 (id
542 1212 603 1244 est
623 1197 675 1244 de
693 1197 917 1244 dialectica
929 1197 1018 1243 sive
1036 1196 1188 1256 logica,
1206 1210 1253 1242 ut
1273 1196 1432 1242 Graeci
1448 1194 1614 1251 dicunt,
1632 1212 1712 1241 nos
1731 1193 1783 1241 de
1800 1193 1987 1254 disputa-

175 1269 266 1315 tiva
280 1268 370 1314 sive
389 1266 593 1314 rationali
608 1283 840 1327 possumus
862 1264 1048 1312 verbum
1068 1282 1089 1311 e
1107 1264 1244 1311 verbo
1264 1264 1556 1324 exprimentes
1574 1262 1748 1323 dicere),
1766 1277 1990 1323 acceptam

176 1355 199 1383 a
218 1336 418 1397 principe
443 1334 625 1382 Platone
647 1348 942 1381 servaverunt.
967 1338 1096 1380 Beate
1115 1333 1261 1380 vivere
1282 1332 1486 1379 dixerunt
1509 1332 1660 1379 omnia
1680 1349 1702 1378 e
1724 1345 1880 1378 natura
1901 1348 1988 1378 esse

176 1418 479 1460 consecutum,
522 1421 713 1464 quorum
755 1417 844 1450 erat
882 1403 1101 1463 tripartita
1136 1399 1316 1458 ratio,²¹7
1356 1401 1504 1457 animi,
1545 1400 1742 1461 corporis
1782 1414 1824 1447 et
1860 1400 1988 1447 vitae.

176 1473 332 1519 Animi
351 1472 471 1519 bona
489 1473 535 1518 in
556 1471 660 1518 duas
678 1470 932 1518 dividebant
950 1485 1094 1531 partes
1111 1484 1158 1517 ut
1178 1484 1317 1517 essent
1337 1468 1551 1530 quaedam
1569 1483 1736 1524 natura,
1756 1482 1804 1515 ut
1823 1485 1988 1515 memo-

177 1542 239 1589 ria
265 1556 306 1589 et
333 1540 528 1588 discendi
554 1539 912 1600 intelligendique
939 1538 1147 1616 celeritas,
1173 1537 1386 1599 quaedam
1412 1536 1743 1593 consuetudine,
1770 1551 1818 1584 ut
1845 1535 1989 1584 studia

177 1610 589 1670 exercitationisque
604 1608 827 1656 assiduitas
844 1622 885 1655 et
902 1608 1014 1655 ratio
1031 1608 1155 1684 (quae
1169 1606 1450 1668 philosophia
1470 1606 1564 1666 est),
1580 1607 1625 1652 in
1642 1623 1727 1666 qua
1740 1605 1987 1682 progressio

177 1678 392 1739 quaedam
425 1692 486 1724 est
518 1677 572 1724 ad
599 1678 823 1724 virtutem.
854 1677 1004 1723 Virtus
1036 1676 1154 1722 enim
1186 1676 1276 1736 ipsa
1304 1672 1569 1751 perfectio218
1603 1688 1664 1721 est
1695 1674 1986 1734 omniumque

177 1764 324 1794 rerum
347 1764 452 1807 quas
473 1745 621 1793 studio
644 1760 684 1792 et
706 1744 953 1792 assiduitate
976 1758 1016 1791 et
1037 1745 1206 1791 ratione
1227 1744 1488 1804 inquirimus
1514 1743 1781 1790 consecutio
1804 1742 1953 1818 Ergo
1942 1759 1988 1788 in

177 1833 225 1862 ea
247 1833 335 1862 esse
360 1815 534 1861 beatam
557 1815 695 1861 vitam
718 1813 968 1869 voluerunt,
997 1831 1089 1859 non
1113 1827 1262 1860 tamen
1284 1812 1592 1867 beatissimam,
1619 1811 1700 1858 nisi
1726 1811 1923 1871 corporis
1949 1825 1997 1857 et

177 1901 286 1944 quae
304 1883 358 1930 ad
372 1884 510 1930 vitam
527 1882 738 1929 tuendam
756 1881 1141 1941 exornandamque
1158 1881 1380 1941 pertinent
1397 1880 1514 1927 bona
1531 1879 1808 1927 adderentur.
1825 1883 1879 1926 Et
1897 1897 1988 1926 cor-

174 1952 296 2012 poris
318 1951 498 2012 quidem
517 1950 636 1998 bona
653 1950 721 1997 vel
742 1951 787 1996 in
807 1964 907 1997 toto
925 1968 1011 1997 esse
1032 1949 1248 2005 dicebant,
1267 1963 1314 1996 ut
1333 1948 1636 2004 valitudinem,
1657 1948 1782 2004 vires,
1800 1946 1990 2008 pulchri-

176 2020 393 2076 tudinem,
422 2019 490 2066 vel
521 2020 566 2065 in
593 2019 803 2079 partibus,
835 2033 883 2065 ut
911 2019 956 2064 in
982 2018 1167 2079 pedibus
1198 2017 1479 2073 celeritatem,
1506 2018 1551 2063 in
1581 2016 1782 2063 manibus
1811 2016 1917 2072 vim,
1947 2016 1994 2062 in

175 2106 285 2135 voce
306 2087 628 2144 claritudinem,
652 2088 697 2133 in
718 2086 868 2143 oculis,
892 2086 1080 2142 auribus,
1103 2085 1278 2133 naribus
1301 2086 1539 2146 ceterisque
1557 2084 1751 2132 sensibus
1774 2084 1992 2144 integrita-

176 2172 267 2204 tem
290 2154 564 2217 quandam219
590 2170 631 2203 et
649 2156 961 2217 praestantiam
984 2154 1275 2216 requirebant.
1297 2155 1423 2202 Vitae
1446 2168 1592 2201 autem
1614 2153 1732 2200 bona
1753 2171 1862 2214 quae
1884 2152 1990 2200 dixi-

177 2243 287 2281 mus,
319 2243 368 2272 ea
394 2226 480 2271 iam
507 2225 733 2271 usitatiore
759 2222 977 2271 vocabulo
1006 2223 1208 2270 fortunae
1235 2222 1468 2283 appellant,
1498 2240 1606 2283 quae
1633 2223 1668 2268 si
1696 2239 1788 2268 non
1815 2221 1988 2268 beatam

177 2293 470 2340 interturbare
495 2293 632 2340 vitam
655 2307 854 2353 possunt,
883 2292 1176 2339 beatissimam
1204 2306 1366 2348 tamen,
1391 2305 1438 2338 ut
1464 2288 1621 2347 dixi,²2⁰
1648 2305 1689 2337 et
1713 2289 1869 2337 afferre
1891 2307 1988 2350 pos—

175 2376 276 2409 sunt
297 2363 332 2409 si
351 2380 453 2408 cum
473 2362 626 2408 ceteris
644 2361 785 2408 adsint
805 2375 846 2408 et
865 2360 1032 2408 auferre
1049 2361 1083 2407 si
1104 2378 1195 2407 non
1215 2359 1368 2407 adsint.
1390 2363 1537 2420 Atque
1557 2359 1642 2406 hoc
1663 2358 1841 2419 quidem
1857 2372 1990 2419 pacto

175 2445 344 2477 veteres
372 2429 629 2476 Academici
659 2429 711 2476 de
741 2428 951 2485 moribus3
988 2447 1012 2475 a
1041 2428 1197 2489 quibus
1228 2429 1262 2475 si
1294 2427 1400 2488 quid
1429 2426 1606 2474 differre
1633 2441 1791 2487 putent
1821 2427 1990 2487 Peripa-

176 2499 347 2554 teticos,
369 2497 620 2557 longissime
647 2515 670 2544 a
690 2515 797 2544 vero
819 2497 960 2544 absint
984 2514 1154 2543 necesse
1178 2510 1252 2543 est.

260 2570 483 2613 Naturam
506 2580 667 2622 autem,
691 2583 799 2626 quae
822 2564 904 2612 fuit
925 2564 1115 2612 secunda
1134 2582 1245 2625 pars,
1269 2563 1470 2611 bifariam
1493 2562 1840 2610 considerabant.
1866 2561 1989 2609 Illam

177 2635 297 2681 enim
331 2635 377 2680 in
410 2635 502 2680 vim
539 2633 792 2680 dividebant
827 2648 868 2680 et
900 2634 1142 2688 materiam,
1177 2632 1449 2708 alterumque
1483 2631 1685 2678 dicebant
1717 2628 1812 2676 in221
1850 2630 1988 2677 altero

178 2703 314 2749 inesse
335 2702 457 2762 quod
477 2701 596 2748 nulla
614 2702 796 2748 materia
812 2702 903 2748 sine
923 2701 967 2747 vi
985 2700 1127 2761 aliqua
1146 2718 1286 2760 neque
1304 2701 1367 2747 vis
1389 2699 1569 2759 intelligi
1587 2699 1678 2746 sine
1700 2699 1881 2745 materia
1897 2697 1990 2745 ullo

176 2785 308 2831 pacto
336 2771 486 2831 possit.
520 2773 648 2829 Quae
678 2788 729 2816 ex
760 2769 824 2816 his
854 2783 1104 2816 constarent
1133 2786 1319 2829 corpora
1348 2767 1622 2828 appellabant
1652 2766 1891 2827 qualitates.
1921 2766 1990 2812 Sic

178 2839 297 2885 enim
335 2839 651 2898 interpretatur
684 2838 864 2884 Cicerop
901 2855 1005 2897 quas
1042 2836 1103 2882 illi
1138 2850 1298 2883 vocant
1333 2833 1669 2891 ποιότητας.222
1707 2833 1987 2893 Qualitatum

178 2921 326 2953 autem
360 2905 461 2952 alias
492 2906 655 2966 primas
689 2923 791 2961 esse,
826 2904 926 2952 alias
959 2922 1010 2951 ex
1041 2905 1194 2964 primis
1229 2918 1357 2950 ortas.
1393 2904 1558 2950 Primas
1593 2902 1795 2949 dicebant
1828 2902 1987 2961 ignem,

179 2991 338 3029 aerem,
360 2991 532 3034 aquam,
556 2988 732 3029 terram,
754 2990 908 3032 easque
930 2990 1016 3019 esse
1038 2972 1254 3032 simplices
1278 2986 1318 3018 et
1339 2971 1495 3018 eodem
1519 2970 1668 3017 modo.
1692 2974 1756 3015 Ex
1780 2969 1845 3016 his
1866 2983 1989 3015 ortos

259 3192 275 3215 Ρ
294 3189 383 3231 Cic„
400 3187 510 3225 Acad.
530 3186 705 3231 1.25‚cf.19
724 3186 764 3224 ff.
