2118 3444
125 175 356 210 PRIVATE
382 174 611 209 LETTERS
1842 162 1926 203 131

126 314 171 362 di
204 312 475 374 Montelupo
510 326 553 359 et
585 310 699 358 nella
730 309 834 357 villa
865 309 910 357 di
942 303 1186 365 Fibbiana3b
1220 323 1262 356 et
1294 323 1422 355 sento
1456 308 1518 354 mi
1553 305 1591 354 ὲ3
1626 306 1862 354 molestato
1896 321 1939 354 et

125 397 280 443 guasto
299 399 386 428 con
405 380 611 428 mettervi
627 379 707 425 lini
727 379 772 425 in
792 395 968 425 macero
986 392 1028 425 et
1045 377 1239 438 pescarvi
1255 394 1385 424 sanza
1402 375 1562 423 alcuno
1582 375 1800 436 riguardo,
1820 374 1938 422 onde

127 468 220 498 non
242 467 287 497 se
311 467 365 496 ne
388 448 481 510 puo
507 447 664 495 havere
686 446 793 495 utile
816 446 987 494 alcuno.
1014 449 1067 493 Et
1089 444 1199 507 pero
1222 444 1406 506 priegho
1428 462 1508 506 per
1531 445 1624 491 mio
1647 461 1797 491 amore
1822 443 1936 491 ordi·

127 520 258 575 niate,
279 535 407 565 come
426 535 529 578 pare
550 534 574 564 a
594 517 669 563 voi
688 515 765 577 piu
787 514 1044 571 commodo,
1068 514 1148 562 che
1169 514 1294 562 detto
1311 514 1507 561 vivaetto
1526 514 1587 559 mi
1608 513 1670 560 sia
1690 512 1940 573 riguardato

126 602 169 635 et
186 604 279 634 non
296 587 358 633 sia
375 604 399 633 a
415 602 654 633 commune
677 602 701 631 a
716 599 842 631 tucto
860 583 887 630 il
904 601 1030 644 paese
1048 598 1090 630 et
1107 583 1337 643 guastomi.
1359 581 1582 629 Rendomi
1601 596 1723 628 certo
1739 580 1875 628 farete
1892 581 1938 627 in

127 654 266 702 modo
292 653 387 701 sara
411 653 547 709 salvo,
576 652 620 700 di
647 652 727 699 che
754 653 798 698 vi
825 651 990 699 restero
1016 651 1223 711 obligato.
1254 654 1295 696 A
1322 651 1397 697 voi
1427 650 1488 696 mi
1516 648 1824 696 raccomando.
1854 649 1941 695 Die

125 723 245 770 xxvii
267 723 380 770 Iunii
407 726 526 769 1482.

996 862 1074 903 156

330 935 409 974 ΤΟ
431 934 839 974 BARTOLOMEO
862 933 1041 972 PUCCI
1062 934 1128 972 IN
1149 931 1319 972 CITTA
1340 932 1404 970 DI
1426 931 1732 971 CASTELL02

899 1004 917 1040 1
937 999 1039 1052 July
1062 1003 1167 1040 1482

208 1099 294 1144 Mo,
310 1095 378 1136 fol.
396 1099 478 1136 18v.
492 1094 606 1136 Draft
619 1095 671 1147 by
686 1094 813 1135 Scribe
825 1097 875 1142 A,
889 1093 1042 1134 headed:
1060 1093 1344 1134 ‘Bartholomeo
1359 1092 1405 1133 de
1419 1093 1561 1140 Puccis,
1578 1092 1853 1132 Commissario

211 1152 256 1193 ad
277 1153 482 1193 Civitatem
505 1151 659 1192 Castelli
679 1152 719 1190 in
740 1151 907 1191 Castris.’

125 1256 364 1318 Magnifice
391 1256 526 1304 frater
548 1255 821 1303 honorande.
850 1259 898 1302 Io
921 1255 965 1301 vi
989 1255 1133 1302 scrivo
1158 1269 1309 1316 questa
1334 1255 1380 1300 in
1405 1253 1608 1315 disparte‚
1633 1271 1713 1314 per
1736 1253 1939 1300 commis-

124 1327 248 1373 sione
280 1325 391 1386 pero
425 1324 570 1372 d'altri
602 1342 626 1371 a
657 1324 811 1371 buono
845 1323 947 1370 fine.
980 1327 1032 1370 Se
1066 1323 1212 1370 harete
1243 1322 1282 1369 le
1315 1322 1507 1378 Rocche,
1539 1340 1667 1369 come
1701 1321 1939 1368 habbiamo

123 1411 348 1454 speranza,
365 1396 553 1439 maxime
571 1407 712 1439 atteso
725 1391 771 1438 lo
788 1392 974 1438 scrivere
989 1406 1143 1438 vostro
1160 1390 1334 1446 ultimo,
1352 1390 1508 1437 vedete
1523 1408 1609 1437 con
1626 1389 1780 1436 buono
1799 1389 1938 1436 modo

125 1461 170 1509 di
192 1476 378 1509 mettere
399 1462 445 1507 in
467 1460 757 1508 ciascheduna
776 1478 869 1507 uno
891 1459 1171 1507 conestabole
1194 1458 1262 1506 de'
1285 1459 1424 1506 nostri
1446 1458 1514 1506 de’
1535 1457 1613 1519 piu
1635 1457 1767 1505 fedeli
1786 1457 1867 1504 che
1888 1458 1941 1513 ai,

125 1529 206 1577 che
225 1530 287 1577 sia
307 1547 451 1576 messo
470 1546 552 1590 per
569 1528 760 1589 guardia,
781 1543 823 1575 et
843 1529 889 1574 in
910 1527 1029 1575 facto
1045 1528 1167 1588 sappi
1189 1527 1269 1574 che
1288 1528 1333 1573 vi
1351 1528 1412 1574 sia
1429 1544 1510 1587 per
1529 1527 1619 1582 noi,
1641 1540 1683 1573 et
1702 1525 1845 1573 vuolsi
1869 1525 1939 1572 ha-

124 1615 227 1645 vere
244 1597 509 1645 advertenza
526 1596 620 1653 che,
640 1614 767 1644 come
786 1595 970 1657 qualche
988 1595 1110 1643 volta
1126 1596 1161 1643 si
1181 1595 1236 1652 fa,
1256 1613 1349 1642 non
1368 1594 1535 1642 fussino
1557 1595 1756 1641 rovinate
1776 1593 1845 1641 dal
1862 1612 1940 1655 po-

123 1666 233 1727 polo
265 1665 334 1713 dal
366 1665 459 1713 dire
489 1665 527 1712 al
559 1664 662 1712 fare.
693 1668 871 1712 Potrete
901 1664 945 1712 di
974 1678 1130 1725 questo
1159 1663 1326 1725 parlare
1356 1663 1425 1711 col
1457 1657 1713 1724 Capitano,b
1743 1662 1781 1710 al
1813 1662 1940 1723 quale

124 1738 294 1781 Messer
313 1733 549 1781 Pandolfoc
571 1733 765 1780 anchora
787 1751 841 1780 ne
862 1734 999 1780 scrive
1022 1733 1067 1779 in
1090 1732 1239 1780 buona
1262 1731 1419 1779 forma.
1445 1735 1549 1779 Con
1571 1731 1670 1778 altri
1692 1730 1779 1778 fate
1798 1732 1860 1778 sia
1881 1749 1941 1778 se-

125 1803 385 1858 cretissimo,
406 1801 568 1863 perche
591 1802 795 1862 importa.
819 1801 984 1848 Valete.
1007 1802 1093 1848 Die
1114 1801 1257 1862 prima
1279 1800 1376 1847 Iulii
1402 1805 1521 1847 1482.

997 1943 1076 1984 157

631 2013 710 2054 To
732 2013 848 2052 THE
866 2013 1118 2053 ΑΝΖΙΑΝῙ
1140 2014 1216 2053 OF
1238 2013 1433 2052 LUCCA

885 2085 934 2121 12
951 2081 1053 2134 July
1075 2084 1181 2121 1482

210 2179 279 2224 Lu,
300 2175 367 2216 fol.
389 2180 467 2216 65r.
489 2175 692 2228 Chancery
709 2190 823 2228 copy.
840 2178 884 2215 In
904 2190 1032 2227 marg:
1054 2174 1245 2215 ‘dominus
1266 2174 1556 2215 Bartholomeus
1575 2173 1703 2214 Scala.‘

125 2280 356 2341 Magnifici
372 2280 545 2327 domini
563 2281 650 2327 mei
665 2280 1003 2340 singularissimi.
1026 2280 1146 2327 Fecit
1160 2280 1380 2326 Martinus
1396 2282 1619 2326 Cenamus
1637 2278 1692 2326 ad
1703 2296 1783 2325 vos
1801 2296 1940 2325 rever-

125 2366 196 2396 sus
214 2348 337 2410 quod
352 2348 591 2409 prudentes
609 2363 650 2395 et
667 2348 856 2395 modesti
873 2349 957 2394 viri
971 2347 1128 2404 solent,
1148 2348 1223 2409 qui
1239 2365 1419 2408 operam
1437 2347 1564 2394 vobis
1582 2365 1727 2394 meam
1746 2347 1805 2394 ita
1819 2364 1937 2393 com-

127 2417 367 2473 mendavit,
391 2418 565 2464 tametsi
588 2416 799 2478 quicquid
822 2416 892 2464 hic
914 2431 1062 2464 actum
1085 2431 1147 2463 est
1171 2416 1292 2477 quod
1314 2416 1440 2463 vobis
1464 2430 1636 2476 gratum
1662 2414 1807 2471 fuerit,
1833 2413 1938 2462 eius¹

127 2486 260 2546 ipsius
283 2485 446 2541 studio,
471 2485 708 2546 diligentia,
732 2485 958 2541 industria,
983 2484 1182 2541 consilio,
1208 2502 1341 2546 opera
1363 2499 1426 2531 est
1449 2499 1611 2540 actum,
1635 2484 1710 2544 qui
1731 2482 1937 2544 profecto

126 2553 283 2614 dignus
302 2568 365 2600 est
384 2554 489 2600 civis
506 2571 638 2614 quem
657 2571 737 2600 vos
755 2554 917 2600 merito
934 2554 1087 2600 ametis
1105 2568 1147 2600 et
1164 2553 1239 2614 qui
1258 2570 1380 2600 carus
1395 2553 1450 2599 sit
1466 2552 1606 2599 vobis.
1629 2551 1770 2611 Quod
1788 2566 1936 2598 autem

127 2622 187 2668 ita
201 2639 281 2668 vos
300 2621 355 2668 ad
371 2639 441 2668 me
461 2621 713 2668 humaniter
728 2622 997 2682 scripseritis,
1019 2621 1161 2668 habeo
1179 2620 1382 2668 adversus
1397 2638 1477 2667 vos
1495 2621 1692 2680 ingentes
1707 2620 1878 2680 gratias,
1896 2634 1939 2666 et

206 2851 223 2875 b
235 2858 298 2894 See
314 2858 369 2894 CS
384 2860 498 2901 72,31,
514 2856 579 2894 fol.
594 2860 673 2900 Slv,
689 2856 810 2894 where
825 2857 853 2894 it
866 2857 894 2894 is
909 2856 1080 2894 recorded
1094 2856 1173 2894 that
1185 2855 1321 2894 instead
1335 2855 1376 2894 of
1389 2856 1553 2903 winning
1564 2855 1689 2893 Soela's
1704 2854 1835 2892 favour
1848 2854 1940 2892 with

125 2909 189 2947 the
207 2909 273 2958 gift
292 2909 335 2947 of
349 2909 423 2947 this
441 2909 543 2959 pond
561 2909 632 2948 and
650 2924 798 2958 money,
820 2909 851 2947 ‘e
869 2909 960 2947 fatto
980 2922 1078 2947 tutto
1097 2909 1295 2958 l‘opposito
1315 2923 1334 2947 e
1352 2909 1517 2947 abbianci
1535 2908 1689 2957 perduto
1708 2907 1799 2945 detti
1816 2907 1941 2945 denari

127 2961 221 2999 nella
236 2961 399 3006 malora‘;
417 2961 462 2999 cf.
480 2961 586 3006 Scala,
609 2965 742 2999 113-14
760 2964 842 3008 [66]-

158 3024 221 3110 Οἳ*
235 3020 382 3109 ἕΞΙΙεεῑοά
401 3021 636 3058 ‘commissam'
626 3021 676 3058 'us
697 3020 793 3069 apud
811 3021 1069 3058 Constantium
1086 3020 1267 3058 Sfortiam’
1285 3019 1345 3058 for
1361 3034 1432 3058 one
1448 3019 1583 3057 mouth
1600 3033 1653 3057 on
1669 3022 1710 3055 21
1728 3021 1820 3066 June
1841 3021 1939 3062 1482,

128 3075 156 3109 L
208 3103 217 3116 ,
250 3086 274 3110 o
292 3104 299 3110 .
317 3076 439 3110 42r-v.

207 3124 224 3148 ¹³
242 3133 427 3169 Costanzo
446 3130 580 3174 Sfom,
599 3130 681 3169 lord
698 3130 740 3168 of
755 3133 893 3174 Pesaro,
914 3130 1121 3168 Florentine
1137 3131 1292 3179 Captain
1310 3129 1475 3174 GeneraL
1491 3143 1549 3167 see
1566 3129 1672 3167 letter
1690 3133 1755 3167 154
1772 3129 1897 3166 above.

209 3193 223 3207 ⁰
238 3187 415 3226 Pandolfo
431 3187 680 3232 Collenuccio,
698 3190 881 3226 Costanzo
898 3187 1049 3226 Sforza's
1067 3187 1272 3226 chancellor
1284 3188 1324 3224 in
1338 3187 1520 3231 Florence,
1535 3201 1593 3225 see
1607 3186 1713 3224 letter
1726 3189 1792 3224 225
1808 3185 1939 3224 below.
