2124 3464
187 179 244 220 70
1144 200 1146 202 ·
1815 186 1953 219 PART
1978 186 1992 219 Ι

1067 329 1118 370 76

550 399 627 439 To
651 399 765 437 THE
786 399 947 438 DIECI
969 399 1031 437 DI
1053 389 1221 437 BALiA
1243 401 1308 438 IN
1329 379 1636 439 FLoRENCE

384 469 552 507 FROM
574 467 980 506 BARTOLOMEO
1004 468 1182 506 SCALA
1203 468 1329 506 AND
1351 468 1525 506 PIERo
1548 467 1801 507 VETTORI

685 536 767 574 San
789 534 1075 585 Gimignano,
1100 537 1148 574 18
1172 534 1368 574 October
1393 537 1496 574 1479

270 629 380 669 Dieci
406 631 580 680 Resp.25,
609 627 692 668 fols.
720 631 875 667 336-37.
904 627 1088 679 Original.
1117 629 1339 680 Secretary's
1366 627 1479 668 hand.
1512 630 1628 668 Verso:
1656 627 1910 680 ‘Magnificfifl

269 683 1011 781 {gergiffisOngtstIrggobserVJandissimis
1037 685 1179 724 Decem
1202 684 1331 732 [Viris]
1354 683 1452 724 Balie
1477 684 1648 724 Civitatis
1673 683 1910 724 Florentiae.'

184 844 414 905 Magnifici
434 844 606 891 domini
629 845 715 891 mei
735 843 1128 891 observandissimi.
1153 847 1224 891 Da
1240 845 1316 904 poi
1337 845 1554 891 scrivemo
1573 858 1784 901 stanocte,
1806 845 1951 892 insino
1972 862 1996 892 a

183 928 379 960 stamane
402 912 441 959 le
466 930 564 959 cose
590 930 682 959 non
707 911 885 959 ebbono
911 911 1019 959 altra
1041 911 1310 959 alteratione.
1333 915 1535 959 Stamane
1558 913 1649 973 poi,
1675 911 1844 960 benche
1868 912 1995 969 tardi,

185 982 483 1029 cominciamo
512 999 535 1028 a
560 981 720 1028 sentire
747 979 786 1027 le
813 980 1054 1027 bombarde
1084 995 1125 1027 et
1151 980 1278 1027 Colle
1308 980 1395 1028 fare
1421 984 1457 1028 e'
1487 981 1615 1028 cenni
1641 980 1752 1028 della
1777 980 1994 1041 battaglia.

183 1049 339 1096 Subito
361 1048 533 1096 facemo
554 1063 739 1095 mettere
759 1066 782 1095 a
802 1048 956 1095 ordine
978 1063 1126 1109 queste
1147 1049 1265 1109 genti
1286 1048 1450 1095 d‘arme
1472 1048 1550 1096 che
1573 1050 1610 1096 ci
1631 1067 1765 1096 erano
1785 1064 1827 1096 et
1846 1064 1995 1110 queste

184 1117 382 1174 fanterie,
406 1132 447 1164 et
469 1116 715 1164 Antonello
742 1117 795 1164 da
814 1116 932 1164 Forli
955 1116 1091 1164 s’avio
1116 1118 1306 1173 innanzi,
1333 1131 1373 1164 et
1397 1135 1530 1164 erano
1551 1117 1618 1177 gia
1641 1135 1715 1164 ore
1738 1118 1851 1164 circa
1877 1122 1923 1164 18
1948 1118 1993 1164 in

188 1191 250 1242 19;
273 1200 314 1233 61
331 1185 490 1245 gl'altri
508 1186 618 1232 tucti
636 1184 869 1232 andorono
890 1185 1033 1232 drieto
1051 1186 1170 1245 quasi
1192 1188 1227 1232 a’
1248 1184 1475 1232 medesimi
1493 1185 1644 1245 luoghi
1665 1185 1743 1232 che
1762 1185 1996 1232 andorono

184 1254 353 1300 ieri—et
376 1268 503 1300 tanto
524 1254 569 1298 in
591 1252 631 1299 13
651 1252 730 1299 6116
749 1267 974 1313 potevano
998 1270 1132 1299 essere
1153 1252 1303 1299 veduti
1324 1252 1391 1299 da’
1414 1253 1577 1300 nimici.
1602 1254 1732 1300 Circa
1751 1258 1801 1299 21
1828 1253 1936 1300 hora
1957 1267 1999 1300 et

184 1339 312 1368 mezo
332 1320 556 1368 comincio
576 1320 616 1367 13
633 1320 838 1380 battaglia
853 1335 894 1367 et
912 1320 1023 1367 duro
1043 1321 1156 1367 circa
1171 1324 1327 1367 un’ora
1344 1335 1385 1367 et
1404 1338 1543 1367 mezo.
1564 1323 1612 1366 E’
1634 1321 1772 1367 nostri
1792 1321 1992 1368 continu-

183 1404 357 1437 amente
375 1390 410 1436 si
431 1403 715 1436 mostravano
736 1403 777 1436 et
795 1388 1061 1436 bezicavano
1080 1389 1125 1435 in
1147 1388 1283 1436 modo
1304 1388 1382 1436 che
1403 1389 1447 1435 in
1469 1407 1560 1436 uno
1580 1403 1723 1436 tracto
1740 1388 1992 1436 abandono-

184 1476 298 1505 rono
318 1457 358 1504 13
376 1457 582 1517 battaglia
600 1472 640 1504 et
660 1475 745 1504 con
765 1457 1048 1517 grandissima
1069 1456 1179 1504 furia
1195 1475 1406 1504 vennono
1428 1475 1451 1504 a
1469 1458 1672 1504 trovarci.
1693 1456 1939 1504 Antonello
1959 1458 1994 1504 si

182 1544 325 1573 venne
346 1525 603 1572 ritrahendo
621 1543 644 1572 a
659 1525 809 1586 pocho
830 1543 852 1572 a
868 1525 1018 1586 pocho
1039 1526 1084 1571 in
1104 1525 1240 1572 modo
1260 1525 1338 1572 che
1357 1526 1477 1586 quasi
1498 1543 1521 1572 a
1538 1540 1668 1572 nocte
1687 1543 1710 1572 a
1725 1525 1998 1572 salvamento

181 1596 216 1642 si
251 1592 550 1641 condussono¹
588 1608 628 1641 et
660 1593 699 1641 le
730 1594 848 1654 genti
882 1593 1046 1641 d'arme
1079 1597 1114 1641 e’
1150 1593 1272 1650 fanti,
1305 1608 1489 1654 excepto
1521 1594 1698 1641 Giovan
1731 1593 1914 1650 Savello,
1948 1591 1993 1640 il2

183 1662 309 1723 quale
329 1662 350 1709 ὲ
372 1677 534 1709 restato
550 1680 679 1723 preso
698 1680 778 1723 per
796 1680 931 1709 essere
951 1677 1114 1723 troppo
1136 1663 1348 1709 animoso.
1373 1662 1594 1709 Abbianvi
1617 1662 1827 1709 mandato
1844 1661 1994 1723 l'equi-

182 1731 368 1778 valente.
388 1730 650 1791 Preghiamo
671 1730 711 1778 la
728 1735 888 1778 Vostra
908 1731 1105 1791 Signoria
1124 1728 1185 1777 10³
1211 1730 1368 1778 habbia
1387 1748 1466 1791 per
1484 1730 1812 1787 racomandato,
1831 1729 1992 1791 perche

183 1800 340 1846 merita
360 1799 400 1846 13
421 1798 637 1859 gaglardia
657 1817 732 1846 sua
755 1797 881 1846 costi⁴
904 1813 945 1846 et
966 1798 1006 1846 13
1026 1817 1101 1846 sua
1124 1798 1233 1846 fede.

267 1868 453 1915 Tornati
482 1867 561 1914 che
588 1867 714 1914 fumo
742 1867 914 1924 dentro,
941 1885 1119 1915 savamo
1146 1868 1191 1914 in
1218 1867 1506 1928 grandissimo
1534 1867 1750 1915 desiderio
1777 1867 1821 1914 di
1845 1885 1993 1928 sapere

182 1936 296 1983 dove
326 1951 502 1983 restasse
533 1935 660 1983 Colle
691 1950 732 1983 et
762 1954 887 1983 come
917 1935 1097 1983 fussono
1128 1951 1293 1996 passate
1321 1935 1360 1983 le
1390 1954 1487 1983 cose
1515 1935 1569 1992 la,
1597 1935 1814 1996 sperando
1841 1934 1993 1996 percio

183 2004 330 2064 quello
357 2004 436 2051 che
461 2022 545 2060 era,
572 2004 639 2051 ch'
666 2007 701 2051 e'
729 2005 889 2050 nemici
914 2005 1110 2051 avessino
1136 2018 1312 2051 trovato
1336 2004 1479 2064 quegli
1504 2004 1732 2051 medesimi
1756 2003 1993 2063 Colligiani

182 2072 262 2119 che
281 2071 423 2119 l'altra
438 2071 572 2128 volta,
593 2072 944 2119 massimamente
966 2086 1105 2119 atteso
1123 2075 1158 2119 e’
1177 2071 1503 2132 provedimenti
1525 2071 1627 2119 facti
1641 2089 1721 2132 per
1738 2071 1778 2118 la
1794 2072 1992 2132 Signoria

181 2145 353 2188 Vostra.
380 2145 429 2186 In
451 2155 607 2201 questo
628 2140 844 2187 desiderio
866 2155 1019 2187 nostro
1041 2141 1189 2201 giunse
1213 2141 1300 2201 qui,
1325 2141 1438 2187 circa
1455 2144 1529 2187 un'
1555 2158 1632 2187 ora
1652 2139 1695 2187 di
1718 2154 1862 2196 nocte,
1884 2140 1990 2187 Gio-

181 2210 315 2256 vanni
338 2205 395 2256 da*
412 2208 737 2256 Montevarchi.
761 2213 844 2256 Era
865 2223 980 2256 stato
1003 2210 1047 2255 in
1072 2227 1229 2270 campo
1253 2208 1306 2256 da
1326 2209 1477 2256 sabato
1499 2209 1543 2255 in
1568 2227 1666 2269 qua,
1689 2208 1899 2256 mandato
1922 2207 1990 2256 dal

182 2292 337 2324 nostro
365 2278 599 2338 Capitano.
627 2278 800 2324 Partissi
824 2278 901 2338 poi
928 2277 1007 2324 che
1033 2277 1073 2324 13
1098 2277 1302 2338 battaglia
1326 2277 1371 2324 fu
1396 2278 1584 2338 spiccata
1608 2292 1649 2324 et
1675 2276 1743 2324 ch'
1772 2280 1807 2324 e'
1837 2277 1987 2324 nimici

182 2364 316 2393 erano
335 2346 488 2393 venuti
506 2345 587 2393 alla
605 2345 725 2393 volta
745 2360 904 2393 nostra.
927 2347 1037 2392 Dice
1055 2363 1152 2393 cose
1173 2345 1455 2406 maraviglose
1477 2346 1752 2393 intervenute
1771 2346 1868 2406 oggi
1888 2363 1989 2392 con-

181 2429 252 2461 tro
275 2418 311 2461 a'
336 2415 501 2470 nimici,
525 2429 566 2461 et
588 2413 667 2460 che
690 2415 843 2474 quanti
863 2432 906 2461 se
930 2413 998 2460 n’e
1021 2415 1224 2474 apressati
1245 2413 1323 2461 3116
1346 2432 1471 2461 mura
1492 2432 1604 2461 sono
1627 2414 1727 2460 stati
1747 2414 1895 2470 morti,
1920 2413 1991 2460 chi

181 2500 267 2529 con
291 2481 443 2529 fuochi
465 2483 609 2542 gittati
628 2481 731 2542 g‹i›s1
756 2483 801 2528 in
824 2482 944 2529 boeti
966 2497 1007 2529 et
1029 2482 1099 2529 chi
1122 2500 1207 2529 con
1229 2481 1346 2529 13610
1366 2483 1567 2529 rovinare
1590 2481 1775 2529 addosso
1799 2485 1835 2529 e’
1859 2482 1988 2538 muri,

181 2551 226 2596 in
248 2550 387 2597 modo
410 2549 489 2597 che
510 2553 692 2597 n'erano
712 2551 846 2610 pieno
868 2553 904 2596 e'
926 2549 1042 2606 fossi;
1067 2565 1107 2597 et
1128 2550 1221 2597 dice
1241 2550 1283 2597 di
1302 2549 1378 2610 pifi
1401 2549 1444 2597 di
1463 2554 1517 2597 30
1538 2549 1740 2597 huomini
1765 2549 1930 2596 d’arme
1950 2564 1991 2596 et

181 2618 310 2665 molti
334 2618 401 2665 de'
426 2617 549 2674 fanti,
573 2619 618 2664 in
641 2618 779 2665 modo
803 2618 1040 2665 affermava
1059 2618 1137 2665 che
1159 2622 1276 2665 v'era
1296 2619 1430 2665 morti
1454 2619 1499 2664 in
1521 2622 1595 2665 un'
1621 2636 1698 2665 ora
1719 2632 1760 2665 et
1782 2636 1924 2674 mezo,
1947 2617 1991 2664 di

181 2686 314 2746 quelli
332 2686 412 2733 che
430 2686 491 2733 lui
509 2704 678 2746 sapeva,
698 2686 807 2733 delle
824 2704 1008 2746 persone
1029 2691 1094 2733 80.
1115 2686 1163 2732 El
1182 2687 1329 2746 primo
1350 2685 1570 2733 colonello
1590 2685 1702 2733 della
1716 2685 1928 2745 bactaglia
1943 2684 1989 2732 fu

181 2754 329 2814 quello
357 2754 400 2800 di
428 2772 588 2800 messer
614 2758 815 2800 Lorenzo
843 2754 896 2800 da
921 2753 1146 2810 Castello,³
1170 2754 1207 2800 el
1233 2754 1427 2800 secondo
1454 2753 1600 2814 quello
1627 2753 1670 2800 di
1696 2771 1857 2800 messer
1879 2757 1992 2800 Mat-

180 2815 274 2868 teob
296 2836 337 2868 et
358 2821 402 2868 di
423 2821 657 2868 Giordano
679 2821 733 2868 da
750 2826 909 2868 Monte
930 2821 1142 2877 Ritondo,
1165 2821 1202 2868 el
1224 2821 1348 2881 quale
1370 2821 1463 2868 dice
1482 2820 1581 2867 vide
1602 2835 1777 2867 tornare
1799 2820 1930 2867 ferito
1949 2834 1991 2867 et

261 3038 273 3052 ²
289 3036 454 3070 Lorenzo
470 3033 631 3070 Giustini
644 3032 682 3070 di
698 3032 796 3070 Citta
809 3032 847 3070 di
861 3032 1028 3076 Castello‚
1046 3032 1270 3070 condottiere
1285 3031 1326 3070 01
1338 3031 1400 3069 1116
1415 3046 1509 3080 pope
1523 3031 1593 3069 and
1609 3035 1774 3069 Fert-ante
1788 3030 1829 3069 01
1842 3030 1986 3080 Naples,

181 3088 358 3129 Lorenzo,
377 3088 516 3128 Latere,
536 3088 593 3128 HI,
613 3088 644 3128 8,
663 3096 750 3122 note
768 3088 799 3122 2.

184 3198 248 3232 156
261 3137 434 3232 ''sgllatteo
452 3143 496 3180 da
518 3145 652 3192 Capua,
675 3145 800 3180 Count
820 3142 861 3180 01
878 3142 1054 3187 Pollenza‚
1074 3157 1158 3180 man
1177 3142 1218 3180 of
1235 3156 1337 3186 arms,
1358 3143 1560 3186 L.Ceri0ni,
1579 3141 1800 3190 Diplomazia
1817 3141 1986 3190 sforzesca,
