2124 3458
127 174 310 208 ESSAYS
1832 171 1924 211 397

124 310 356 372 pluribus
344 328 390 357 111
408 311 593 371 negotiis
611 310 898 371 imploremus
917 310 1141 358 fortunam
1160 326 1203 359 et
1218 311 1442 360 fortunata
1458 330 1508 360 ea
1521 312 1801 389 appellemus,
1821 332 1931 375 quae

127 378 253 434 illius,
288 393 336 425 ut
370 378 557 434 videtur,
590 377 809 426 beneficio
843 378 961 426 nulla
994 394 1143 426 nostra
1175 397 1321 440 opera,
1355 398 1407 427 ex
1440 381 1575 428 animi
1608 395 1757 428 tamen
1792 383 1931 429 nostri

123 446 342 494 sententia
359 446 652 506 contigerunt.
675 446 847 506 Quod
836 464 880 493 111
903 446 968 494 1115
990 446 1127 494 1110ἀο
1149 447 1275 495 rebus
1296 447 1451 496 accidit
1471 466 1576 509 quas
1595 448 1809 510 explicare
1827 451 1929 497 satis

124 515 296 562 animus
317 531 399 575 per
415 531 460 562 se
482 531 575 562 non
595 529 756 575 potest,
779 515 924 576 itaque
943 516 1051 562 sorti
1074 515 1252 563 mandat
1274 516 1395 577 quod
1416 532 1678 564 eventurum
1703 532 1780 574 est,
1802 533 1932 579 atque

125 582 228 630 hinc
246 581 450 630 fortunae
468 600 634 630 nomen
653 597 729 639 est,
747 582 870 639 idest,
887 583 940 630 ab
959 582 1024 631 his
1042 583 1169 631 rebus
1186 602 1296 645 quae
1314 583 1428 632 forte
1444 603 1520 632 sua
1538 586 1816 646 contingunt,
1835 604 1928 634 non

125 650 359 697 hominum
395 650 544 697 labore
578 650 812 711 studioque
845 652 1088 712 pariuntur.
1125 656 1174 698 In
1207 670 1298 713 quo
1328 653 1430 700 satis
1462 652 1607 709 fuerit,
1641 668 1689 700 ut
1723 654 1927 710 arbitror,

120 718 383 778 praestitisse
401 719 447 764 in
465 718 640 778 agendis
657 718 785 765 rebus
802 718 1072 778 diligentiam
1088 719 1252 795 nequid
1268 720 1390 796 quod
1406 721 1534 767 vitari
1551 739 1654 768 cura
1672 723 1928 782 rationeque

120 786 317 846 potuerit
338 785 676 846 perpetiendum
698 786 765 833 sit
790 790 911 833 Nam
934 786 1056 847 quod
1077 788 1265 834 omnino
1288 788 1507 836 immunes
1530 788 1785 836 malorum
1774 807 1820 835 111
1841 791 1932 837 ν113

120 854 269 910 51111115,
301 854 346 899 111
374 868 591 914 potestate
616 853 771 914 procul
803 854 940 901 dubio
969 869 1118 902 nostra
1147 873 1238 902 non
1268 870 1344 912 est,
1371 856 1447 903 sed
1475 855 1692 913 fortunae,
1719 858 1755 904 si
1784 875 1834 905 ea
1861 857 1926 905 his

121 921 438 968 tantummodo
458 921 585 968 rebus
602 937 771 982 praeest
792 940 977 982 quarum
997 922 1051 969 ab
1071 922 1324 971 hominibus
1347 925 1601 971 nesciuntur
1620 943 1784 981 causae,
1804 926 1926 986 quod

121 1006 203 1036 nos
224 989 263 1035 ei
284 1006 451 1036 numen
473 1006 726 1050 nomenque
748 989 998 1037 indidimus.
1022 994 1182 1051 Neque
1203 1008 1310 1038 vero
1330 992 1484 1038 iverim
1506 991 1674 1039 inficias
1692 992 1791 1053 plus
1814 994 1923 1039 min-

119 1074 224 1104 usve
240 1074 367 1117 posse
388 1055 614 1104 fortunam
633 1057 679 1103 in
698 1057 825 1104 rebus
843 1058 1003 1105 nostris
1018 1076 1103 1118 pro
1119 1058 1389 1119 prudentum
1409 1059 1643 1107 hominum
1664 1059 1927 1117 differentia,

118 1124 196 1171 sed
219 1124 386 1171 nullam
411 1139 560 1172 tamen
586 1125 696 1172 adeo
721 1143 809 1172 esse
835 1140 1031 1173 exactam
1054 1141 1208 1174 natura
1232 1126 1521 1188 disciplinam,
1550 1129 1631 1175 nisi
1657 1131 1779 1176 Deus
1804 1129 1930 1176 aliter

119 1192 362 1248 indulserit,
379 1207 428 1239 ut
442 1192 590 1240 videre
602 1210 733 1254 supra
748 1193 976 1240 hominem
996 1195 1225 1255 quisquam
1239 1196 1375 1256 possit
1393 1210 1523 1256 atque
1537 1213 1691 1243 omnes
1707 1196 1924 1244 declinare

119 1259 323 1308 fortunae
346 1261 549 1322 impetus,
575 1261 611 1308 si
634 1262 725 1322 ipsa
747 1279 829 1309 suo
852 1279 976 1309 more
1002 1261 1283 1324 quandoque³
1306 1263 1535 1321 desaeviat,
1558 1279 1607 1312 ut
1630 1264 1758 1312 nobis
1784 1265 1924 1313 modo

118 1329 349 1389 contigisse
373 1328 655 1376 manifestum
678 1344 755 1386 est,
776 1344 824 1377 ut
846 1331 1022 1377 iamiam
1045 1330 1192 1378 redeat
1210 1331 1327 1379 unde
1348 1331 1534 1392 digressa
1554 1347 1616 1380 est
1639 1334 1795 1380 oratio.

202 1396 339 1444 Paulo
365 1411 465 1444 ante
488 1398 621 1444 etiam
647 1396 861 1445 fortunati
882 1398 1160 1459 putabamur,
1189 1417 1290 1446 cum
1315 1400 1597 1457 Politianum,
1627 1401 1775 1448 nobile
1800 1403 1922 1462 oppi-

118 1464 240 1520 dum,
260 1464 382 1525 quod
400 1479 442 1512 et
460 1482 484 1512 a
500 1466 675 1512 civitate
692 1483 858 1512 nomen
878 1466 1008 1513 habet
1027 1470 1263 1523 Graecum,
1281 1468 1326 1514 in
1345 1469 1601 1515 Senensium
1622 1468 1798 1526 finibus,
1820 1488 1922 1516 cum

117 1533 237 1580 Pisae
260 1547 302 1579 et
324 1550 424 1593 ager
443 1550 583 1593 prope
607 1534 752 1580 omnis
778 1535 988 1581 Lunensis
1012 1534 1140 1582 nobis
1162 1550 1348 1596 pareret,
1370 1554 1471 1583 cum
1496 1536 1645 1584 multis
1667 1538 1920 1598 magnisque

115 1600 302 1661 polleret
330 1600 591 1661 Respublica
617 1602 819 1649 amicitiis
847 1616 890 1649 et
915 1601 1094 1650 floreret
1121 1603 1290 1664 opibus.
1323 1607 1451 1663 Quae
1478 1622 1596 1652 nunc
1624 1605 1743 1652 nulla
1772 1620 1922 1653 nostra

117 1668 257 1744 culpa,
273 1668 350 1715 sed
365 1667 568 1715 fortunae
586 1686 796 1716 conversa
809 1670 1016 1730 praebere
1031 1670 1239 1718 videntur
1255 1671 1515 1748 quibusdam
1534 1687 1689 1720 contra
1705 1691 1785 1720 nos
1803 1691 1924 1720 occa-

115 1736 287 1782 sionem
318 1750 367 1782 ut
397 1735 698 1812 obloquantur
726 1731 932 1784 liberius.f
958 1738 1043 1785 Sed
1071 1753 1187 1786 certe
1215 1739 1378 1799 quod
1366 1757 1412 1786 111
1443 1740 1612 1787 nobis
1601 1758 1692 1787 iure
1722 1756 1925 1788 accusent

117 1803 225 1849 nihil
246 1803 408 1851 habent
426 1804 509 1851 11151
527 1822 597 1851 1116
615 1822 742 1851 amor
758 1823 904 1852 rerum
924 1820 1173 1853 nostrarum
1191 1807 1443 1868 patriaeque
1459 1809 1613 1855 caritas
1628 1826 1652 1855 a
1667 1826 1775 1855 vero
1791 1808 1920 1869 longe

113 1871 342 1932 pertrahit.
364 1875 515 1931 Quam
536 1873 655 1919 enim
676 1890 757 1920 nos
778 1891 949 1920 causam
968 1874 1248 1934 praebuimus
1269 1875 1634 1923 Politianensibus
1655 1876 1919 1937 posthaben-

115 1939 194 1986 dae
214 1938 319 1987 fidei
342 1954 384 1987 et
404 1954 473 1987 tot
496 1940 829 2002 tantorumque⁴
851 1942 896 1988 in
918 1959 962 1989 se
984 1957 1239 1990 nostrorum
1264 1943 1584 1991 beneficiorum
1610 1944 1918 1993 obliviscendi?

114 2007 304 2067 Quibus,
325 2022 633 2069 praeterquam
652 2009 774 2070 quod
793 2010 907 2057 intra
926 2009 1031 2057 haec
1048 2012 1224 2058 moenia
1243 2012 1334 2059 nati
1352 2030 1445 2059 non
1464 2011 1626 2069 forent,
1646 2013 1754 2059 nihil
1775 2013 1923 2061 deerat

113 2089 162 2123 ut
184 2075 366 2123 meliore
389 2077 521 2124 etiam
542 2076 798 2125 viderentur
817 2077 1073 2126 conditione
1097 2097 1228 2140 quam
1250 2080 1285 2127 si
1309 2079 1411 2128 hinc
1433 2081 1520 2128 orti
1542 2082 1797 2129 extitissent.
1820 2086 1921 2130 Nos

113 2143 358 2191 tuebamur.
378 2148 478 2191 Nos
496 2146 627 2192 armis
645 2147 804 2193 nostris
824 2164 978 2194 eorum
998 2147 1174 2195 iniurias
1189 2148 1566 2209 propulsabamus,
1587 2165 1772 2211 propter
1789 2168 1914 2211 quos,

111 2226 161 2258 ut
180 2213 326 2258 omnis
347 2213 472 2259 novit
493 2213 627 2269 Italia,
645 2215 837 2261 maxima
854 2215 1118 2276 quandoque
1137 2215 1249 2263 bella
1265 2218 1472 2276 gessimus
1492 2232 1535 2264 et
1552 2219 1776 2265 variorum
1794 2219 1914 2279 plen-

113 2279 257 2326 issima
279 2279 592 2340 periculorum.
622 2282 737 2340 Quis
760 2300 867 2329 vero
889 2284 1108 2343 putaverit
1134 2283 1198 2331 his
1223 2283 1400 2341 artibus,
1427 2285 1508 2332 nisi
1535 2286 1580 2331 in
1606 2284 1832 2333 fortunam
1859 2305 1919 2334 re-

113 2346 236 2403 feras,
254 2347 401 2394 datam
419 2366 506 2395 esse
523 2349 887 2397 Politianensibus
908 2350 1142 2398 deficiendi
1157 2369 1182 2398 a
1197 2352 1324 2399 nobis
1343 2352 1594 2414 bellumque
1614 2353 1831 2401 inferendi
1847 2354 1918 2401 311-

112 2432 245 2491 quam
268 2433 455 2471 causam,
480 2417 555 2476 qui
578 2418 709 2464 etiam
733 2418 895 2465 invitos
916 2436 1055 2479 prope
1080 2419 1187 2466 olim
1211 2434 1259 2467 ut
1281 2437 1371 2467 sese
1395 2421 1440 2466 in
1465 2420 1600 2468 fidem
1624 2422 1916 2482 reciperemus

110 2483 334 2530 sociorum
355 2484 664 2544 compulerunt
687 2487 704 2532 ?
722 2486 840 2532 Pisae
855 2503 963 2533 vero
971 2501 1128 2563 captae
1144 2487 1399 2548 quondam
1388 2489 1624 2536 iustissimo
1644 2489 1775 2545 bello,
1794 2490 1915 2550 quod

111 2551 504 2599 innumerabilibus
521 2570 659 2613 paene
672 2554 903 2613 provocati
920 2554 1088 2602 iniuriis
1103 2556 1381 2616 suscepimus.
1401 2560 1554 2604 Nemo
1569 2575 1612 2603 vi
1602 2556 1755 2605 1111556
1772 2573 1917 2618 captas

110 2617 282 2666 dixerit.
302 2618 496 2667 Colonia
514 2621 663 2697 potius
682 2621 895 2682 quaedam
915 2637 1064 2670 nostra
1083 2621 1278 2671 iudicari⁵
1295 2639 1482 2684 poterat.
1500 2624 1628 2671 Nihil
1649 2640 1712 2672 est
1729 2643 1913 2702 usquam

111 2687 156 2733 in
176 2687 304 2743 cives,
323 2688 369 2734 in
388 2687 628 2745 aedificia,
616 2707 662 2735 111
681 2707 805 2750 agros
823 2689 1105 2747 desaevitum,
1125 2692 1206 2739 nisi
1226 2707 1440 2768 quantum
1460 2693 1712 2741 retinendae
1730 2695 1918 2742 civitatis

110 2756 251 2815 coegit
268 2756 510 2812 necessitas,
526 2756 654 2803 Nihil
670 2759 858 2805 omnino
876 2757 1056 2815 factum,
1072 2759 1193 2820 quod
1210 2759 1300 2806 1111
1289 2779 1380 2808 11116
1396 2761 1689 2838 expostulent,
1704 2762 1780 2809 sed
1796 2762 1913 2809 habi-

109 2836 200 2870 tare
216 2823 447 2871 nobiscum
469 2825 803 2886 commodisque
821 2827 886 2873 uti
902 2827 1139 2874 omnibus
1128 2845 1174 2874 111
1188 2828 1360 2888 perdita
1371 2830 1512 2889 patria
1525 2830 1817 2905 permisimus,
1838 2832 1913 2891 qui

109 2889 218 2937 olim
244 2905 293 2938 ut
320 2891 425 2938 haec
450 2907 599 2939 nostra
625 2892 840 2954 deperiret
864 2909 1094 2955 tantopere
1120 2911 1388 2943 curaverant.
1415 2900 1464 2942 In
1490 2915 1543 2944 eo
1568 2898 1686 2944 enim
1715 2897 1909 2945 hostium

187 3114 339 3159 ‘Monte
339 3120 508 3170 pulciano
522 3122 594 3160 and
605 3123 692 3167 Pisa,
705 3123 871 3172 acquir-ed
883 3124 932 3172 by
945 3124 1007 3162 the
1020 3124 1226 3163 Florentine
1237 3139 1325 3174 repu
1326 3125 1420 3164 blic
1409 3140 1449 3163 m
1464 3129 1549 3164 1388
1562 3126 1633 3165 and
1647 3131 1745 3171 1406,
1761 3127 1916 3166 rebelled

107 3172 148 3208 in
167 3175 255 3210 1494
271 3171 362 3210 after
376 3172 439 3210 the
458 3173 623 3211 French
612 3175 778 3212 invasion
792 3175 863 3213 and
878 3175 941 3213 the
956 3175 1018 3213 fau
1035 3176 1077 3214 of
1090 3176 1153 3214 the
1170 3176 1303 3215 Medici
1319 3178 1450 3225 regime
1469 3179 1508 3214 in
1526 3177 1707 3216 Florence.
