2124 3458
230 182 321 223 336
1838 190 1975 223 PART
2001 191 2032 223 V

230 343 362 386 quam
386 326 609 372 consecuti
634 324 900 372 viderentur.
924 328 1020 372 Dea
1040 325 1091 372 ab
1113 343 1156 372 se
1179 325 1349 372 arcebat
1370 325 1559 382 turbam,
1583 344 1683 373 cum
1707 344 1760 373 ne
1782 344 1921 374 unum
1946 327 2037 388 qui-

230 393 331 441 dem
362 394 596 440 invenisset
628 392 876 449 mortalem,
909 411 1039 454 quem
1069 394 1155 440 suis
1186 393 1312 440 donis
1341 411 1502 454 suaque
1534 393 1825 442 familiaritate
1854 394 2035 456 dignum

229 462 422 518 duceret,
439 462 517 508 etsi
535 462 755 508 accessisse
773 461 985 522 quosdam
1005 460 1135 508 fuerit
1150 479 1271 522 passa
1286 462 1478 522 propius.
1502 463 1584 509 His
1603 480 1748 509 rerum
1767 462 2035 511 condicioni-

228 530 309 577 bus
335 530 615 585 Humanitas,
644 547 752 590 quae
774 544 948 590 praeter
970 544 1150 586 ceteros,
1175 544 1222 576 ut
1247 531 1290 575 in
1317 529 1429 577 illius
1454 548 1497 577 se
1523 531 1758 578 insinuaret
1784 532 2036 588 amicitiam,

229 599 384 644 misere
418 597 729 653 contendebat,
762 615 840 657 per
871 598 1049 644 nuntios
1086 615 1250 644 numen
1284 597 1461 658 rogabat
1494 612 1541 645 ut
1573 616 1616 645 se
1649 599 1856 659 aspiceret
1886 600 2032 660 propi·

228 663 410 712 tium.²¹⁷
437 669 497 711 At
521 665 612 711 dea:
638 668 916 723 ‘Quaenam,'
944 666 1099 725 inquit,
1126 665 1323 712 ‘stultitia
1345 665 1449 712 haec
1471 668 1553 712 est?
1576 667 1699 713 Foris
1723 667 1847 713 anxie
1871 667 2035 727 quaeri-

228 748 323 780 tant
345 732 467 793 quod
490 747 551 779 est
575 733 619 778 in
642 747 854 793 promptu
880 732 1031 779 domi.'

993 873 1058 915 95.
1084 869 1280 915 Avaritia

228 974 331 1017 Post
355 971 646 1030 Antiquitatis
670 970 900 1030 repulsam,
926 988 1026 1017 cum
1050 970 1242 1031 Apologi
1268 988 1407 1031 neque
1431 970 1536 1018 foris
1559 972 1643 1018 tuti
1663 972 1763 1018 satis
1785 986 1939 1028 essent,
1961 971 2038 1019 sed

227 1043 407 1085 Vestam
430 1039 638 1085 timerent
658 1053 731 1085 aut
751 1038 999 1085 Vulcanum
1022 1056 1162 1099 neque
1184 1038 1238 1085 ad
1255 1057 1324 1086 me
1346 1038 1484 1086 redire
1503 1039 1560 1086 ob
1581 1054 1777 1100 spretum
1798 1040 2033 1100 imperium

227 1108 319 1154 sine
348 1106 508 1153 rubore
535 1121 728 1167 possent,
758 1106 943 1153 consilio
973 1107 1087 1154 inter
1110 1124 1153 1154 se
1180 1107 1292 1154 inito
1318 1107 1517 1154 tentandi
1542 1107 1718 1164 inferos,
1746 1107 1924 1168 quando
1950 1108 2037 1156 iam

228 1193 370 1236 neque
399 1174 469 1221 hic
495 1192 679 1235 usquam
708 1193 849 1235 neque
877 1174 992 1236 apud
1016 1193 1195 1236 superos
1225 1190 1332 1222 esset
1358 1174 1492 1232 locus,
1523 1176 1692 1223 animos
1720 1175 1774 1223 ad
1799 1175 2034 1224 Plutonem

228 1243 494 1291 adiecerunt.
519 1247 583 1290 Ita
602 1244 722 1304 prius
748 1258 936 1291 mactata
956 1244 1077 1304 nigra
1099 1261 1181 1290 ove
1205 1244 1294 1291 eius
1319 1243 1664 1305 imploraverunt
1691 1262 1869 1292 numen.
1895 1244 2036 1304 Quod

228 1327 375 1359 autem
402 1326 492 1359 erat
516 1312 800 1372 Proserpinae
829 1311 961 1359 festus
985 1311 1088 1368 dies,
1114 1330 1206 1359 non
1232 1313 1387 1372 ingrati
1412 1312 1695 1360 advenerunt.
1723 1316 1762 1359 A
1789 1331 1878 1374 quo
1903 1314 2036 1360 etiam

229 1398 334 1427 mox
357 1381 523 1440 egregie
544 1380 707 1427 laudati
729 1394 770 1427 et
791 1379 943 1427 donati
964 1398 1064 1427 cum
1087 1380 1273 1427 abissent
1298 1380 1592 1441 redissentque
1613 1380 1957 1428 confidentiores
1978 1381 2036 1428 ob

226 1463 371 1508 partas
410 1448 594 1494 divitias:
636 1451 771 1494 ‘Itane
809 1452 915 1504 vos,'
958 1449 1151 1508 inquam,
1193 1449 1401 1508 ‘pecuniis
1442 1448 1624 1508 gloriam
1664 1450 2032 1496 commutavistis?

227 1521 408 1563 Manete
430 1515 582 1563 domi.'

1002 1657 1067 1699 96.
1091 1653 1270 1700 Vanitas

227 1754 414 1810 Umbra,
434 1772 535 1801 cum
553 1753 607 1801 ad
618 1768 895 1830 postremum
914 1753 1025 1800 diei
1015 1772 1060 1800 in
1077 1754 1289 1830 egregiam
1306 1754 1653 1815 magnitudinem
1670 1755 1940 1811 excrevisset,
1955 1753 2037 1802 fac—

227 1837 271 1869 ta
288 1822 345 1869 ob
367 1822 411 1869 id
428 1822 672 1882 superbior,
693 1823 866 1882 parenti
884 1840 1059 1883 quoque
1079 1823 1165 1869 iam
1184 1823 1359 1883 corpori
1380 1823 1616 1870 conviciari
1634 1837 1849 1883 coeperat.
1869 1827 2036 1870 Irarum

228 1908 378 1937 causae
396 1905 518 1937 erant
535 1891 752 1951 imprimis
772 1890 893 1951 quod
911 1909 964 1937 ne
981 1891 1169 1951 aspicere
1188 1890 1365 1951 quidem
1381 1890 1519 1938 solem
1537 1891 1716 1938 umbrae
1736 1891 1791 1938 ad
1804 1909 1900 1938 eam
1918 1890 2036 1938 diem

225 1977 306 2019 per
325 1973 555 2019 parentem
575 1958 777 2006 licuisset.
803 1962 921 2006 Cum
944 1977 1050 2006 vero
1071 1958 1325 2019 indulgendi
1348 1974 1472 2006 natae
1492 1959 1686 2020 cupidus,
1710 1973 1835 2020 pater
1852 1977 1896 2007 se
1917 1977 2034 2007 amo-

226 2028 356 2074 visset
379 2042 421 2074 et
443 2027 600 2074 umbra
625 2042 909 2074 emoreretur:
937 2031 1082 2084 ‘Heu,'
1108 2028 1264 2088 inquit,
1291 2031 1437 2088 ‘quam
1462 2027 1601 2075 fuerat
1624 2027 1777 2075 durare
1802 2042 1843 2075 et
1863 2028 2034 2089 perpeti

227 2113 360 2156 quam
384 2096 443 2142 ita
463 2095 659 2155 deperire
680 2096 839 2142 satius.'

997 2236 1062 2278 97.
1088 2232 1275 2278 Parcitas

228 2334 341 2393 Ignis
359 2334 565 2380 materiae
584 2333 774 2380 multum
796 2348 960 2390 nactus,
981 2352 1081 2380 cum
1100 2335 1300 2381 crevisset
1319 2335 1364 2380 in
1383 2335 1605 2394 ingentem
1625 2333 1851 2381 flammam
1871 2334 2040 2394 crepiti-

226 2401 393 2461 busque
428 2416 469 2447 et
502 2400 670 2461 fulgore
705 2402 855 2448 omnia
888 2402 1052 2448 circum
1085 2402 1222 2462 spatia
1253 2401 1336 2448 late
1367 2401 1685 2462 complevisset,
1721 2401 1931 2462 quicquid
1961 2401 2035 2448 ob-

226 2465 396 2515 viam²¹8
428 2468 557 2524 foret,
586 2469 796 2529 quicquid
821 2470 1066 2529 attingeret,
1094 2484 1271 2530 repente
1298 2469 1620 2530 depascebatur.
1646 2473 1758 2516 Mox
1784 2487 1904 2525 vero,
1931 2487 2032 2516 cum

227 2538 352 2583 omni
390 2538 476 2583 iam
512 2534 799 2597 absumpto²¹⁹
840 2537 1051 2584 alimento
1086 2537 1230 2584 inedia
1229 2534 1280 2560 ²²⁰
1316 2552 1357 2584 et
1392 2534 1557 2584 fame²²¹
1595 2537 1810 2598 deperiret
1843 2555 1892 2584 ac
1926 2555 2033 2584 non-

228 2623 472 2665 numquam
494 2606 629 2652 cineri
647 2623 838 2665 quoque,
857 2623 988 2665 quem
1006 2606 1096 2652 sine
1117 2606 1241 2652 omni
1258 2606 1432 2666 penitus
1452 2605 1636 2652 humore
1658 2605 1912 2666 reliquisset,
1929 2604 2036 2652 salu-

226 2687 318 2719 tem
341 2672 501 2719 frustra
521 2672 930 2729 commendavisset,
954 2674 1026 2719 vix
1048 2673 1226 2720 tandem
1250 2674 1499 2734 impetravit
1520 2687 1568 2720 ut
1591 2673 1857 2733 insepultum
1880 2672 2034 2720 saltem

228 2758 319 2787 non
347 2740 625 2801 relinqueret.
651 2741 839 2788 Parcitas
864 2740 948 2788 hoc
973 2741 1175 2801 exemplo
1201 2741 1465 2788 admonebat
1491 2741 1709 2797 mortales,
1735 2759 1824 2801 quo
1850 2758 1915 2788 res
1936 2740 2034 2801 plus

227 2808 427 2864 affluant,
449 2808 546 2869 plus
569 2809 634 2856 sui
657 2823 705 2855 ut
729 2809 1024 2856 meminerint.

969 2949 1033 2991 98.
1058 2945 1300 2991 Doctrinae

227 3045 404 3101 Mulier,
442 3063 537 3092 eam
573 3045 775 3101 arbitror,
812 3064 943 3106 quam
978 3045 1306 3106 Philosophiam
1345 3045 1611 3106 Pythagoras
1644 3045 1751 3092 olim
1787 3044 2034 3106 appellavit,

228 3113 484 3160 consederat
508 3111 709 3160 medio222
738 3114 781 3159 in
808 3113 992 3160 herbido
1017 3113 1281 3173 florentique
1305 3128 1346 3160 et
1368 3113 1578 3160 latissimo
1602 3128 1730 3173 prato
1754 3112 1884 3160 altior
1904 3130 2035 3173 super

227 3181 379 3227 vivum
406 3182 654 3241 caespitem.
680 3179 834 3228 Erat223
863 3196 1008 3228 autem
1034 3180 1342 3227 candidissimo
1369 3180 1520 3228 induta
1542 3180 1675 3241 pallio
1700 3198 1835 3241 usque
1861 3179 1915 3227 ad
1937 3197 2034 3227 crus
