2124 3464
166 170 221 211 38
1800 171 1978 205 PARTI

165 315 227 361 Di
248 315 327 375 poi
351 313 460 361 disse
484 312 653 360 andava
674 330 697 359 a
718 316 898 359 Ferrara
916 329 997 372 per
1018 329 1266 371 comporre,
1292 328 1335 358 se
1356 325 1543 371 potesse,
1567 309 1708 371 quelle
1733 309 1982 357 differentie

167 382 279 430 della
300 382 443 429 Bastia
463 385 530 429 co’
556 380 803 441 Bolognesi‚
830 379 1136 427 dimostrando
1161 396 1321 426 ancora
1343 396 1429 426 con
1453 393 1609 439 questo
1629 378 1670 426 la
1691 378 1818 426 laude
1842 377 1886 426 di
1909 378 1981 426 chi

167 450 384 498 mandava
400 468 481 511 per
496 449 541 496 lo
559 467 640 496 suo
659 448 807 496 studio
826 463 868 495 et
886 447 1102 495 desiderio
1119 447 1200 495 alla
1217 448 1362 508 quiete
1381 446 1535 494 italica.
1553 451 1616 494 Fu
1635 447 1824 507 risposto
1845 461 1886 494 et
1905 446 1980 494 ho-

167 533 328 566 norato
349 517 546 566 secondo
568 517 608 564 la
630 531 780 564 nostra
801 534 972 564 usanza.
998 516 1130 563 Altro
1153 515 1197 563 di
1219 534 1370 563 nuovo
1395 533 1487 562 non
1510 516 1549 562 ci
1571 515 1592 562 ὲ
1615 515 1694 562 che
1717 515 1761 562 io
1783 515 1917 576 sappi.
1944 518 1986 561 A

166 603 208 635 te
225 588 287 634 mi
306 585 616 634 raccomando.
636 590 701 632 Ex
718 585 943 632 Florentia
958 584 1027 632 die
1044 589 1098 632 25
1115 583 1382 645 Septembris
1405 588 1523 631 1473.
1543 584 1740 631 Servitor
1756 583 1984 631 Bartholo-

167 674 290 704 meus
312 655 433 703 Scala
453 654 763 702 Cancellarius.

1049 797 1103 837 44

524 869 602 908 ΤΟ
625 868 1033 907 BARTOLOMEO
1057 868 1272 906 SACCHI
1294 865 1352 906 al.
1375 866 1624 905 PLATINA

854 934 1131 987 [April-May
1154 937 1295 983 1474]a

251 1034 340 1128 {333213
348 1029 425 1127 {gli
443 1033 498 1070 2r.
516 1032 646 1083 Paper.
663 1028 890 1082 Autograph
910 1028 1020 1069 draft.
1038 1027 1106 1069 Ed.
1124 1031 1278 1076 Brown,
1298 1027 1423 1076 Scala,
1442 1027 1585 1068 Platina
1605 1027 1677 1068 and
1693 1029 1895 1076 Lorenzo,'

166 1191 506 1240 Bartholomeus
528 1191 649 1238 Scala
669 1190 986 1238 Bartholomeo
1008 1188 1230 1237 Platinae¹.
1255 1189 1507 1237 Inciderunt
1528 1188 1697 1236 litterae
1719 1188 1773 1236 ad
1792 1206 1862 1236 me
1884 1203 1983 1236 tuae

166 1262 212 1307 in
248 1259 475 1307 infidelem
510 1259 799 1307 tabellarium.
837 1259 1022 1320 Aliquot
1059 1256 1195 1306 enim2
1231 1257 1427 1306 occultae
1461 1257 1551 1305 dies
1583 1255 1673 1304 vix³
1709 1257 1889 1305 tandem
1924 1255 1984 1304 et⁴

166 1330 405 1390 resignatae
424 1328 604 1390 quidem
622 1325 920 1389 prodierunt.5
940 1332 1193 1388 Utrumque
1215 1326 1451 1374 molestum
1474 1326 1571 1383 fuit,
1589 1325 1666 1373 sed
1684 1344 1810 1373 mora
1828 1325 1982 1373 moles-

165 1399 266 1445 tior.
287 1395 474 1444 Verum⁶
494 1398 554 1444 ita
572 1414 638 1444 res
656 1396 799 1443 habet.
818 1399 927 1443 Sunt
949 1395 1142 1457 epistolis
1163 1413 1338 1456 quoque
1357 1396 1423 1442 sui
1443 1413 1575 1442 casus.
1595 1399 1676 1442 Eas
1693 1394 1777 1455 legi
1796 1393 1984 1442 avidissi-

166 1485 251 1523 me,
291 1484 384 1513 non
424 1466 570 1513 minus
608 1465 786 1526 Dialogi
825 1483 1001 1526 quoque
1040 1458 1122 1512 tuib
1162 1464 1333 1525 legendi
1368 1461 1622 1511 studiosus.7
1660 1462 1982 1510 Percommode

166 1550 314 1583 autem
344 1534 398 1582 ad
424 1535 566 1582 civem
593 1534 841 1595 principem
872 1531 1075 1581 civitatis⁸
1105 1533 1211 1594 quid
1238 1534 1412 1594 optimo
1443 1533 1677 1580 conveniat
1705 1533 1790 1579 civi
1815 1531 1980 1588 scribis;

166 1622 308 1664 neque
326 1603 381 1650 ad
393 1603 642 1664 principem
661 1602 819 1658 solum,
838 1602 914 1649 sed
930 1601 984 1649 ad
998 1601 1302 1649 doctissimum
1321 1602 1480 1657 virum,
1498 1605 1728 1648 Musarum
1747 1600 1979 1656 cultorem,

165 1672 402 1719 bonarium
427 1672 631 1718 omnium
656 1671 817 1718 artium
837 1684 1099 1717 sectatorem
1118 1684 1159 1717 et
1180 1669 1350 1717 ducem.
1372 1667 1616 1716 Videorne9
1636 1668 1828 1716 tribuere
1849 1668 1980 1715 nimis

166 1739 306 1787 multa
333 1739 434 1786 huic
462 1740 613 1786 aetati?
638 1737 755 1786 Sed¹0
784 1738 893 1784 mihi
921 1738 1061 1794 crede,
1086 1738 1268 1794 Platina‚
1294 1737 1460 1785 laudari
1483 1755 1568 1798 pro
1594 1737 1760 1784 meritis
1785 1737 1887 1784 satis
1912 1735 1985 1783 illa

165 1809 304 1855 virtus
327 1826 421 1855 non
442 1822 602 1868 potest.

251 1874 435 1923 Proboll
461 1877 593 1923 etiam
616 1890 743 1923 tuum
769 1875 1001 1923 consilium
1027 1876 1101 1936 qui
1124 1878 1363 1922 Cosmumc
1385 1874 1683 1935 disputantem
1706 1873 1759 1921 de
1780 1874 1885 1921 civis
1907 1891 1981 1934 op-

166 1946 265 1992 timi
285 1944 440 1992 officio
459 1944 612 1992 feceris
630 1945 852 2005 optimum
875 1945 1016 1991 civem
1035 1943 1272 2004 lumenque
1294 1958 1335 1991 et
1354 1943 1484 1990 decus
1502 1943 1639 1990 totius
1659 1942 1796 1990 civilis
1815 1943 1980 2003 sapien-

166 2028 247 2061 tae.
278 2018 581 2074 Recognoscet
610 2031 698 2060 sese
728 2013 986 2060 Laurentius
1017 2013 1061 2058 in
1092 2011 1217 2059 dictis
1246 2012 1326 2059 avi.
1355 2016 1489 2059 Fama
1517 2012 1635 2058 enim
1663 2010 1914 2072 percrebuit
1942 2024 1984 2058 et

167 2082 277 2128 mihi
301 2083 361 2129 ita
380 2081 556 2129 videtur
577 2079 751 2128 avitos¹²
777 2099 935 2137 mores,
959 2081 1231 2141 gravitatem,
1251 2081 1509 2141 sapientiam
1532 2080 1592 2127 ita
1614 2078 1773 2127 referre
1795 2083 1981 2126 Lauren-

166 2151 279 2197 tium
309 2164 520 2210 nepotem
551 2164 599 2197 ut
627 2150 714 2196 iam
743 2149 965 2196 redditum
992 2149 1091 2196 urbi
1121 2147 1328 2196 nostrae¹³
1359 2148 1545 2196 alterum
1575 2151 1792 2195 Cosmum
1826 2165 1981 2194 omnes

167 2218 399 2266 fateantur:
426 2233 555 2279 atque
580 2219 639 2266 ita
664 2217 849 2265 alterum
874 2233 922 2265 ut
948 2217 1056 2264 nihil
1081 2232 1254 2279 praeter
1276 2232 1463 2265 aetatem
1486 2216 1641 2264 habeat
1666 2216 1865 2264 alterum:
1891 2216 1978 2264 ani-

166 2286 327 2335 mum¹⁴
365 2305 452 2335 esse
485 2285 726 2344 eundem,¹⁵
760 2286 877 2334 idem
911 2287 1150 2347 ingenium,
1185 2283 1418 2334 mentem¹⁶
1452 2285 1636 2333 eandem
1668 2303 1777 2346 quae
1809 2288 1980 2332 Cosmo

167 2356 311 2403 fuerit.

252 2427 393 2471 Certo
412 2425 504 2471 scio
527 2423 643 2484 apud
663 2423 796 2470 talem
816 2424 961 2470 virum
986 2424 1167 2470 minime
1190 2441 1300 2483 opus
1323 2423 1403 2469 erit
1424 2422 1602 2469 alicuius
1622 2422 1874 2482 patrocinio
1894 2418 1981 2468 ut¹⁷

165 2493 327 2553 scripta
349 2507 425 2539 tua
449 2510 547 2539 cara
567 2506 830 2552 acceptaque
853 2491 1007 2539 habeat
1031 2506 1072 2538 et
1097 2491 1282 2538 collocet
1307 2492 1422 2538 inter
1444 2490 1624 2538 delitias.
1650 2487 1832 2550 Ipsum18
1861 2490 1980 2536 enim

167 2562 373 2608 existimo
404 2561 506 2608 satis
537 2560 739 2607 doctrina
770 2560 1067 2620 elegantiaque
1097 2574 1172 2607 tua
1201 2560 1371 2620 scriptis
1404 2577 1490 2606 esse
1522 2559 1608 2605 tuis
1637 2558 1979 2619 patrocinatum.

166 2631 351 2685 Tamen,
370 2629 405 2676 si
425 2629 634 2685 evenerit,
651 2629 733 2675 viri
749 2628 857 2675 boni
878 2627 1034 2676 faciam
1052 2627 1268 2684 officium,
1290 2645 1370 2675 nec
1388 2627 1567 2674 meritae
1584 2626 1701 2674 laudi
1718 2640 1818 2673 tuae
1835 2625 1982 2682 deero,

167 2698 302 2758 magis
326 2697 436 2745 adeo
459 2712 507 2744 ut
530 2698 576 2744 in
600 2712 675 2744 tua
696 2696 922 2744 consulam
949 2715 1069 2744 meae
1093 2714 1224 2757 quam
1248 2695 1369 2757 quod
1391 2694 1472 2743 tu¹9
1497 2710 1647 2743 nostra
1669 2709 1742 2742 aut
1766 2692 1980 2742 alicuius20

167 2764 337 2826 egeas.²¹
373 2770 488 2813 Vera
522 2766 641 2813 enim
675 2765 812 2826 gloria
847 2763 932 2812 ex²²
968 2765 1106 2812 aliena
1138 2764 1295 2812 vocula
1328 2782 1420 2811 non
1454 2761 1666 2825 pendet.²³
1702 2767 1796 2824 Ipsa
1826 2780 1908 2824 per
1937 2780 1980 2810 se

248 2980 260 2995 ²
278 2979 350 3013 For
366 2975 429 3013 the
446 2975 537 3019 date,
556 2989 613 3013 see
633 2978 778 3019 Brown,
797 2974 915 3019 ‘Scala‚
935 2974 1072 3012 Platina
1087 2974 1158 3012 and
1175 2976 1365 3018 Lorenzo,'
1384 2977 1529 3011 328-29.

247 3029 262 3053 ¹³
278 3036 333 3072 De
348 3037 479 3083 optimo
497 3037 579 3078 cive,
599 3033 652 3072 ed.
672 3033 862 3078 G.Ferrau,
880 3033 1054 3078 Palermo,
1077 3037 1174 3077 1979;
1193 3034 1221 3070 it
1238 3046 1308 3070 was
1325 3031 1508 3070 dedicated
1523 3043 1563 3070 to
1582 3034 1746 3069 Lorenzo
1764 3030 1820 3069 de'
1837 3029 1981 3068 Medici.

167 3089 229 3124 See
252 3090 398 3130 Brown,
420 3086 546 3130 above,
569 3086 640 3124 and
661 3089 711 3123 N.
735 3086 961 3130 Rubinstein,
986 3085 1025 3122 ‘H
1049 3087 1130 3122 “De
1152 3086 1294 3133 optimo
1320 3085 1421 3122 cive’'
1441 3083 1499 3122 del
1521 3083 1682 3127 Platina,'
1704 3084 1743 3120 in
1764 3082 1980 3120 Bartolomeo

167 3139 290 3182 Sacchi,
310 3139 341 3177 Il
352 3139 504 3183 Platina,
523 3139 576 3177 ed.
597 3141 832 3187 A.Campa.na
851 3138 921 3176 and
938 3142 989 3176 M.
1008 3139 1168 3182 Masoni,
1189 3137 1315 3181 Padua,
1339 3140 1436 3181 1986,
1459 3140 1602 3174 137—44.

248 3201 262 3216 ⁶
280 3197 431 3234 Cosimo
451 3196 507 3234 de'
526 3196 670 3240 Medici,
691 3210 761 3234 one
780 3195 820 3233 of
835 3195 897 3233 the
915 3195 1169 3233 interlocutors
1186 3196 1225 3231 in
1241 3194 1303 3232 the
1320 3193 1494 3242 dialogue.
