2124 3464
144 168 374 202 PRIVATE
400 168 627 202 LETTERS
1886 164 1938 204 71

144 306 295 353 diceva
310 306 345 352 si
368 305 592 352 morebbe.
615 306 675 351 Di
695 306 770 366 poi
792 304 870 352 che
891 304 936 352 fu
956 306 1143 366 spiccata
1159 305 1199 353 la
1219 305 1441 367 bactaglia‚
1460 306 1654 354 volendo
1675 306 1740 354 far
1758 322 1894 354 trarre
1914 307 1953 355 la

143 373 388 421 bombarda
407 373 673 421 Ferrandina
693 388 735 420 et
755 373 926 420 avendo
947 391 1083 421 messa
1102 373 1142 421 la
1160 374 1337 435 polvere
1359 378 1395 421 e’
1415 376 1651 435 guastatori
1672 375 1849 423 dinanzi
1871 376 1952 423 alla

142 442 286 489 bocha
311 442 423 489 della
444 441 685 498 bonbarda,
713 441 965 488 mandando
989 441 1060 502 giu
1085 442 1122 489 el
1148 442 1378 490 chochone
1405 444 1448 489 in
1474 461 1566 490 uno
1590 458 1732 491 tracto
1753 447 1950 500 s'accese,

140 509 301 571 perche
334 528 405 557 era
435 528 595 557 ancora
625 524 789 570 troppo
822 509 956 566 calda,
987 525 1028 557 et
1058 510 1168 557 saltb
1200 509 1314 557 fuori
1348 510 1384 558 el
1417 510 1647 558 chochone
1681 526 1722 558 et
1753 513 1893 559 uccise
1927 530 1948 559 e

143 578 349 625 maciullb
379 579 492 625 circa
518 583 540 625 8
570 578 614 625 di
641 577 773 638 quelli
801 577 990 634 dinanzi,
1022 579 1066 624 in
1096 578 1232 626 modo
1261 578 1339 626 che
1368 580 1512 626 insino
1543 579 1702 627 dentro
1729 579 1810 627 alla
1836 595 1951 627 terra

139 646 408 693 schizorono
432 645 470 692 le
492 646 691 692 membra
713 645 757 692 di
778 646 1029 706 qualchuno
1050 661 1092 693 et
1111 646 1151 693 13
1172 646 1414 694 bombarda
1434 647 1581 703 ε’31Ζὸ,
1606 662 1647 694 et
1668 648 1736 695 nel
1760 648 1951 695 ricadere

139 713 211 774 giu
236 715 271 761 si
296 714 515 769 scomisse,
544 728 585 760 et
611 713 737 760 crede
760 715 820 761 sia
845 729 966 761 rocta
988 729 1030 761 et
1054 732 1190 775 ruppe
1218 714 1257 762 la
1280 715 1435 775 gamba
1460 733 1482 762 e
1509 715 1534 761 'l
1560 716 1735 762 braccio
1761 716 1798 763 al
1823 716 1946 763 born-

140 781 352 837 bardiere,
378 796 419 828 et
444 780 523 828 feri
548 799 640 828 uno
666 781 745 828 che
771 781 797 827 ’l
824 781 1061 829 chiamono
1089 782 1125 829 el
1152 783 1445 839 maiordomo‚
1474 798 1515 830 et
1538 787 1613 830 un'
1641 783 1754 830 altro
1778 783 1822 830 di
1847 802 1948 831 con-

140 849 323 905 ditione,
346 849 390 896 di
411 849 482 896 chi
505 867 596 896 non
617 850 650 896 si
674 849 845 897 ricorda
865 849 902 897 el
924 868 1069 897 nome.
1092 851 1203 898 Dice
1225 850 1383 898 mecho
1405 850 1484 898 che
1505 850 1527 898 ὲ
1546 866 1662 898 stato
1683 869 1775 899 uno
1797 852 1950 899 macel-

139 917 198 973 lo,
218 932 260 964 et
278 917 357 964 che
376 916 420 964 di
439 918 597 977 cinque
615 917 857 964 bombarde
877 917 956 965 che
974 933 1173 965 trassono
1192 918 1246 965 da
1260 919 1415 979 prima,
1436 937 1488 966 ve
1507 923 1626 966 n’era
1644 920 1788 966 insino
1808 938 1832 966 a
1849 921 1947 980 oggi

138 986 313 1032 sconcie
339 999 419 1041 tre,
447 985 526 1032 che
556 1003 646 1032 non
672 1000 896 1046 potevano
923 985 999 1046 piu
1026 1000 1176 1042 trarre3
1203 1001 1244 1033 et
1269 1004 1312 1033 se
1339 1001 1489 1047 questa
1516 986 1627 1034 fusse
1657 1002 1792 1044 rocta,
1820 1006 1947 1035 come

139 1052 281 1109 crede,
304 1071 396 1099 non
422 1053 465 1099 vi
488 1067 600 1100 resta
621 1071 664 1100 se
689 1071 780 1100 non
807 1053 949 1114 quella
971 1053 1015 1100 di
1040 1072 1200 1101 messer
1223 1059 1424 1102 Lorenzo
1450 1054 1487 1102 al
1511 1056 1675 1116 Poggio
1702 1055 1801 1103 dell'
1826 1057 1948 1103 Arci-

136 1136 275 1182 prete‚
297 1121 376 1168 che
397 1135 488 1168 trae
508 1121 588 1168 alle
609 1139 715 1168 case.
736 1125 788 1169 Se
809 1136 958 1183 queste
979 1140 1077 1169 cose
1096 1140 1209 1170 sono
1230 1141 1345 1179 vere,
1366 1123 1594 1184 Magnifici
1614 1125 1786 1184 Signori
1808 1125 1950 1181 Dieci‚

139 1190 200 1236 mi
220 1207 324 1250 pare
343 1189 423 1236 che
444 1189 681 1237 habbiamo
702 1189 823 1237 salvo
843 1190 986 1251 quella
1005 1205 1120 1238 terra
1136 1206 1178 1238 et
1196 1191 1305 1252 perf)
1324 1191 1575 1239 v'abbiamo
1596 1193 1761 1253 scripto
1782 1208 1950 1253 quanto

136 1259 280 1319 prima
311 1257 548 1305 habbiamo
577 1272 753 1318 potum,
786 1273 827 1305 et
856 1259 1141 1306 manderemo
1171 1274 1321 1320 questa
1349 1260 1428 1307 che
1454 1260 1658 1308 l’abbiate
1688 1261 1948 1318 domattina‚

137 1325 306 1373 benche
326 1327 467 1373 siamo
488 1327 595 1373 certi
615 1326 694 1373 che
717 1344 877 1374 ancora
896 1327 1143 1374 d'altronde
1164 1327 1392 1375 doverrete
1413 1346 1537 1376 avere
1555 1328 1631 1390 piu
1652 1330 1787 1390 presti
1808 1344 1850 1376 et
1868 1329 1944 1391 piu

137 1394 273 1441 chiari
293 1395 410 1441 avisi.
430 1395 525 1441 Noi
544 1395 684 1442 siamo
704 1396 779 1455 qui
798 1410 923 1442 tucto
941 1395 1087 1456 allegri
1106 1411 1256 1457 questa
1273 1415 1366 1444 sera
1384 1412 1426 1444 et
1440 1398 1560 1458 parci
1579 1415 1704 1444 avere
1723 1397 1841 1445 facto
1858 1417 1946 1445 una

137 1480 238 1509 cosa
255 1462 447 1518 rilevata‚
466 1480 591 1509 avere
609 1462 727 1509 facto
742 1463 937 1523 spichare
957 1463 997 1510 13
1013 1464 1230 1524 battaglia,
1249 1464 1366 1511 facto
1382 1479 1533 1525 questa
1551 1465 1887 1513 dimostratione
1907 1470 1944 1513 a'

137 1529 388 1590 Colligiani‚
412 1544 453 1576 et
474 1530 698 1577 condocto
718 1545 843 1577 tucto
863 1532 938 1591 qui
959 1531 995 1578 el
1016 1549 1174 1592 campo
1195 1533 1339 1579 insino
1361 1533 1436 1593 qui
1455 1532 1535 1579 alle
1555 1547 1703 1580 nostre
1723 1533 1884 1590 sbarre,
1906 1549 1947 1580 et

137 1597 174 1644 el
200 1600 329 1644 Duca
353 1597 577 1644 d’Urbino
604 1612 646 1645 et
670 1597 698 1644 il
723 1601 849 1645 Duca
874 1599 917 1646 di
943 1599 1161 1646 Calabriae
1185 1600 1330 1647 insino
1356 1601 1431 1661 qui
1456 1604 1524 1647 ne'
1551 1600 1653 1648 fossi
1679 1601 1781 1648 dov’
1808 1619 1943 1649 erano

135 1665 277 1712 l’altra
294 1680 439 1722 nocte3
461 1680 503 1712 et
523 1666 651 1713 Colle
671 1681 829 1713 stasera
848 1666 871 1714 ὲ
890 1666 1007 1714 facto
1026 1667 1063 1714 el
1083 1685 1163 1714 suo
1184 1686 1326 1715 cenno
1346 1668 1422 1729 piu
1444 1668 1561 1716 bello
1581 1684 1623 1716 et
1641 1669 1717 1730 piu
1738 1669 1943 1730 gaglardo

136 1733 216 1780 che
238 1751 399 1780 ancora
418 1735 495 1794 poi
519 1733 598 1781 che
619 1752 732 1781 sono
757 1735 843 1795 qui.

220 1800 413 1848 Deifebo
426 1801 541 1862 parti
556 1817 764 1849 stamane.
782 1804 1046 1850 Domattina
1059 1818 1182 1864 parte
1197 1804 1442 1852 Antonello
1458 1805 1619 1866 perche
1637 1805 1704 1853 da'
1723 1807 1942 1853 Commis-

133 1870 233 1916 sarii
255 1869 310 1916 da
326 1873 411 1916 San
433 1871 650 1917 Casciano
673 1870 694 1917 ὲ
715 1885 831 1918 stato
851 1871 940 1918 cosi
962 1873 1138 1932 scripto.
1164 1873 1383 1920 Restianci
1403 1891 1532 1920 sanza
1552 1873 1717 1930 cavalli,
1740 1889 1782 1921 et
1803 1876 1944 1935 questi

134 1936 244 1984 fanti
264 1937 350 1984 mal
369 1938 404 1985 si
423 1956 619 1999 possono
643 1938 879 1999 adoperare
896 1957 1025 1987 sanza
1044 1940 1081 1987 el
1102 1940 1250 1988 favore
1270 1956 1312 1988 et
1330 1941 1462 2002 spalle
1483 1941 1550 1989 de’
1571 1942 1746 2003 cavagli.
1769 1942 1945 1990 Credia-

134 2023 211 2052 mo
233 2005 385 2067 perci&
408 2006 487 2053 che
512 2006 639 2054 Colle
661 2025 741 2068 per
763 2007 945 2068 qualche
968 2008 1011 2055 di
1033 2009 1094 2056 sia
1113 2010 1258 2056 sicuro
1282 2009 1394 2057 dalla
1413 2010 1617 2071 battaglia
1638 2026 1679 2058 et
1699 2029 1779 2072 per
1801 2011 1944 2072 quella

134 2075 313 2134 cagione
336 2092 429 2121 non
453 2074 768 2135 bisognerebbe
794 2076 957 2123 cavalli.
983 2081 1060 2124 Ma
1079 2095 1123 2124 se
1147 2079 1343 2125 avessino
1367 2096 1390 2126 a
1411 2078 1499 2126 fare
1522 2079 1676 2126 alcuna
1698 2079 1806 2127 altra
1827 2098 1940 2136 cosa,

134 2160 226 2189 non
245 2143 283 2189 ci
301 2143 564 2190 riuscirebbe
584 2143 713 2191 nulla.
733 2148 786 2191 Et
804 2160 952 2205 queste
970 2144 1151 2193 fanterie
1167 2164 1279 2193 sono
1298 2165 1409 2194 anco
1426 2147 1568 2194 molto
1584 2148 1789 2195 sciemate
1805 2163 1847 2195 et
1864 2149 1939 2195 noi

133 2228 226 2257 non
255 2228 308 2257 ne
334 2212 557 2271 possiamo
586 2212 743 2259 vedere
770 2213 806 2259 el
835 2228 972 2260 conto
999 2229 1179 2274 apunto,
1206 2215 1366 2274 perche
1393 2233 1485 2262 non
1511 2217 1546 2262 si
1571 2216 1663 2276 pub
1691 2234 1771 2276 per
1795 2217 1944 2263 niente

133 2277 336 2324 condurli
357 2296 380 2324 a
397 2278 518 2325 farne
539 2294 704 2326 mostra
722 2294 764 2326 et
781 2280 1084 2340 spetialmente
1103 2296 1251 2342 queste
1271 2281 1453 2329 fanterie
1470 2281 1710 2330 Vinitiane⁵
1730 2283 1810 2330 che
1827 2302 1940 2331 sono

131 2363 193 2392 un
208 2363 326 2406 poco
343 2345 420 2406 piu
440 2346 665 2407 rigoglose.
687 2347 853 2407 Quello
872 2366 1033 2396 messer
1047 2351 1241 2396 Tomaso
1261 2349 1304 2397 di
1320 2350 1476 2398 Saluzo
1495 2369 1567 2398 era
1582 2351 1726 2398 molto
1743 2351 1780 2399 el
1799 2351 1938 2413 bisog-

133 2431 192 2460 no
216 2428 383 2461 nostro.

215 2485 383 2528 Stasera
402 2482 423 2529 ὲ
444 2497 613 2530 venuto
634 2483 746 2530 della
763 2483 957 2544 polvere,
979 2484 1131 2532 lodato
1151 2485 1259 2542 Idio,
1282 2501 1323 2533 et
1343 2486 1453 2534 delle
1473 2487 1599 2534 biade
1620 2505 1642 2534 e
1665 2487 1802 2535 farine
1823 2506 1847 2535 a
1866 2488 1942 2535 sal-

131 2564 354 2596 vamento.
379 2550 662 2598 Ricordianvi
684 2551 723 2598 le
743 2551 880 2599 lancie
902 2552 956 2599 da
972 2552 1042 2614 pie
1065 2571 1086 2600 e
1108 2553 1162 2601 da
1180 2554 1345 2601 cavallo
1366 2570 1407 2602 et
1427 2554 1568 2602 l'altra
1587 2556 1835 2603 munitione
1859 2556 1939 2603 che

131 2617 367 2664 v’abbiano
390 2618 565 2666 chiesta.

210 3071 223 3085 ‘³
241 3067 503 3106 Commanders
522 3068 564 3106 of
578 3068 640 3106 the
656 3069 994 3119 papal-Neapolitan
1010 3085 1122 3119 army:
1141 3071 1308 3116 Alfonso,
1325 3071 1421 3110 duke
1437 3072 1479 3110 of
1495 3073 1669 3117 Calabria,
1687 3073 1795 3111 eldaet
1813 3088 1883 3111 son
1898 3074 1939 3112 of

130 3117 217 3166 king
232 3121 411 3163 Fert-ante,
425 3119 496 3158 and
511 3119 679 3169 Federigo
697 3121 738 3158 of
751 3121 1000 3166 Momefehm,
1015 3122 1112 3160 duke
1126 3123 1167 3161 of
1180 3124 1337 3168 Urbino‚
1352 3123 1450 3162 from
1468 3128 1555 3163 1474
1572 3127 1768 3163 Ferrante's
1784 3127 1940 3174 Captain

130 3170 285 3208 General
303 3170 374 3208 and
392 3171 634 3210 Gonfalonier
650 3172 691 3210 of
705 3172 768 3211 the
786 3173 947 3212 Church.
