2124 3458
126 162 309 195 ESSAYS
1837 158 1928 198 339

210 313 426 360 quantum
454 313 496 346 et
522 299 625 359 ipse,
653 299 728 359 qui
753 313 795 346 et
820 299 1041 360 comptius
1068 317 1244 347 carmen
1271 314 1313 347 et
1338 300 1572 361 expolitius
1600 302 1849 348 orationem

210 366 401 414 condere
432 384 476 414 es
506 366 673 423 solitus,
709 368 945 414 convenire
979 367 1132 415 melius
1165 367 1307 415 multo
1341 386 1473 429 quam
1506 370 1580 429 qui
1613 368 1773 417 laboris
1806 385 1849 417 et

207 434 342 482 studii
371 434 498 482 huius
526 435 756 496 inexperti,
783 450 856 482 aut
884 435 992 481 nihil
1022 436 1210 483 omnino
1236 436 1384 497 legisse
1412 451 1485 484 aut
1512 436 1651 484 aliena
1677 452 1851 485 tantum

209 503 464 563 cognovisse
489 503 689 550 contenti
709 518 825 559 sunt,
848 504 1077 564 veriusque
1101 503 1302 551 didicisti.
1325 504 1444 552 Vale.

123 608 243 653 Cum
271 605 437 666 pedum
468 623 538 652 me
566 605 741 653 dolores
769 605 1017 653 detinerent
1043 606 1180 663 domi,
1210 608 1311 654 veni
1338 608 1383 654 in
1412 601 1660 655 Pinthiumd
1689 609 1935 656 Bernardus

122 673 453 729 Machiavellus,
471 674 635 721 amicus
655 688 697 721 et
714 673 937 721 familiaris
958 692 1093 731 meus,
1111 690 1160 722 ut
1180 693 1250 722 me
1267 676 1437 723 viseret.
1458 680 1674 736 Ingressus
1695 677 1740 723 in
1760 677 1933 724 cubicu-

122 741 230 798 lum,
258 759 359 788 cum
384 741 622 798 salutasset,
647 741 844 790 consedit
868 742 923 790 ad
945 742 1109 790 focum.
1137 747 1298 791 Bruma
1320 744 1438 791 enim
1464 759 1555 792 erat
1578 759 1620 792 et
1642 763 1723 806 per
1745 763 1819 793 eos
1843 745 1934 793 dies

123 814 282 857 Boreas
318 828 420 857 cum
455 809 679 871 perflasset
717 811 1017 872 impetuosius,
1058 811 1311 873 oppleverat
1348 827 1522 860 montes
1559 814 1725 860 circum
1763 814 1933 861 vicinos

122 878 297 925 nivibus
326 892 375 925 ut
405 879 557 925 omnia
585 893 692 926 tunc
722 880 856 939 magis
885 880 1073 940 rigerent
1102 880 1199 940 gelu
1229 895 1271 927 et
1300 880 1462 941 frigora
1489 881 1633 929 multo
1662 883 1862 942 graviora
1890 897 1932 930 et

122 946 377 992 molestiora
393 946 661 993 viderentur.
679 948 866 1007 Rogavit
883 947 1041 994 deinde
1055 947 1108 995 de
1120 948 1314 1008 podagra
1329 966 1399 995 me
1415 964 1464 995 ut
1482 949 1713 1006 habuisset,
1733 965 1863 1011 atque
1877 951 1932 997 ad

121 1013 361 1061 curandam
390 1015 515 1061 omni
546 1012 774 1062 industria¹
804 1015 1093 1063 valitudinem
1120 1017 1257 1063 amice
1286 1016 1528 1064 admodum
1557 1017 1845 1065 vehementer
1869 1033 1931 1066 est

121 1081 391 1129 cohortatus.
412 1085 531 1129 Cum
552 1097 699 1130 autem
718 1083 1038 1144 respondissem
1058 1083 1224 1145 aliquot
1244 1102 1314 1132 me
1332 1084 1423 1132 dies
1440 1084 1655 1133 laborasse
1675 1104 1727 1133 ex
1743 1086 1930 1147 pedibus

120 1165 162 1197 et
194 1151 374 1211 egissem
408 1152 591 1211 gratiam
625 1166 667 1198 et
697 1148 835 1212 quod²
870 1151 924 1199 ad
955 1170 1025 1199 me
1056 1152 1287 1200 visendum
1320 1155 1560 1201 accessisset
1594 1169 1635 1202 et
1668 1154 1790 1215 quod
1822 1155 1933 1203 adeo

118 1218 362 1279 prudenter
382 1237 509 1266 curae
531 1219 828 1267 admonuisset
852 1220 1118 1278 valitudinis,
1140 1221 1301 1269 silentii
1324 1221 1488 1283 aliquid
1507 1222 1789 1270 subsecutum
1814 1239 1890 1271 est.

204 1287 341 1334 Paulo
369 1287 527 1335 deinde
551 1303 652 1349 post
682 1289 996 1349 ‘Carnisprivia
1025 1293 1155 1346 sunt,’
1186 1291 1343 1351 inquit,
1373 1294 1430 1338 ‘et
1455 1305 1504 1338 tu
1531 1292 1771 1339 iuventutis
1801 1291 1928 1340 huius

120 1370 294 1402 nostrae
310 1355 518 1416 percalles
536 1374 693 1403 mores.
715 1356 950 1417 Lapidibus
968 1375 1123 1404 omnes
1140 1358 1259 1405 urbis
1279 1358 1486 1406 infestant
1503 1360 1606 1415 vias;
1626 1360 1765 1407 sicubi
1784 1361 1928 1407 otium

118 1437 181 1470 est
208 1419 246 1470 a³
273 1423 503 1484 lapidibus,
533 1423 768 1471 obstruunt
799 1425 940 1472 aditus
964 1426 1135 1472 viarum
1162 1441 1204 1473 et
1229 1424 1409 1487 tigillos⁴
1435 1442 1671 1488 opponunt
1700 1428 1931 1488 gradienti-

117 1490 198 1538 bus
221 1492 342 1552 quasi
366 1491 670 1552 repugnacula,
694 1511 774 1539 nec
795 1494 977 1540 transire
998 1493 1179 1541 ulterius
1200 1495 1292 1542 sine
1314 1495 1425 1556 stipe
1446 1494 1560 1543 licet.
1584 1499 1689 1555 Qua
1706 1496 1931 1557 persoluta

116 1559 250 1606 semel
284 1559 396 1607 bene
433 1560 570 1621 (quod
604 1561 726 1608 aiunt
760 1562 934 1608 evenire
967 1580 1068 1609 cum
1104 1559 1383 1610 Charon‹t›e⁵
1418 1563 1473 1610 ad
1502 1565 1695 1625 Stygem)
1733 1580 1933 1625 ageretur

118 1627 350 1674 nobiscum
375 1629 410 1674 si
433 1627 591 1675 deinde
611 1626 759 1675 ceteri⁶
781 1647 957 1690 quoque
981 1631 1187 1678 transitus
1208 1630 1365 1678 fierent
1386 1632 1617 1679 immunes.
1644 1633 1803 1679 Incidis
1823 1651 1928 1693 quo-

117 1712 307 1755 cumque
332 1710 375 1742 te
397 1697 530 1742 vertis
554 1697 599 1741 in
625 1714 771 1756 capses
793 1715 934 1744 novos
960 1712 1003 1744 et
1026 1715 1142 1745 nova
1162 1699 1303 1759 pretia
1326 1713 1659 1760 extorquentur.
1684 1700 1824 1759 Quod
1849 1702 1930 1748 etsi

117 1762 360 1810 admodum
379 1763 553 1810 incivile
570 1778 647 1820 est,
663 1778 813 1811 tamen
830 1766 1009 1826 antiqua
1025 1766 1341 1814 consuetudine
1360 1781 1489 1828 atque
1505 1767 1776 1828 indulgentia
1792 1768 1928 1816 libere

117 1830 296 1877 ridetur.
315 1831 400 1878 Sed
418 1849 467 1878 ea
480 1832 761 1892 potissimum
785 1850 910 1880 causa
926 1832 1009 1880 fuit
1027 1851 1106 1880 cur
1120 1834 1285 1881 tardius
1303 1834 1447 1882 multo
1465 1853 1597 1896 quam
1616 1835 1852 1883 voluissem
1873 1836 1928 1883 ad

115 1913 159 1945 te
178 1899 391 1946 venirem.
415 1899 640 1947 Ardebam
662 1901 781 1947 enim
803 1900 1019 1948 desiderio
1040 1902 1218 1949 videndi
1239 1904 1304 1950 tui
1326 1918 1455 1964 atque
1474 1903 1741 1965 alloquendi,
1765 1922 1817 1951 ex
1838 1923 1928 1965 quo

115 1981 158 2013 te
179 1967 226 2013 in
248 1967 458 2014 morbum
485 1968 684 2015 incidisse
708 1973 948 2016 noveram.’

202 2037 333 2082 ‘Tum
355 2036 444 2096 ipse
464 2036 636 2097 lepide,'
660 2038 854 2098 inquam,
876 2041 1050 2085 ‘narras
1071 2038 1155 2086 Sed
1174 2057 1223 2086 ea
1240 2039 1349 2086 mihi
1369 2037 1779 2101 carnispriviorum⁷
1798 2041 1928 2088 licen-

115 2104 176 2150 tia
196 2121 323 2164 saepe
346 2104 485 2151 videri
509 2105 645 2152 nimia
667 2105 792 2161 solet,
817 2120 859 2152 et
881 2105 1086 2153 detestari
1108 2108 1240 2154 etiam
1263 2122 1305 2155 et
1325 2109 1618 2168 perniciosam
1642 2124 1797 2169 putare
1820 2113 1927 2156 Cos-

116 2189 213 2218 mus
237 2169 466 2228 Medices,⁸
488 2188 615 2233 pater
633 2174 799 2234 patriae
821 2171 1028 2231 nostrae,⁹
1051 2176 1392 2236 sapientissimus
1419 2177 1537 2233 civis,
1563 2178 1805 2224 consuevit.
1831 2179 1926 2237 Qui

115 2254 331 2299 quantum
369 2241 501 2287 etiam
538 2259 630 2288 non
664 2241 879 2302 probabat
917 2243 1039 2303 quod
1073 2261 1297 2305 usurpasse
1335 2244 1491 2292 crebro
1527 2246 1648 2293 aiunt
1683 2245 1925 2293 Nicolaum

115 2305 391 2365 Uzanum,⁶¹⁰
418 2309 529 2356 male
553 2309 800 2357 habituram
826 2311 1049 2358 civitatem
1071 2327 1280 2369 nostram,
1304 2331 1405 2360 curn
1429 2331 1478 2360 ea
1496 2328 1699 2375 tempora
1721 2314 1927 2362 advener-

115 2376 195 2431 int,
213 2376 371 2436 quibus
391 2377 653 2424 iuvenilibus
672 2379 726 2425 sit
745 2378 810 2425 his
828 2379 1066 2426 carendum
1082 2380 1206 2427 ludis.
1227 2382 1400 2438 Instrui,
1417 2382 1580 2429 scilicet
1598 2382 1727 2430 bonis
1745 2383 1923 2439 artibus,

114 2458 156 2489 et
173 2443 336 2490 discere
350 2445 494 2504 prima
510 2460 649 2492 aetate
660 2446 942 2506 prudentiam
959 2449 1304 2509 gravitatemque
1320 2449 1493 2496 civilem
1510 2453 1701 2497 Cosmus
1721 2450 1925 2507 malebat,

115 2528 207 2557 non
228 2512 388 2558 irritari
409 2511 630 2560 fervorem
649 2515 800 2561 aetatis
818 2529 860 2562 et
878 2515 993 2571 addi,
1013 2530 1061 2563 ut
1082 2517 1141 2563 ita
1157 2516 1357 2573 dixerim,
1380 2518 1627 2574 insanienti,
1648 2518 1770 2579 quod
1791 2520 1925 2579 magis

112 2580 249 2639 possit
274 2579 449 2627 efficere
471 2581 686 2628 insanum.
710 2586 763 2629 Et
785 2583 830 2628 in
854 2582 919 2630 his
940 2583 1119 2644 quidem
1140 2602 1248 2645 quae
1269 2600 1482 2645 geruntur
1501 2586 1554 2633 ab
1578 2586 1656 2642 his,
1679 2588 1923 2634 maximum

114 2646 340 2707 quoddam
368 2662 410 2695 et
438 2648 492 2695 ad
517 2649 729 2709 agendam
755 2651 892 2698 vitam
920 2666 962 2698 et
989 2651 1044 2698 ad
1068 2652 1302 2712 gerendam
1330 2671 1422 2700 rem
1448 2653 1671 2714 publicam
1703 2656 1922 2702 momenti

115 2715 239 2762 inest.
257 2718 367 2763 Sunt
384 2717 502 2763 enim
520 2718 822 2765 universarum
841 2720 1066 2767 actionum
1085 2736 1334 2768 nostrarum
1352 2740 1461 2782 quae
1476 2723 1697 2784 principio
1715 2723 1928 2771 inhaeres-

114 2798 219 2830 cunt
243 2785 403 2831 nostris
427 2786 597 2841 animis,
621 2801 669 2833 ut
693 2787 738 2832 in
761 2787 983 2844 aedificiis,
1007 2790 1127 2849 quasi
1150 2788 1400 2836 firmissima
1422 2788 1733 2850 pedamenta,¹¹
1757 2809 1867 2852 quae
1889 2793 1924 2838 si

191 2997 209 3022 ‘¹
226 3003 351 3042 Scala‘s
371 3004 483 3043 house
501 3006 540 3042 in
558 3009 675 3054 Borgo
695 3008 802 3045 Pinti.

193 3067 206 3081 ⁶
228 3063 385 3101 Niccolo
408 3063 453 3101 da
476 3067 627 3102 Uzzano
653 3065 882 3114 (1359-1431)
909 3081 979 3105 was
1003 3081 1075 3105 one
1097 3067 1139 3105 of
1157 3068 1219 3106 the
1241 3068 1373 3107 leaders
1397 3069 1439 3107 of
1458 3069 1521 3107 the
1543 3071 1761 3108 aristocratic
1782 3070 1928 3108 Albizzi

112 3113 250 3151 faction
270 3115 310 3151 in
331 3114 394 3153 the
419 3119 533 3160 1420s,
559 3117 775 3161 ADainelli,
798 3118 966 3156 ‘Niccolo
988 3119 1034 3157 da
1057 3123 1207 3158 Uzzano
1232 3120 1324 3158 nella
1347 3122 1419 3159 vita
1439 3121 1587 3170 politioe
1607 3122 1666 3160 dei
1685 3124 1767 3160 suoi
1789 3124 1928 3171 tempi,’

109 3165 277 3203 Archivio
293 3170 416 3204 storico
436 3167 591 3211 italiano,
609 3173 710 3212 serJ,
734 3173 774 3206 17
793 3170 919 3217 (1932),
940 3174 1064 3214 35—86,
1087 3175 1253 3210 185-216.
