2124 3458
212 165 304 206 410
1825 169 1963 202 PART
1988 170 2019 202 v

213 327 395 356 munere
440 306 759 355 claruerunt.¹⁴⁷
802 312 912 354 Non
955 322 1016 354 est
1059 305 1257 354 autem¹⁴⁸
1303 324 1459 367 operae
1499 307 1706 367 pretium,
1721 321 1768 353 ut
1785 306 1894 352 mihi
1909 306 2024 354 vide-

212 392 297 434 tur,
335 392 382 424 ut
419 374 941 437 plures¹⁴⁹enumererem
981 393 1033 422 ne
1070 375 1256 422 scribere
1293 374 1347 422 ad
1382 374 1661 421 ostentandas
1699 374 1899 421 historias
1937 392 2023 421 ma-

211 443 326 506 gis150
373 463 504 506 quam
547 444 601 492 ad
640 441 923 491 veritatem¹51
967 458 1095 504 atque
1138 444 1437 490 necessitatem
1477 442 1742 489 defensionis
1785 443 2022 490 existimari

210 514 389 574 possim.
475 516 594 559 Cum
636 527 677 559 et
719 511 824 558 haec
863 512 947 558 iam
990 509 1227 558 forsitan152
1270 510 1383 558 dicet
1423 510 1588 571 aliquis:
1606 508 1887 569 Quorsum¹⁵³
1933 525 2025 557 tam

213 581 352 629 multa
375 581 428 628 de
450 580 680 642 prophetis
707 583 723 627 ?
747 585 810 627 Ut
836 598 927 626 non
952 579 1061 626 adeo
1085 579 1358 626 admirentur
1381 578 1558 639 quidam
1583 576 1885 639 ducantque¹⁵⁴
1912 579 2027 626 inter

213 668 261 697 ea
286 668 395 710 quae
421 649 517 696 fieri
544 667 636 695 non
662 649 846 709 possint,
862 649 896 695 si
925 666 1004 694 nos
1030 665 1205 708 quoque
1233 661 1490 708 tempestate
1518 644 1647 694 hac¹⁵⁵
1665 646 1854 707 aliquem
1880 646 2022 694 huius-

213 718 336 764 modi
362 717 656 773 habuerimus,
684 734 764 763 nec
784 717 838 763 sit
862 717 995 776 magis
1019 716 1156 762 nostri
1180 733 1296 762 nunc
1320 715 1481 762 oblitus
1505 718 1640 771 Deus,
1664 715 1738 775 qui
1757 714 2025 775 profitemur

213 786 459 841 Christum,
478 784 622 832 filium
646 782 803 840 eius,¹⁵⁶
829 802 961 844 quam
982 783 1089 830 olim
1114 783 1447 830 Hebraeorum.
1464 787 1517 830 Et
1538 782 1741 843 profecto
1764 782 1902 829 multa
1920 797 2021 830 sunt

210 854 521 915 praenuntiata
546 852 687 909 nobis,
705 870 814 913 quae
842 867 883 899 et
910 852 969 899 ita
992 866 1040 898 ut
1065 866 1166 898 sunt
1192 852 1498 912 praenuntiata
1525 844 1762 907 evenere,bb
1789 850 1911 911 quod
1936 865 2027 897 tan-

213 922 315 969 dem
334 922 426 969 veri
443 921 686 982 prophetae
705 920 968 981 significatio
989 935 1065 976 est,
1080 934 1127 967 ut
1146 921 1191 966 in
1210 920 1568 967 Deuteronomio
1589 920 1801 979 scriptum
1820 918 2024 979 legitur.cc

297 990 443 1038 Velim
462 1008 570 1037 vero
588 989 735 1037 dicant
753 990 827 1050 qui
846 1007 926 1036 nos
945 990 1195 1049 vituperant
1214 988 1320 1049 quid
1338 1006 1542 1035 erremus.
1563 987 1794 1048 Prophetis
1815 986 1948 1034 credo
1965 986 2025 1034 di-

213 1074 313 1106 cent
336 1059 494 1106 talibus
518 1076 610 1105 non
634 1072 840 1118 oportere
865 1057 1000 1104 fidem
1023 1075 1123 1104 esse.
1148 1061 1208 1104 At
1232 1071 1408 1117 oportet
1431 1055 1635 1117 profecto
1656 1073 1757 1103 vera
1777 1055 2023 1102 dicentibus

213 1127 404 1183 credere,
421 1127 502 1174 nisi
518 1126 704 1173 velimus
722 1125 1009 1173 condemnari
1026 1125 1077 1172 ab
1095 1124 1306 1172 Abacuch
1322 1124 1553 1185 propheta,
1571 1125 1645 1185 qui
1662 1125 1733 1171 ait:
1753 1124 1862 1183 ‘Qui
1878 1138 2025 1171 autem

214 1195 463 1243 incredulus
481 1196 577 1252 erit,
596 1213 689 1242 non
707 1195 787 1242 erit
804 1195 949 1241 anima
965 1195 1054 1241 eius
1074 1193 1306 1241 iustificata
1320 1194 1365 1239 in
1382 1194 1629 1253 semetipso.
1652 1197 1790 1240 Iustus
1809 1207 1957 1239 autem
1973 1210 2026 1239 ex

213 1264 301 1311 fide
324 1258 507 1311 vivit.'dd
533 1267 716 1319 ‘Iustus,'
748 1264 904 1323 inquit,
933 1263 1055 1309 ‘vivit
1081 1280 1132 1309 ex
1157 1262 1273 1318 fide,'
1301 1276 1348 1309 ut
1373 1261 1440 1308 vel
1468 1261 1569 1308 hinc
1595 1261 1879 1308 coniiciamus
1904 1278 2026 1321 pseu—

213 1332 517 1394 doprophetis,
551 1331 674 1388 idest,
704 1331 808 1378 falsa
834 1330 1200 1392 praedicentibus,
1231 1330 1479 1391 negandum
1510 1330 1568 1377 ita
1594 1347 1812 1376 assensum
1845 1346 1947 1385 esse,
1976 1342 2025 1376 ut

212 1402 325 1449 veris
354 1400 603 1448 adhibenda
632 1400 740 1447 fides
771 1415 845 1447 est.
876 1400 1134 1447 Praesertim
1164 1417 1264 1446 cum
1296 1398 1403 1445 nihil
1434 1395 1618 1445 errari¹⁵⁷
1650 1399 1694 1444 in
1725 1415 1774 1445 ea
1801 1415 1845 1444 re
1872 1398 2023 1458 possit,

212 1474 372 1530 Moyse
399 1469 587 1516 docente
611 1469 655 1514 in
680 1465 1092 1515 Deuteronomio¹⁵⁸
1119 1482 1166 1514 ut
1191 1485 1319 1527 supra
1343 1466 1545 1523 diximus,
1574 1466 1730 1526 quibus
1756 1465 2026 1512 credendum

213 1553 286 1585 aut
321 1556 413 1584 non
448 1537 718 1584 credendum
750 1537 817 1583 sit.
853 1533 1104 1583 Tandem¹⁵⁹
1140 1534 1544 1596 quomodocunque
1581 1552 1646 1581 res
1680 1531 1903 1590 habeat,¹⁶⁰
1940 1533 2025 1580 hoc

214 1624 294 1666 ego
323 1606 461 1653 ausim
491 1623 689 1652 asserere.
719 1605 820 1651 Nisi
849 1607 971 1651 Deus
1000 1618 1161 1660 noster,
1191 1607 1312 1650 Deus
1343 1602 1740 1650 misericordiarum
1773 1616 1814 1649 et
1839 1602 2027 1662 pietatis,

212 1678 335 1722 Deus
370 1675 527 1735 quietis
561 1688 602 1721 et
634 1674 770 1720 totius
805 1670 1183 1729 consolationis,¹“1
1222 1690 1302 1733 per
1333 1671 1520 1732 angelos,
1553 1689 1633 1732 per
1662 1670 1914 1731 prophetas,
1948 1687 2028 1731 per

212 1744 316 1800 visa,
344 1761 425 1804 per
452 1760 745 1803 quancunque
774 1742 984 1788 virtutem
1013 1738 1211 1788 salutis¹⁶2
1242 1755 1415 1787 nostrae
1444 1738 1657 1787 ineffabili
1686 1757 1766 1786 nos
1795 1738 2029 1786 clementia

213 1812 510 1867 admonuerit,
548 1810 795 1871 periculum
837 1807 976 1857 esseff'3
1019 1807 1125 1856 ne1<>4
1166 1827 1257 1856 non
1298 1808 1434 1855 modo
1474 1826 1525 1855 ex
1565 1807 1629 1854 his
1667 1808 1780 1854 vitae
1818 1806 2026 1854 fluctibus

214 1878 359 1927 non¹⁶⁵
403 1897 676 1940 emergamus
716 1878 965 1939 aliquando,
1006 1877 1081 1925 sed
1119 1895 1172 1924 ne
1211 1878 1447 1924 stationem
1486 1875 1664 1937 quidem
1704 1875 1908 1936 aliquam,
1947 1874 2023 1922 ubi

213 1950 516 2004 consistamus,
547 1966 599 1995 ne
622 1962 819 2008 portum,
846 1944 1056 2003 dicam,¹⁶⁶
1083 1961 1123 1993 et
1146 1945 1393 2007 perfugium
1421 1945 1692 1992 miseriarum
1720 1943 1875 1991 harum
1899 1944 2027 2004 respi-

214 2035 309 2064 cere
340 2018 569 2077 possimus.
608 2021 707 2062 Nos
740 2030 856 2062 certe
887 2016 931 2061 in
965 2015 1124 2061 nostris
1154 2014 1370 2075 periculis,
1406 2031 1514 2074 quae
1545 2028 1636 2060 tam
1669 2012 1807 2059 multa
1835 2012 2026 2072 perpessi

212 2103 376 2141 sumus,
422 2084 593 2132 nullum
635 2083 798 2131 fuimus
840 2084 1007 2144 experti
1045 2083 1313 2143 praesentius
1352 2081 1574 2129 auxilium.
1619 2081 1752 2137 Hinc,
1794 2079 2027 2140 tyrannide

214 2168 376 2210 amota,
410 2153 668 2200 asseruimus
702 2166 874 2199 nosmet
909 2149 1007 2197 in¹⁶⁷
1039 2151 1299 2198 libertatem.
1333 2151 1453 2197 Hinc
1485 2149 1558 2197 diu
1590 2150 1736 2196 eiectis
1766 2148 2027 2209 afflictisque

215 2222 385 2269 reddita
408 2221 588 2268 tandem
610 2221 752 2281 patria
776 2235 837 2267 est
863 2220 1042 2280 optimis
1070 2219 1249 2275 civibus,
1278 2237 1418 2279 neque
1443 2218 1570 2265 aliam
1595 2217 1729 2264 ullam
1755 2217 1813 2264 ob
1840 2234 2027 2272 causam,

215 2291 296 2337 nisi
322 2290 379 2337 ob
407 2289 618 2336 invidiam
644 2303 685 2336 et
709 2289 871 2335 civium
898 2289 1012 2335 inter
1032 2306 1075 2335 se
1099 2288 1407 2334 contentiones
1431 2285 1718 2333 exulantibus.
1747 2285 1867 2332 Hinc
1891 2298 2032 2331 errata

215 2357 423 2405 omnibus
445 2357 757 2404 humanissime
780 2356 1044 2412 condonata,
1063 2370 1110 2402 ut
1128 2355 1218 2415 lege
1236 2356 1367 2402 etiarn
1385 2354 1471 2401 lata
1487 2353 1611 2401 fieret
1629 2354 1831 2400 omnium
1854 2353 1969 2399 inter
1983 2370 2027 2399 se

216 2427 379 2473 civium
416 2425 735 2473 discordiarum
771 2424 1064 2485 odiorumque
1104 2423 1317 2470 oblivio.ee
1354 2424 1474 2469 Hinc
1510 2421 1770 2482 reipublicae
1807 2420 1951 2468 forma
1987 2434 2028 2467 et

214 2493 488 2555 gubernandi
513 2493 671 2540 modus
696 2493 932 2539 institutus.
960 2490 1130 2539 Hinc¹⁶⁸
1156 2493 1201 2538 in
1224 2491 1327 2547 dies,
1350 2490 1473 2546 idest,
1496 2490 1775 2537 admonitore
1799 2503 1840 2536 et
1862 2503 2026 2535 monst-

217 2577 360 2609 ratore
391 2565 506 2618 Deo,
539 2561 679 2608 multa
709 2561 832 2608 domi
866 2560 1057 2621 forisque
1090 2560 1256 2607 utiliter
1286 2556 1653 2606 administrata.¹⁶⁹
1687 2558 1806 2604 Hinc
1837 2574 1933 2618 spes
1965 2571 2027 2603 est

216 2628 459 2691 denique¹⁷0
485 2630 716 2691 pristinam
744 2647 823 2676 nos
848 2628 1105 2689 dignitatem
1131 2646 1222 2674 non
1249 2641 1579 2688 recuperaturos
1605 2625 1755 2681 modo,
1782 2624 1858 2672 sed
1882 2639 2027 2672 auctu-

296 2848 327 2872 Μ’
349 2853 536 2901 Referring
556 2852 640 2890 here
656 2864 696 2890 to
717 2851 962 2890 Savonarola's
980 2850 1198 2900 prophesies,
1219 2851 1258 2887 in
1276 2849 1330 2887 his
1352 2849 1606 2898 Compendium
1624 2847 1900 2891 Revelationum,
1919 2860 2030 2895 many

216 2906 399 2997 ffiggch
419 2921 513 2944 were
533 2905 696 2950 fulfilled‚
717 2919 773 2943 see
796 2905 1055 2948 D.Weinstein‚
1077 2903 1286 2942 Savonarola
1307 2903 1381 2941 and
1399 2902 1564 2946 Florence,
1586 2902 1790 2945 Princeton,
1809 2903 1901 2948 N.J.,
1927 2903 2025 2944 1970,

298 3021 324 3035 ⁰⁶
341 3019 508 3055 Deut.18:
529 3020 652 3054 21-22.

297 3069 329 3094 (Μ
348 3074 560 3112 Habak.224.

298 3138 323 3152 ⁶⁶
350 3132 446 3171 Scala
472 3132 579 3170 refers
604 3144 643 3170 to
670 3131 733 3170 the
758 3131 826 3169 law
853 3130 893 3169 of
918 3144 1022 3180 peace
1048 3129 1118 3168 and
1143 3141 1304 3178 amnesty
1331 3128 1453 3178 passed
1480 3142 1514 3166 as
1541 3142 1561 3166 a
1587 3126 1694 3165 result
1719 3126 1760 3165 of
1783 3125 2029 3164 Savonarola’s

218 3185 398 3223 inssuence
417 3199 468 3223 on
488 3188 528 3222 19
547 3184 675 3222 March
696 3187 793 3228 1495,
814 3183 867 3221 ed.
889 3183 1042 3227 Cadoni,
1062 3183 1101 3219 in
1116 3184 1343 3225 Prouvisioni,
1365 3184 1432 3225 cit„
1455 3183 1598 3218 108-18.
