2124 3458
139 185 322 219 EsSAYs
1844 179 1930 220 391

898 325 963 368 95.
988 322 1094 368 Dies
1114 325 1187 378 [Π]

976 389 1037 444 Bi,
1060 394 1110 435 7r

136 496 278 552 ‹E›gre
299 492 402 538 Diei
423 506 512 538 erat
533 492 647 538 mori
669 492 831 538 totiens
851 506 980 552 atque
1001 491 1115 538 hosti
1136 492 1275 538 Nocti
1296 492 1460 539 cedere.
1482 496 1630 553 Itaque
1650 493 1694 539 in
1716 511 1812 540 eam
1834 494 1941 540 iniu-

138 560 246 606 riam
264 574 494 620 parentem
513 558 660 606 Solem
681 559 915 605 invocavit.
936 558 1046 606 Solis
1067 560 1210 619 itaque
1231 560 1404 606 monitu
1426 559 1551 607 durat
1573 560 1663 607 dies
1680 575 1942 621 paren‹tem›

135 641 321 682 secutus,
346 644 501 687 neque,
524 626 645 687 quod
668 627 812 673 minus
836 626 956 673 docti
978 625 1091 673 forte
1111 641 1391 687 putaverunt,
1414 628 1545 674 sentit
1568 628 1809 675 interitum.

941 766 1006 809 96.
1031 763 1139 809 Satis

944 830 1007 886 Bi,
1029 835 1136 876 7r-v

136 931 254 978 Bella
267 932 378 978 acies
395 946 471 978 est.
488 930 720 978 Dederunt
738 932 920 978 nomina
936 931 1012 978 sed
1030 931 1223 978 hostium
1243 931 1351 978 nihil
1369 946 1444 979 est.
1462 936 1583 979 Nam
1602 950 1743 993 neque
1761 950 1941 993 magnae

135 1017 241 1060 opes
266 1013 382 1055 sunt,
412 1016 546 1046 nemo
573 998 726 1055 inhiat;
754 1017 894 1060 neque
920 999 1030 1046 adeo
1054 1014 1276 1060 praestans
1301 1014 1363 1047 est
1389 999 1580 1057 fortuna,
1609 1019 1700 1048 non
1728 1000 1940 1048 invident.

136 1067 289 1114 ‘Vobis
322 1085 498 1127 quoque
532 1067 618 1114 iam
650 1068 802 1114 otiosis
835 1085 922 1114 esse
953 1067 1066 1115 licet.
1100 1067 1200 1115 Plus
1230 1086 1337 1115 vero
1367 1068 1559 1116 militum
1594 1087 1685 1116 non
1717 1084 1780 1116 est
1813 1087 1935 1130 opus.

133 1134 286 1182 Valete
308 1134 495 1182 milites.’

895 1276 961 1318 97.
985 1271 1182 1319 Felicitas

928 1340 991 1395 Bi,
1014 1344 1149 1386 7v-8r

132 1442 287 1488 Finem
321 1441 560 1488 humanam
593 1459 725 1502 quem
757 1442 916 1489 Graeci
944 1444 1275 1498 εὐδαιμουιαύ
1311 1458 1487 1500 vocant,
1518 1443 1573 1491 ad
1601 1462 1733 1504 quem
1765 1443 1935 1492 inhiant

133 1510 281 1556 cuncti
305 1509 525 1565 mortales,
552 1509 715 1556 multus
741 1527 793 1556 ex
817 1511 941 1556 omni
965 1525 1093 1570 gente
1116 1528 1219 1570 grex
1242 1511 1545 1558 insectabatur.
1570 1512 1768 1571 Quidam
1794 1513 1941 1568 etiam,

133 1595 324 1638 quorum
346 1576 578 1624 videbatur
594 1577 816 1637 indagatio
831 1578 1103 1638 pervicacior
1118 1593 1247 1639 atque
1266 1579 1585 1636 immodestior,
1607 1580 1741 1627 risum
1763 1579 1938 1627 dabant.

133 1649 182 1691 In
206 1645 250 1692 id
271 1645 569 1706 spectaculum
593 1663 694 1692 cum
719 1643 1019 1693 incidissem¹⁴⁶
1045 1646 1349 1708 admiransque
1368 1647 1549 1708 paulum
1575 1649 1867 1695 constitissem
1890 1666 1939 1695 ac

131 1714 358 1760 vertissem
375 1713 555 1760 demum
575 1713 629 1760 ad
643 1713 842 1761 dextram
858 1714 1022 1770 oculos,
1042 1717 1132 1762 Pan
1148 1714 1257 1761 mihi
1274 1716 1595 1776 insequi—Pan,
1615 1716 1810 1777 inquam,
1828 1716 1937 1763 illud

132 1782 484 1842 augustissimum
509 1799 675 1828 numen
695 1782 1064 1830 mortalibus—est
1086 1783 1214 1839 visus,
1235 1783 1311 1830 sed
1329 1783 1472 1830 multo
1492 1783 1573 1831 alia
1591 1802 1723 1845 quam
1741 1785 1786 1830 in
1805 1784 1937 1844 sylvis

131 1849 276 1896 forma
296 1849 420 1896 solet.
443 1853 589 1910 Caput
611 1868 703 1896 non
726 1850 926 1906 habebat,
945 1869 1086 1911 neque
1104 1851 1248 1911 pedes,
1268 1869 1317 1898 ac
1336 1851 1623 1899 nihilominus
1646 1867 1795 1899 tamen
1815 1853 1937 1899 nobi-

130 1917 317 1964 lissimus
337 1932 518 1964 truncus
535 1918 783 1978 gravissime
802 1918 1029 1966 incedebat
1047 1933 1088 1966 et
1104 1920 1255 1979 capitis
1272 1919 1422 1966 obibat
1438 1921 1753 1980 sapientissime
1774 1919 1935 1968 officia.

131 1985 363 2033 Clamabat
382 2000 528 2032 autem
546 2000 646 2046 post
667 1985 790 2033 illum
811 2004 997 2047 gregem:
1020 1986 1227 2034 ‘reducite
1245 1987 1299 2034 ad
1315 2005 1385 2035 me
1403 1988 1599 2048 gradum,
1619 2006 1722 2035 nam
1743 1990 1938 2036 excessis-

130 2049 238 2100 tis¹⁴⁷
262 2054 489 2100 terminos.
516 2057 666 2112 Quam
689 2072 768 2101 vos
791 2054 929 2101 modo
951 2056 1156 2115 quaeritis
1178 2055 1294 2115 apud
1314 2073 1384 2102 me
1405 2055 1524 2112 latet,
1546 2074 1616 2103 me
1638 2056 1747 2103 duce
1769 2056 1938 2104 dumta-

129 2135 202 2167 xat
225 2120 399 2167 vultum
424 2120 538 2167 illius
563 2121 781 2181 adspicere
804 2123 1001 2182 potestis,
1026 2123 1100 2182 qui
1122 2122 1190 2169 vel
1214 2123 1310 2169 solo
1334 2141 1413 2170 vos
1437 2124 1600 2170 intuitu
1626 2123 1766 2170 facere
1787 2124 1939 2171 beatos

128 2203 288 2248 potest.
314 2188 458 2235 Aliter
477 2188 644 2236 luditur
666 2193 827 2250 opera.’

907 2330 974 2372 98.
998 2325 1163 2373 Medici

939 2394 1001 2450 Bi,
1024 2398 1131 2440 8r-v

130 2497 274 2554 Aeger
297 2511 399 2540 cum
427 2494 721 2554 ingravescere
746 2495 953 2542 morbum
982 2496 1194 2552 sensisset,
1221 2495 1423 2543 advocari
1447 2497 1566 2544 iussit
1594 2497 1801 2544 medicos.
1829 2500 1937 2544 Tres

130 2562 347 2609 continuo
364 2577 720 2623 comparuerunt.
740 2564 834 2622 Qui
851 2564 1050 2611 ornatior
1065 2563 1146 2611 fuit
1162 2579 1204 2611 et
1219 2563 1363 2612 forma
1378 2582 1510 2626 quam
1526 2566 1659 2612 ceteri
1673 2566 1933 2626 augustiore,

131 2629 201 2677 hic
239 2644 387 2677 mutus
426 2628 583 2677 erat.¹⁴⁸
621 2634 704 2678 Per
739 2630 922 2678 nutus¹⁴⁹
961 2646 1009 2679 ut
1047 2633 1311 2680 coniectatio
1347 2632 1472 2680 fieret
1507 2648 1598 2680 erat
1634 2651 1819 2690 necesse,
1857 2652 1937 2681 nec

128 2699 229 2745 satis
249 2716 373 2745 sensa
395 2699 765 2759 exprimebantur.
790 2700 883 2759 Qui
903 2701 939 2747 si
960 2700 1083 2761 loqui
1103 2715 1263 2761 posset,
1286 2702 1387 2761 quia
1406 2702 1570 2749 viscera
1590 2716 1632 2749 et
1653 2720 1799 2749 causas
1819 2720 1933 2749 mor-

129 2765 290 2812 borum
331 2764 562 2813 cunctas¹⁵⁰
603 2766 788 2814 mirifice
826 2767 966 2823 callet,
1002 2768 1244 2828 permultae
1283 2769 1384 2816 inde
1423 2769 1477 2816 ad
1511 2787 1645 2829 genus
1686 2769 1930 2817 humanum

129 2833 470 2880 commoditates
491 2835 772 2894 pervenirent
795 2835 1034 2896 meliusque
1057 2837 1288 2883 viveretur.
1311 2836 1438 2883 Alter
1457 2836 1720 2897 loquebatur
1740 2837 1934 2898 quidem,

128 2900 204 2947 sed
233 2915 323 2948 erat
351 2919 502 2948 caecus
530 2917 848 2963 corruptusque
881 2902 1110 2950 affectibus
1138 2904 1272 2950 rarius
1302 2904 1552 2965 tardiusque
1581 2904 1710 2951 dabat
1736 2904 1933 2952 salutern.

128 2972 295 3015 Verum
326 2967 525 3016 luebat¹⁵l
558 2969 629 3016 hic
657 2971 816 3017 erroris
843 2989 1020 3031 poenas,
1051 2989 1239 3032 namque
1270 2973 1314 3018 in
1343 2990 1470 3019 suum
1502 2987 1630 3033 caput
1658 2973 1932 3033 peccabatur.

130 3040 179 3082 In
202 3037 335 3083 tertio
360 3038 502 3084 maior
525 3039 764 3085 ostentatio
786 3039 937 3086 inerat:
962 3039 1184 3099 eloquens,
1211 3039 1389 3087 callidus
1412 3054 1677 3100 naturaeque
1699 3041 1935 3088 acerrimus

130 3104 372 3164 indagator,
395 3123 574 3165 operam
595 3105 886 3166 pollicebatur
906 3124 1028 3154 suam
1051 3122 1092 3154 et
1111 3122 1327 3168 praestare
1347 3123 1436 3155 erat
1455 3123 1642 3168 paratus.
1664 3108 1748 3155 Sed
1768 3108 1933 3155 labora-

128 3171 202 3219 bat
236 3190 382 3219 rerum
419 3173 708 3233 ignoratione,
744 3192 853 3234 quae
887 3175 1018 3222 etiam
1050 3175 1412 3235 prudentissimos
1448 3193 1643 3236 quosque
1677 3176 1933 3223 studiosissi-
