2118 3444
142 182 331 215 PUBLIC
359 181 640 214 ORATIONS
1852 175 1946 215 227

141 336 251 380 quae
276 319 594 379 concupiscunt
622 318 832 378 consequi
856 316 1085 378 possent.‘’l
1113 322 1173 365 At
1200 336 1301 365 cum
1325 336 1405 379 per
1426 319 1675 379 potentiam
1701 318 1756 366 ad
1779 318 1952 380 explen-

140 386 215 434 das
235 387 371 434 animi
393 386 653 447 cupiditates
673 385 878 447 adaperta
894 386 965 433 via
984 400 1061 442 est,
1081 401 1178 433 turn
1199 404 1306 433 vero
1324 404 1368 434 se
1387 401 1508 434 totos
1530 386 1732 434 homines
1753 386 1956 447 patefaci-

139 469 220 501 unt
240 454 449 515 quodque
468 452 588 501 fuit⁶²
608 455 654 500 in
675 453 808 501 corde
827 468 1062 514 menteque
1082 469 1307 514 repostum
1329 472 1378 501 ac
1394 454 1641 510 conditum,
1661 472 1763 502 cum
1784 456 1951 515 ingenti

138 520 300 583 saepe⁶³
320 539 467 569 remm
484 521 684 582 periculo
702 522 916 582 aperiunt.
937 524 1046 580 Quo
1064 521 1115 569 fit
1132 536 1181 569 ut
1198 522 1252 569 sit
1271 523 1470 582 inprimis
1491 522 1692 569 divinum
1711 522 1947 599 imploran-

139 589 247 637 dum
269 589 495 645 auxilium,
517 607 542 636 a
560 607 651 650 quo
669 587 803 636 solo⁶⁴
823 589 931 636 boni
952 588 1201 666 pontifices,
1220 604 1269 637 ut
1290 604 1433 637 cetera
1448 608 1624 651 quoque
1646 590 1765 637 bona
1784 591 1949 647 omnia,

139 673 351 719 tanquam
369 675 393 705 a
408 657 651 734 largissimo
671 672 800 734 atque
817 658 992 718 optimo
1009 659 1183 718 pietatis
1200 673 1242 705 et
1257 659 1493 719 sapientiae
1511 658 1683 706 divinae
1702 658 1826 706 fonte
1844 658 1953 706 deri-

138 741 311 773 vantur.
335 730 429 786 Ipse
451 726 585 782 enim,
607 726 736 773 sicuti
758 744 867 787 quae
887 725 1150 787 pontificem
1173 726 1476 774 Christianum
1502 726 1683 774 deceant
1703 727 1947 804 quibusque

139 793 281 841 fidelis
307 791 534 854 populus⁶⁵
569 793 773 854 indigeat,
802 795 1041 854 cognoscit,
1073 795 1133 841 ita
1158 809 1201 842 et
1228 795 1303 855 qui
1332 809 1459 842 tanto
1485 795 1743 842 sustinendo
1775 796 1950 842 muneri

138 876 265 923 aptus
293 863 362 918 sit,
391 861 509 909 solus
539 860 793 922 intelligit.⁶⁶
821 860 941 909 Fac⁶⁷
971 863 1089 909 enim
1119 862 1241 923 quod
1269 877 1418 910 tamen
1445 864 1519 909 vix
1547 864 1721 910 evenire
1717 881 1875 956 aeposse
1906 864 1952 910 in

139 930 321 977 homine
349 945 571 991 putamus,
599 945 647 977 ut
674 930 783 976 nihil
811 931 865 978 sit
892 931 937 977 in
964 930 1095 978 corde
1122 930 1330 987 clausum,
1360 931 1508 978 nihil
1496 949 1543 978 111
1570 929 1750 979 mente⁶⁸
1777 931 1949 979 simula·

137 1013 249 1054 tum,
268 998 346 1046 sed
363 1016 519 1046 omnes
539 999 675 1046 animi
696 998 882 1055 habitus,
904 1000 1055 1046 omnia
1073 999 1245 1046 3111(113
1234 1017 1280 1046 111
1297 1014 1511 1060 promptu
1531 1001 1631 1047 sint.
1653 1001 1948 1077 Quotusquis-

137 1085 222 1128 que
243 1067 391 1114 veniet
412 1082 563 1114 tamen
584 1066 841 1114 Christiano
864 1067 1131 1128 pontificatu
1154 1067 1329 1128 dignus?
1354 1071 1505 1128 Quam
1529 1068 1669 1116 multa
1688 1083 1790 1116 sunt
1815 1070 1949 1126 enim,

137 1153 270 1196 quam
300 1136 506 1191 maxima,
538 1153 671 1196 quam
699 1136 934 1196 praecipua
962 1154 1071 1197 quae
1100 1136 1155 1183 ad
1181 1136 1422 1197 gerendum
1453 1135 1659 1184 Christi⁶⁹
1689 1138 1949 1185 vicariatum

137 1204 436 1264 requiruntur,
459 1218 501 1250 et
520 1203 623 1251 talia
623 1201 657 1228 ⁷0
676 1203 881 1264 profecto
900 1219 1108 1265 tantaque
1126 1219 1175 1252 ut
1196 1205 1278 1252 nisi
1299 1204 1437 1252 divini
1457 1206 1594 1266 gratia
1610 1206 1787 1266 spiritus
1809 1206 1948 1253 indul-

135 1269 273 1327 serit,⁷
276 1270 288 1296 ¹
314 1272 390 1332 qui
411 1272 457 1318 in
480 1273 561 1319 ista
579 1271 680 1319 sede
702 1271 857 1332 dignus
879 1273 1173 1320 constituatur
1194 1274 1377 1320 minime
1401 1273 1606 1321 habeatis.

221 1342 443 1386 Praetereo
465 1354 608 1387 autem
631 1340 899 1387 nobilitatem
919 1341 1091 1401 generis,
1112 1359 1219 1402 quae
1237 1342 1271 1388 si
1291 1341 1395 1388 adsit
1417 1341 1531 1389 haud
1550 1342 1837 1403 improbanda
1854 1342 1965 1390 vide-

135 1422 218 1455 tur.
245 1407 442 1455 Christus
467 1423 625 1465 tamen,
650 1409 736 1456 Dei
761 1408 871 1456 filius
896 1427 943 1456 ac
968 1409 1219 1486 redemptor
1242 1425 1398 1467 noster,
1424 1411 1469 1457 in
1494 1410 1720 1471 deligendis
1743 1411 1955 1472 discipulis

134 1476 450 1537 simplicitatem
478 1477 617 1524 cordis
641 1477 766 1524 rebus
791 1478 936 1524 ceteris
959 1479 1247 1538 praeposuisse
1271 1479 1383 1526 1113113
1407 1493 1480 1535 est,
1506 1480 1581 1540 qui
1605 1494 1645 1526 et
1672 1480 1740 1526 ait:
1731 1487 1760 1513 ⁴³
1788 1483 1951 1527 ‘-Exem

133 1544 258 1605 plum
280 1542 461 1591 meum⁷²
484 1544 581 1592 dedi
600 1545 724 1592 vobis
742 1560 791 1592 ut
814 1545 1184 1606 quemadmodum
1206 1564 1284 1607 ego
1306 1546 1397 1603 feci,
1418 1562 1459 1594 et
1478 1565 1556 1594 vos
1576 1547 1758 1595 faciatis'
1782 1551 1963 1595 Praeter-

135 1627 256 1659 eatur
281 1630 381 1673 ergo
408 1614 569 1673 generis
597 1613 806 1661 nobilitas.
834 1618 894 1661 At
922 1613 1075 1661 eodem
1104 1629 1214 1662 certe
1242 1615 1379 1662 modo
1404 1616 1621 1676 praeteriri
1622 1613 1654 1640 ⁷³
1685 1615 1829 1677 religio
1857 1635 1949 1664 non

132 1695 289 1741 potest,
306 1699 397 1727 non
410 1682 555 1741 pietas,
573 1699 664 1728 non
677 1681 942 1729 sacerdotalis
955 1683 1168 1743 sapientia,
1184 1701 1268 1744 qua
1283 1683 1481 1731 excellere
1496 1685 1690 1744 inprimis
1702 1684 1957 1745 pontificem

135 1763 321 1809 oportet.
340 1752 420 1796 Per
436 1767 536 1796 eum
554 1750 669 1796 enim
688 1749 898 1810 religionis
913 1765 954 1798 et
970 1751 1195 1811 sapientiae
1209 1766 1406 1812 pontem,
1423 1770 1447 1799 a
1462 1770 1551 1812 quo
1570 1767 1610 1799 et
1627 1770 1792 1799 nomen
1809 1752 1962 1808 habere

132 1816 330 1877 pontifex
344 1832 534 1877 putatur,
550 1832 599 1864 ut
617 1835 696 1864 nos
710 1817 851 1865 salutis
867 1833 1034 1866 nostrae
1050 1820 1315 1867 inveniamus
1331 1835 1455 1881 atque
1474 1821 1665 1867 ineamus
1679 1821 1808 1877 viam,
1825 1839 1960 1868 neces-

132 1882 308 1932 sarium⁷
308 1883 324 1909 ⁴
357 1885 536 1932 videtur.
566 1890 685 1933 Nam
716 1886 768 1933 de
797 1886 881 1933 fide
911 1885 1048 1947 atque7
1048 1885 1064 1911 ⁵
1093 1905 1166 1948 spe
1196 1885 1315 1948 quid⁷
1315 1886 1332 1912 ⁶
1362 1889 1510 1935 attinet
1540 1888 1690 1945 dicere,
1720 1907 1828 1950 quae
1854 1907 1953 1950 pro-

131 1953 248 2013 priae
268 1954 457 2000 muneris
476 1953 601 2000 huius
619 1955 846 2001 existimari
864 1954 1040 2002 debent?
1059 1959 1167 2014 Quo
1186 1957 1301 2002 enim
1318 1971 1447 2017 pacto
1466 1956 1553 2004 aliis
1571 1956 1760 2004 futuram
1778 1957 1956 2018 gloriam

131 2035 351 2081 proponet
369 2020 586 2082 fidemque
603 2021 724 2069 faciet
740 2037 942 2070 venturae
959 2024 1067 2070 vitae
1084 2025 1158 2084 qui
1174 2042 1265 2071 non
1281 2042 1388 2085 quae
1404 2024 1530 2072 nobis
1543 2024 1727 2072 salvator
1741 2040 1887 2073 noster
1902 2041 1961 2073 est

130 2088 347 2149 pollicitus
360 2104 513 2136 cuncta
527 2104 731 2150 tanquam
746 2108 806 2146 ea,
822 2109 928 2151 quae
943 2092 1171 2138 certissima
1184 2091 1406 2149 habentur,
1420 2092 1499 2140 sibi
1510 2094 1779 2154 persuaserit?
1794 2098 1958 2141 Utrum

131 2154 270 2204 vero⁷7
304 2158 450 2204 caritas
482 2159 559 2205 erit
589 2158 787 2219 pontifici
820 2160 1011 2207 maximo
1043 2160 1305 2221 negligenda?
1338 2159 1509 2208 Ι111111ἅ8
1542 2180 1645 2209 vero
1679 2161 1782 2208 nihil
1815 2163 1946 2223 magis

131 2225 265 2272 videri
281 2240 424 2286 potest
442 2224 633 2273 summo(
633 2225 649 2251 9
669 2227 875 2274 sacerdoti
894 2228 1054 2275 Christi
1071 2229 1228 2276 vicario
1246 2229 1624 2277 accommodatum
1646 2230 1699 2277 ad
1717 2231 1805 2278 eius
1822 2231 1956 2278 imita-

131 2294 312 2349 tionem,
329 2295 403 2354 qui
418 2295 545 2340 etiam
562 2312 604 2341 se
622 2296 762 2355 ipsum
780 2297 975 2356 exposuit
990 2297 1207 2357 vitamque
1221 2315 1342 2344 suam
1358 2315 1441 2358 pro
1458 2298 1583 2345 nobis
1597 2313 1638 2345 et
1655 2300 1789 2345 crucis
1802 2299 1960 2346 subivit

133 2360 487 2408 horrendissimos
515 2363 722 2410 cruciatus
751 2363 1005 2411 immortalis
1033 2362 1163 2425 ipse,⁸0
1193 2380 1241 2412 ut
1268 2366 1400 2412 vitam
1430 2366 1488 2413 sic
1516 2367 1676 2413 miseris
1706 2366 1948 2427 elargiretur

131 2429 396 2476 mortalibus.
416 2434 591 2477 Fortem
614 2449 788 2507 quoque
807 2447 848 2479 et
867 2432 1139 2493 prudentem,
1157 2448 1444 2510 temperatum
1466 2433 1596 2481 item⁸¹
1619 2453 1667 2482 ac
1685 2436 1844 2482 iustum
1866 2436 1945 2483 nisi

130 2496 293 2544 dederis
310 2515 425 2554 eum,
445 2499 519 2558 qui
537 2499 588 2545 sit
608 2500 731 2545 omni
748 2517 887 2560 prope
907 2500 1099 2548 humano
1116 2503 1257 2561 generi
1273 2501 1556 2562 praefuturus,
1576 2521 1667 2550 non
1686 2503 1823 2550 modo
1841 2522 1957 2564 prae·

130 2564 360 2612 clarissimo
380 2564 495 2612 hoc²³²
515 2567 725 2614 virtutum
745 2583 1002 2615 ornamento
1021 2569 1294 2629 expoliaveris
1310 2570 1562 2646 nudumque
1578 2589 1713 2631 paene
1729 2571 1959 2618 abiectum·

130 2650 213 2693 que
236 2633 462 2709 reliqueris,
484 2652 635 2681 verum
660 2636 787 2682 etiam
810 2653 858 2682 ea
878 2654 997 2683 arma
1018 2637 1234 2693 ademeris,
1256 2638 1411 2713 quibus
1432 2639 1509 2685 11131
1530 2656 1616 2686 sese
1637 2653 1808 2686 tueatur
1829 2640 1955 2700 inpn‘-

131 2701 223 2756 mis,
245 2702 389 2748 omnis
406 2702 668 2762 principatus
688 2704 914 2764 omnisque
934 2719 1120 2764 potestas
1139 2723 1269 2765 quam
1292 2706 1378 2752 cito
1399 2721 1568 2753 corruat
1589 2722 1890 2783 evanescatque
1912 2708 1957 2753 in

130 2767 348 2815 nihilum⁸³
376 2787 539 2817 necesse
563 2785 634 2817 est.
658 2775 815 2831 Neque
838 2771 1022 2819 arbitror
1042 2772 1093 2819 ab
1118 2791 1161 2820 re
1185 2788 1256 2820 aut
1280 2772 1514 2821 11113331111114
1539 2792 1623 2822 esse
1647 2774 1800 2835 quod
1790 2776 1945 2822 iustitia

130 2836 241 2883 inter
259 2836 331 2883 has
349 2838 537 2930 virtutes,
559 2842 649 2899 ‘per
666 2857 736 2885 me
756 2857 869 2899 reges
888 2855 1074 2900 regnant,
1078 2841 1325 2898 ’,exclamat
1347 2845 1400 2889 ‘et
1419 2841 1560 2902 legum
1582 2842 1855 2890 conditores
1844 2858 1951 2890 iusta

130 2904 390 2952 decernunt?

209 3132 223 3155 t
236 3129 337 3176 John
356 3133 466 3168 13:15.

209 3180 226 3206 ¹²
243 3187 419 3224 Proverbs
438 3191 527 3225 8215.
