<?xml version="1.0" encoding="UTF-8"?>
<!DOCTYPE html PUBLIC "-//W3C//DTD XHTML 1.0 Transitional//EN"
    "http://www.w3.org/TR/xhtml1/DTD/xhtml1-transitional.dtd">
<html xmlns="http://www.w3.org/1999/xhtml" xml:lang="en" lang="en">
 <head>
  <title>
</title>
<meta http-equiv="Content-Type" content="text/html;charset=utf-8" />
  <meta name='ocr-system' content='tesseract 3.04.00' />
  <meta name='ocr-capabilities' content='ocr_page ocr_carea ocr_par ocr_line ocrx_word'/>
</head>
<body>
  <div class='ocr_page' id='page_1' title='image "bartolomeoscalah00scaluoft_0054.png"; bbox 0 0 2118 3450; ppageno 0'>
   <div class='ocr_carea' id='block_1_1' title="bbox 184 156 1988 197">
    <p class='ocr_par' dir='ltr' id='par_1_1' title="bbox 184 156 1988 197">
     <span class='ocr_line' id='line_1_1' title="bbox 184 156 1988 197; baseline -0.001 0"><span class='ocrx_word' id='word_1_1' title='bbox 184 156 238 197; x_wconf 87' lang='lat'>14</span> <span class='ocrx_word' id='word_1_2' title='bbox 1812 162 1949 196; x_wconf 90' lang='lat' dir='ltr'>PART</span> <span class='ocrx_word' id='word_1_3' title='bbox 1974 163 1988 196; x_wconf 95' lang='grc' dir='ltr'>Ι</span> 
     </span>
    </p>
   </div>
   <div class='ocr_carea' id='block_1_2' title="bbox 125 299 1994 2343">
    <p class='ocr_par' dir='ltr' id='par_1_2' title="bbox 125 299 1994 2343">
     <span class='ocr_line' id='line_1_2' title="bbox 181 299 1990 360; baseline 0 -13"><span class='ocrx_word' id='word_1_4' title='bbox 181 316 248 348; x_wconf 91' lang='lat' dir='ltr'>tra</span> <span class='ocrx_word' id='word_1_5' title='bbox 271 301 463 347; x_wconf 89' lang='lat' dir='ltr'>amicitia</span> <span class='ocrx_word' id='word_1_6' title='bbox 485 301 709 356; x_wconf 86' lang='lat' dir='ltr'><strong>sentirem,</strong></span> <span class='ocrx_word' id='word_1_7' title='bbox 733 300 883 360; x_wconf 88' lang='lat' dir='ltr'>scripsi</span> <span class='ocrx_word' id='word_1_8' title='bbox 910 299 963 346; x_wconf 91' lang='lat' dir='ltr'>ad</span> <span class='ocrx_word' id='word_1_9' title='bbox 985 313 1027 346; x_wconf 92' lang='lat' dir='ltr'>te</span> <span class='ocrx_word' id='word_1_10' title='bbox 1049 299 1344 360; x_wconf 90' lang='lat' dir='ltr'>superioribus</span> <span class='ocrx_word' id='word_1_11' title='bbox 1373 299 1524 346; x_wconf 92' lang='lat' dir='ltr'>diebus</span> <span class='ocrx_word' id='word_1_12' title='bbox 1549 299 1750 347; x_wconf 87' lang='lat' dir='ltr'>litterulis</span> <span class='ocrx_word' id='word_1_13' title='bbox 1771 300 1990 360; x_wconf 92' lang='lat' dir='ltr'>perbrevi-</span> 
     </span>
     <span class='ocr_line' id='line_1_3' title="bbox 181 367 1990 429; baseline 0 -13"><span class='ocrx_word' id='word_1_14' title='bbox 181 369 273 416; x_wconf 91' lang='lat' dir='ltr'>bus.</span> <span class='ocrx_word' id='word_1_15' title='bbox 303 373 384 416; x_wconf 89' lang='lat' dir='ltr'>Eas</span> <span class='ocrx_word' id='word_1_16' title='bbox 411 369 565 415; x_wconf 86' lang='lat' dir='ltr'>Cionic</span> <span class='ocrx_word' id='word_1_17' title='bbox 590 382 744 415; x_wconf 89' lang='lat' dir='ltr'>nostro</span> <span class='ocrx_word' id='word_1_18' title='bbox 771 367 944 424; x_wconf 89' lang='lat' dir='ltr'>tradidi,</span> <span class='ocrx_word' id='word_1_19' title='bbox 969 382 1017 415; x_wconf 89' lang='lat' dir='ltr'>ut</span> <span class='ocrx_word' id='word_1_20' title='bbox 1043 368 1130 428; x_wconf 90' lang='lat' dir='ltr'>ipse</span> <span class='ocrx_word' id='word_1_21' title='bbox 1159 367 1213 414; x_wconf 90' lang='lat' dir='ltr'>ad</span> <span class='ocrx_word' id='word_1_22' title='bbox 1235 382 1276 415; x_wconf 93' lang='lat' dir='ltr'>te</span> <span class='ocrx_word' id='word_1_23' title='bbox 1302 367 1460 415; x_wconf 85' lang='lat' dir='ltr'>deferri</span> <span class='ocrx_word' id='word_1_24' title='bbox 1484 382 1667 424; x_wconf 87' lang='lat' dir='ltr'>curaret,</span> <span class='ocrx_word' id='word_1_25' title='bbox 1691 383 1875 429; x_wconf 91' lang='lat' dir='ltr'>propter</span> <span class='ocrx_word' id='word_1_26' title='bbox 1900 369 1990 416; x_wconf 91' lang='lat' dir='ltr'>eius</span> 
     </span>
     <span class='ocr_line' id='line_1_4' title="bbox 182 435 1991 496; baseline 0.001 -13"><span class='ocrx_word' id='word_1_27' title='bbox 182 436 417 484; x_wconf 84' lang='lat' dir='ltr'>mirificam</span> <span class='ocrx_word' id='word_1_28' title='bbox 440 436 647 483; x_wconf 91' lang='lat' dir='ltr'>omnibus</span> <span class='ocrx_word' id='word_1_29' title='bbox 672 437 717 482; x_wconf 93' lang='lat' dir='ltr'>in</span> <span class='ocrx_word' id='word_1_30' title='bbox 741 436 868 483; x_wconf 88' lang='lat' dir='ltr'>rebus</span> <span class='ocrx_word' id='word_1_31' title='bbox 890 435 1172 496; x_wconf 85' lang='lat' dir='ltr'>diligentiam.</span> <span class='ocrx_word' id='word_1_32' title='bbox 1196 439 1484 496; x_wconf 90' lang='lat' dir='ltr'>Posteaquam</span> <span class='ocrx_word' id='word_1_33' title='bbox 1504 437 1722 496; x_wconf 90' lang='lat' dir='ltr'>scripseris</span> <span class='ocrx_word' id='word_1_34' title='bbox 1745 454 1813 484; x_wconf 90' lang='lat' dir='ltr'>eas</span> <span class='ocrx_word' id='word_1_35' title='bbox 1834 436 1888 484; x_wconf 87' lang='lat' dir='ltr'>ad</span> <span class='ocrx_word' id='word_1_36' title='bbox 1906 455 1991 493; x_wconf 91' lang='lat' dir='ltr'>me,</span> 
     </span>
     <span class='ocr_line' id='line_1_5' title="bbox 181 503 1987 565; baseline -0.001 -13"><span class='ocrx_word' id='word_1_37' title='bbox 181 523 286 565; x_wconf 91' lang='lat' dir='ltr'>quas</span> <span class='ocrx_word' id='word_1_38' title='bbox 314 506 466 551; x_wconf 89' lang='lat' dir='ltr'>Minos</span> <span class='ocrx_word' id='word_1_39' title='bbox 495 504 700 560; x_wconf 79' lang='lat' dir='ltr'>reddidit,</span> <span class='ocrx_word' id='word_1_40' title='bbox 728 504 919 551; x_wconf 89' lang='lat' dir='ltr'>arbitror</span> <span class='ocrx_word' id='word_1_41' title='bbox 945 503 1035 550; x_wconf 86' lang='lat' dir='ltr'>illas</span> <span class='ocrx_word' id='word_1_42' title='bbox 1065 518 1233 550; x_wconf 89' lang='lat' dir='ltr'>nostras</span> <span class='ocrx_word' id='word_1_43' title='bbox 1262 505 1485 564; x_wconf 91' lang='lat' dir='ltr'>accepisse.</span> <span class='ocrx_word' id='word_1_44' title='bbox 1515 504 1642 550; x_wconf 92' lang='lat' dir='ltr'>Nihil</span> <span class='ocrx_word' id='word_1_45' title='bbox 1672 518 1799 551; x_wconf 90' lang='lat' dir='ltr'>muto</span> <span class='ocrx_word' id='word_1_46' title='bbox 1829 504 1881 551; x_wconf 93' lang='lat' dir='ltr'>de</span> <span class='ocrx_word' id='word_1_47' title='bbox 1909 505 1987 561; x_wconf 91' lang='lat' dir='ltr'>his,</span> 
     </span>
     <span class='ocr_line' id='line_1_6' title="bbox 181 571 1991 634; baseline 0 -14"><span class='ocrx_word' id='word_1_48' title='bbox 181 591 290 634; x_wconf 91' lang='lat' dir='ltr'>quae</span> <span class='ocrx_word' id='word_1_49' title='bbox 321 587 418 620; x_wconf 91' lang='lat' dir='ltr'>tum</span> <span class='ocrx_word' id='word_1_50' title='bbox 448 573 598 633; x_wconf 91' lang='lat' dir='ltr'>scripsi</span> <span class='ocrx_word' id='word_1_51' title='bbox 629 572 681 619; x_wconf 95' lang='lat' dir='ltr'>de</span> <span class='ocrx_word' id='word_1_52' title='bbox 710 586 859 619; x_wconf 88' lang='lat' dir='ltr'>nostra</span> <span class='ocrx_word' id='word_1_53' title='bbox 888 572 1090 619; x_wconf 88' lang='lat' dir='ltr'>amicitia.</span> <span class='ocrx_word' id='word_1_54' title='bbox 1121 571 1255 619; x_wconf 84' lang='lat' dir='ltr'>Addo</span> <span class='ocrx_word' id='word_1_55' title='bbox 1285 573 1416 619; x_wconf 90' lang='lat' dir='ltr'>etiam</span> <span class='ocrx_word' id='word_1_56' title='bbox 1446 590 1672 633; x_wconf 90' lang='lat' dir='ltr'>nunquam</span> <span class='ocrx_word' id='word_1_57' title='bbox 1704 590 1756 619; x_wconf 89' lang='lat' dir='ltr'>ex</span> <span class='ocrx_word' id='word_1_58' title='bbox 1785 572 1991 620; x_wconf 92' lang='lat' dir='ltr'>omnibus</span> 
     </span>
     <span class='ocr_line' id='line_1_7' title="bbox 181 640 1992 702; baseline -0.001 -13"><span class='ocrx_word' id='word_1_59' title='bbox 181 659 291 702; x_wconf 92' lang='lat' dir='ltr'>quos</span> <span class='ocrx_word' id='word_1_60' title='bbox 314 655 386 688; x_wconf 88' lang='lat' dir='ltr'>aut</span> <span class='ocrx_word' id='word_1_61' title='bbox 407 640 617 688; x_wconf 92' lang='lat' dir='ltr'>obtulerit</span> <span class='ocrx_word' id='word_1_62' title='bbox 641 641 759 697; x_wconf 87' lang='lat' dir='ltr'>casis,</span> <span class='ocrx_word' id='word_1_63' title='bbox 781 655 853 688; x_wconf 88' lang='lat' dir='ltr'>aut</span> <span class='ocrx_word' id='word_1_64' title='bbox 873 640 1077 687; x_wconf 90' lang='lat' dir='ltr'>voluntas</span> <span class='ocrx_word' id='word_1_65' title='bbox 1097 640 1316 700; x_wconf 89' lang='lat' dir='ltr'>delegerit,</span> <span class='ocrx_word' id='word_1_66' title='bbox 1337 655 1409 687; x_wconf 89' lang='lat' dir='ltr'>aut</span> <span class='ocrx_word' id='word_1_67' title='bbox 1429 655 1544 688; x_wconf 87' lang='lat' dir='ltr'>certe</span> <span class='ocrx_word' id='word_1_68' title='bbox 1565 640 1732 688; x_wconf 90' lang='lat' dir='ltr'>dederit</span> <span class='ocrx_word' id='word_1_69' title='bbox 1751 642 1992 698; x_wconf 89' lang='lat' dir='ltr'>necessitas,</span> 
     </span>
     <span class='ocr_line' id='line_1_8' title="bbox 181 708 1991 771; baseline 0 -14"><span class='ocrx_word' id='word_1_70' title='bbox 181 710 435 771; x_wconf 90' lang='lat' dir='ltr'>quempiam</span> <span class='ocrx_word' id='word_1_71' title='bbox 459 727 528 756; x_wconf 90' lang='lat' dir='ltr'>me</span> <span class='ocrx_word' id='word_1_72' title='bbox 550 709 717 756; x_wconf 85' lang='lat' dir='ltr'>avidius</span> <span class='ocrx_word' id='word_1_73' title='bbox 739 708 793 756; x_wconf 92' lang='lat' dir='ltr'>ad</span> <span class='ocrx_word' id='word_1_74' title='bbox 811 708 1049 756; x_wconf 90' lang='lat' dir='ltr'>amandum</span> <span class='ocrx_word' id='word_1_75' title='bbox 1072 709 1304 756; x_wconf 88' lang='lat' dir='ltr'>accessisse.</span> <span class='ocrx_word' id='word_1_76' title='bbox 1327 711 1390 756; x_wconf 93' lang='lat' dir='ltr'>Te</span> <span class='ocrx_word' id='word_1_77' title='bbox 1412 709 1543 769; x_wconf 90' lang='lat' dir='ltr'>igitur</span> <span class='ocrx_word' id='word_1_78' title='bbox 1564 709 1649 756; x_wconf 85' lang='lat' dir='ltr'>iam</span> <span class='ocrx_word' id='word_1_79' title='bbox 1671 727 1762 756; x_wconf 91' lang='lat' dir='ltr'>non</span> <span class='ocrx_word' id='word_1_80' title='bbox 1785 709 1923 756; x_wconf 93' lang='lat' dir='ltr'>modo</span> <span class='ocrx_word' id='word_1_81' title='bbox 1943 724 1991 757; x_wconf 94' lang='lat' dir='ltr'>ut</span> 
     </span>
     <span class='ocr_line' id='line_1_9' title="bbox 181 777 1993 838; baseline 0 -13"><span class='ocrx_word' id='word_1_82' title='bbox 181 778 365 826; x_wconf 88' lang='lat' dir='ltr'>doctum</span> <span class='ocrx_word' id='word_1_83' title='bbox 400 777 629 825; x_wconf 89' lang='lat' dir='ltr'>hominem</span> <span class='ocrx_word' id='word_1_84' title='bbox 663 792 792 838; x_wconf 92' lang='lat' dir='ltr'>atque</span> <span class='ocrx_word' id='word_1_85' title='bbox 824 777 1119 838; x_wconf 92' lang='lat' dir='ltr'>eloquentem,</span> <span class='ocrx_word' id='word_1_86' title='bbox 1152 795 1260 838; x_wconf 92' lang='lat' dir='ltr'>quae</span> <span class='ocrx_word' id='word_1_87' title='bbox 1293 778 1383 838; x_wconf 85' lang='lat' dir='ltr'>ipsa</span> <span class='ocrx_word' id='word_1_88' title='bbox 1412 795 1492 838; x_wconf 92' lang='lat' dir='ltr'>per</span> <span class='ocrx_word' id='word_1_89' title='bbox 1519 795 1562 824; x_wconf 93' lang='lat' dir='ltr'>se</span> <span class='ocrx_word' id='word_1_90' title='bbox 1595 795 1750 837; x_wconf 86' lang='lat' dir='ltr'>magna</span> <span class='ocrx_word' id='word_1_91' title='bbox 1779 777 1993 838; x_wconf 88' lang='lat' dir='ltr'>quaedam</span> 
     </span>
     <span class='ocr_line' id='line_1_10' title="bbox 181 845 1987 903; baseline -0.001 -10"><span class='ocrx_word' id='word_1_92' title='bbox 181 865 307 894; x_wconf 87' lang='lat' dir='ltr'>causa</span> <span class='ocrx_word' id='word_1_93' title='bbox 324 864 412 893; x_wconf 89' lang='lat' dir='ltr'>esse</span> <span class='ocrx_word' id='word_1_94' title='bbox 433 846 561 893; x_wconf 93' lang='lat' dir='ltr'>debet</span> <span class='ocrx_word' id='word_1_95' title='bbox 579 845 902 893; x_wconf 92' lang='lat' dir='ltr'>benivolentiae</span> <span class='ocrx_word' id='word_1_96' title='bbox 922 846 1036 892; x_wconf 93' lang='lat' dir='ltr'>inter</span> <span class='ocrx_word' id='word_1_97' title='bbox 1053 864 1133 892; x_wconf 89' lang='lat' dir='ltr'>nos</span> <span class='ocrx_word' id='word_1_98' title='bbox 1152 845 1463 902; x_wconf 89' lang='lat' dir='ltr'>conciliandae,</span> <span class='ocrx_word' id='word_1_99' title='bbox 1481 845 1557 892; x_wconf 88' lang='lat' dir='ltr'>sed</span> <span class='ocrx_word' id='word_1_100' title='bbox 1573 860 1621 892; x_wconf 93' lang='lat' dir='ltr'>ut</span> <span class='ocrx_word' id='word_1_101' title='bbox 1639 846 1783 892; x_wconf 92' lang='lat' dir='ltr'>virum</span> <span class='ocrx_word' id='word_1_102' title='bbox 1802 845 1987 903; x_wconf 89' lang='lat' dir='ltr'>bonum,</span> 
     </span>
     <span class='ocr_line' id='line_1_11' title="bbox 125 913 1991 975; baseline -0.001 -12"><span class='ocrx_word' id='word_1_103' title='bbox 125 962 127 964; x_wconf 82' lang='grc'><em>,</em></span> <span class='ocrx_word' id='word_1_104' title='bbox 179 930 227 962; x_wconf 90' lang='lat' dir='ltr'>ut</span> <span class='ocrx_word' id='word_1_105' title='bbox 248 915 439 962; x_wconf 90' lang='lat' dir='ltr'>amicum</span> <span class='ocrx_word' id='word_1_106' title='bbox 461 929 671 970; x_wconf 91' lang='lat' dir='ltr'>veterem,</span> <span class='ocrx_word' id='word_1_107' title='bbox 689 932 820 975; x_wconf 91' lang='lat' dir='ltr'>quem</span> <span class='ocrx_word' id='word_1_108' title='bbox 841 932 921 974; x_wconf 92' lang='lat' dir='ltr'>ego</span> <span class='ocrx_word' id='word_1_109' title='bbox 938 929 986 961; x_wconf 94' lang='lat' dir='ltr'>ut</span> <span class='ocrx_word' id='word_1_110' title='bbox 1004 915 1106 961; x_wconf 91' lang='lat' dir='ltr'>vina</span> <span class='ocrx_word' id='word_1_111' title='bbox 1123 914 1245 961; x_wconf 94' lang='lat' dir='ltr'>soleo</span> <span class='ocrx_word' id='word_1_112' title='bbox 1265 913 1480 961; x_wconf 91' lang='lat' dir='ltr'>anteferre</span> <span class='ocrx_word' id='word_1_113' title='bbox 1498 914 1827 970; x_wconf 90' lang='lat' dir='ltr'>recentioribus,</span> <span class='ocrx_word' id='word_1_114' title='bbox 1849 915 1991 962; x_wconf 89' lang='lat' dir='ltr'>arctis-</span> 
     </span>
     <span class='ocr_line' id='line_1_12' title="bbox 178 982 1991 1043; baseline 0 -13"><span class='ocrx_word' id='word_1_115' title='bbox 178 984 287 1030; x_wconf 90' lang='lat' dir='ltr'>sime</span> <span class='ocrx_word' id='word_1_116' title='bbox 306 1001 403 1030; x_wconf 93' lang='lat' dir='ltr'>sum</span> <span class='ocrx_word' id='word_1_117' title='bbox 424 982 693 1043; x_wconf 85' lang='lat' dir='ltr'>complexus3</span> <span class='ocrx_word' id='word_1_118' title='bbox 716 982 905 1043; x_wconf 84' lang='lat' dir='ltr'>facitque</span> <span class='ocrx_word' id='word_1_119' title='bbox 922 983 1084 1043; x_wconf 93' lang='lat' dir='ltr'>opinor</span> <span class='ocrx_word' id='word_1_120' title='bbox 1103 982 1366 1029; x_wconf 89' lang='lat' dir='ltr'>desiderium</span> <span class='ocrx_word' id='word_1_121' title='bbox 1386 982 1563 1029; x_wconf 90' lang='lat' dir='ltr'>vivendi</span> <span class='ocrx_word' id='word_1_122' title='bbox 1581 983 1659 1039; x_wconf 90' lang='lat' dir='ltr'>tui,</span> <span class='ocrx_word' id='word_1_123' title='bbox 1680 997 1720 1029; x_wconf 93' lang='lat' dir='ltr'>et</span> <span class='ocrx_word' id='word_1_124' title='bbox 1739 1000 1887 1030; x_wconf 87' lang='lat' dir='ltr'>coram</span> <span class='ocrx_word' id='word_1_125' title='bbox 1906 982 1991 1030; x_wconf 93' lang='lat' dir='ltr'>col-</span> 
     </span>
     <span class='ocr_line' id='line_1_13' title="bbox 179 1050 1991 1112; baseline 0 -14"><span class='ocrx_word' id='word_1_126' title='bbox 179 1051 406 1112; x_wconf 89' lang='lat' dir='ltr'>loquendi,</span> <span class='ocrx_word' id='word_1_127' title='bbox 430 1066 477 1098; x_wconf 93' lang='lat' dir='ltr'>ut</span> <span class='ocrx_word' id='word_1_128' title='bbox 501 1066 542 1098; x_wconf 93' lang='lat' dir='ltr'>et</span> <span class='ocrx_word' id='word_1_129' title='bbox 564 1052 679 1098; x_wconf 92' lang='lat' dir='ltr'>miro</span> <span class='ocrx_word' id='word_1_130' title='bbox 702 1051 895 1111; x_wconf 90' lang='lat' dir='ltr'>quodam</span> <span class='ocrx_word' id='word_1_131' title='bbox 919 1050 1073 1098; x_wconf 90' lang='lat' dir='ltr'>ardore</span> <span class='ocrx_word' id='word_1_132' title='bbox 1094 1051 1233 1111; x_wconf 89' lang='lat' dir='ltr'>legam</span> <span class='ocrx_word' id='word_1_133' title='bbox 1254 1051 1419 1098; x_wconf 91' lang='lat' dir='ltr'>litteras</span> <span class='ocrx_word' id='word_1_134' title='bbox 1439 1066 1544 1098; x_wconf 89' lang='lat' dir='ltr'>tuas.</span> <span class='ocrx_word' id='word_1_135' title='bbox 1568 1055 1621 1097; x_wconf 90' lang='lat' dir='ltr'>Et</span> <span class='ocrx_word' id='word_1_136' title='bbox 1645 1051 1719 1111; x_wconf 93' lang='lat' dir='ltr'>qui</span> <span class='ocrx_word' id='word_1_137' title='bbox 1741 1069 1916 1098; x_wconf 89' lang='lat' dir='ltr'>mecum</span> <span class='ocrx_word' id='word_1_138' title='bbox 1938 1051 1991 1098; x_wconf 93' lang='lat' dir='ltr'>de</span> 
     </span>
     <span class='ocr_line' id='line_1_14' title="bbox 179 1118 1992 1179; baseline 0.001 -13"><span class='ocrx_word' id='word_1_139' title='bbox 179 1134 221 1167; x_wconf 94' lang='lat' dir='ltr'>te</span> <span class='ocrx_word' id='word_1_140' title='bbox 237 1137 462 1167; x_wconf 91' lang='lat' dir='ltr'>sermones</span> <span class='ocrx_word' id='word_1_141' title='bbox 482 1118 643 1175; x_wconf 88' lang='lat' dir='ltr'>ferunt,</span> <span class='ocrx_word' id='word_1_142' title='bbox 661 1118 907 1166; x_wconf 92' lang='lat' dir='ltr'>incredibili</span> <span class='ocrx_word' id='word_1_143' title='bbox 924 1137 1164 1179; x_wconf 88' lang='lat' dir='ltr'>prosequar</span> <span class='ocrx_word' id='word_1_144' title='bbox 1180 1118 1491 1175; x_wconf 87' lang='lat' dir='ltr'>benivolentia,</span> <span class='ocrx_word' id='word_1_145' title='bbox 1510 1137 1600 1179; x_wconf 92' lang='lat' dir='ltr'>quo</span> <span class='ocrx_word' id='word_1_146' title='bbox 1618 1118 1727 1165; x_wconf 92' lang='lat' dir='ltr'>mihi</span> <span class='ocrx_word' id='word_1_147' title='bbox 1746 1118 1913 1166; x_wconf 84' lang='lat' dir='ltr'>facilius</span> <span class='ocrx_word' id='word_1_148' title='bbox 1930 1133 1992 1167; x_wconf 87' lang='lat' dir='ltr'>est</span> 
     </span>
     <span class='ocr_line' id='line_1_15' title="bbox 178 1186 1990 1248; baseline -0.001 -14"><span class='ocrx_word' id='word_1_149' title='bbox 178 1188 384 1235; x_wconf 92' lang='lat' dir='ltr'>Minoem</span> <span class='ocrx_word' id='word_1_150' title='bbox 409 1188 600 1248; x_wconf 91' lang='lat' dir='ltr'>recipere</span> <span class='ocrx_word' id='word_1_151' title='bbox 620 1188 816 1244; x_wconf 85' lang='lat' dir='ltr'>tertium,</span> <span class='ocrx_word' id='word_1_152' title='bbox 839 1202 880 1234; x_wconf 93' lang='lat' dir='ltr'>et</span> <span class='ocrx_word' id='word_1_153' title='bbox 902 1205 1045 1234; x_wconf 92' lang='lat' dir='ltr'>amare</span> <span class='ocrx_word' id='word_1_154' title='bbox 1067 1202 1115 1234; x_wconf 94' lang='lat' dir='ltr'>ut</span> <span class='ocrx_word' id='word_1_155' title='bbox 1136 1202 1178 1234; x_wconf 91' lang='lat' dir='ltr'>te</span> <span class='ocrx_word' id='word_1_156' title='bbox 1200 1187 1397 1234; x_wconf 88' lang='lat' dir='ltr'>alterum.</span> <span class='ocrx_word' id='word_1_157' title='bbox 1421 1192 1474 1234; x_wconf 89' lang='lat' dir='ltr'>Et</span> <span class='ocrx_word' id='word_1_158' title='bbox 1493 1186 1698 1248; x_wconf 89' lang='lat' dir='ltr'>profecto</span> <span class='ocrx_word' id='word_1_159' title='bbox 1720 1188 1753 1234; x_wconf 92' lang='lat' dir='ltr'>is</span> <span class='ocrx_word' id='word_1_160' title='bbox 1776 1187 1886 1233; x_wconf 92' lang='lat' dir='ltr'>mihi</span> <span class='ocrx_word' id='word_1_161' title='bbox 1905 1188 1990 1248; x_wconf 86' lang='lat' dir='ltr'>pri-</span> 
     </span>
     <span class='ocr_line' id='line_1_16' title="bbox 180 1255 1992 1316; baseline -0.001 -13"><span class='ocrx_word' id='word_1_162' title='bbox 180 1274 256 1303; x_wconf 91' lang='lat' dir='ltr'>mo</span> <span class='ocrx_word' id='word_1_163' title='bbox 284 1257 417 1303; x_wconf 90' lang='lat' dir='ltr'>etiam</span> <span class='ocrx_word' id='word_1_164' title='bbox 444 1274 676 1316; x_wconf 88' lang='lat' dir='ltr'>congressu</span> <span class='ocrx_word' id='word_1_165' title='bbox 705 1257 820 1302; x_wconf 91' lang='lat' dir='ltr'>visus</span> <span class='ocrx_word' id='word_1_166' title='bbox 848 1269 910 1302; x_wconf 86' lang='lat' dir='ltr'>est</span> <span class='ocrx_word' id='word_1_167' title='bbox 937 1256 1012 1316; x_wconf 91' lang='lat' dir='ltr'>qui</span> <span class='ocrx_word' id='word_1_168' title='bbox 1037 1273 1061 1302; x_wconf 89' lang='lat' dir='ltr'>a</span> <span class='ocrx_word' id='word_1_169' title='bbox 1085 1269 1127 1302; x_wconf 90' lang='lat' dir='ltr'>te</span> <span class='ocrx_word' id='word_1_170' title='bbox 1153 1255 1391 1315; x_wconf 89' lang='lat' dir='ltr'>effingitur,</span> <span class='ocrx_word' id='word_1_171' title='bbox 1418 1256 1486 1301; x_wconf 89' lang='lat' dir='ltr'>vir</span> <span class='ocrx_word' id='word_1_172' title='bbox 1510 1255 1688 1315; x_wconf 91' lang='lat' dir='ltr'>probus,</span> <span class='ocrx_word' id='word_1_173' title='bbox 1721 1255 1992 1302; x_wconf 90' lang='lat' dir='ltr'>humanitate</span> 
     </span>
     <span class='ocr_line' id='line_1_17' title="bbox 180 1322 1993 1385; baseline -0.001 -14"><span class='ocrx_word' id='word_1_174' title='bbox 180 1339 310 1385; x_wconf 91' lang='lat' dir='ltr'>atque</span> <span class='ocrx_word' id='word_1_175' title='bbox 326 1323 575 1370; x_wconf 91' lang='lat' dir='ltr'>eruditione</span> <span class='ocrx_word' id='word_1_176' title='bbox 591 1324 787 1384; x_wconf 88' lang='lat' dir='ltr'>apprime</span> <span class='ocrx_word' id='word_1_177' title='bbox 807 1323 958 1380; x_wconf 83' lang='lat' dir='ltr'>clarus3</span> <span class='ocrx_word' id='word_1_178' title='bbox 976 1324 1065 1370; x_wconf 91' lang='lat' dir='ltr'>eius</span> <span class='ocrx_word' id='word_1_179' title='bbox 1082 1341 1178 1370; x_wconf 91' lang='lat' dir='ltr'>sum</span> <span class='ocrx_word' id='word_1_180' title='bbox 1196 1322 1331 1370; x_wconf 86' lang='lat' dir='ltr'>affatu</span> <span class='ocrx_word' id='word_1_181' title='bbox 1344 1323 1631 1370; x_wconf 89' lang='lat' dir='ltr'>vehementer</span> <span class='ocrx_word' id='word_1_182' title='bbox 1645 1322 1894 1370; x_wconf 91' lang='lat' dir='ltr'>delectatus.</span> <span class='ocrx_word' id='word_1_183' title='bbox 1909 1323 1993 1370; x_wconf 91' lang='lat' dir='ltr'>Sed</span> 
     </span>
     <span class='ocr_line' id='line_1_18' title="bbox 180 1390 1992 1452; baseline 0 -13"><span class='ocrx_word' id='word_1_184' title='bbox 180 1393 298 1440; x_wconf 89' lang='lat' dir='ltr'>auxit</span> <span class='ocrx_word' id='word_1_185' title='bbox 320 1392 389 1439; x_wconf 91' lang='lat' dir='ltr'>ille</span> <span class='ocrx_word' id='word_1_186' title='bbox 409 1393 527 1439; x_wconf 87' lang='lat' dir='ltr'>sitim</span> <span class='ocrx_word' id='word_1_187' title='bbox 551 1410 709 1448; x_wconf 87' lang='lat' dir='ltr'>meam,</span> <span class='ocrx_word' id='word_1_188' title='bbox 732 1410 823 1439; x_wconf 92' lang='lat' dir='ltr'>non</span> <span class='ocrx_word' id='word_1_189' title='bbox 845 1393 1056 1439; x_wconf 64' lang='lat' dir='ltr'>restinxit.</span> <span class='ocrx_word' id='word_1_190' title='bbox 1079 1391 1203 1451; x_wconf 88' lang='lat' dir='ltr'>Quid</span> <span class='ocrx_word' id='word_1_191' title='bbox 1224 1391 1336 1448; x_wconf 87' lang='lat' dir='ltr'>fons,</span> <span class='ocrx_word' id='word_1_192' title='bbox 1358 1392 1551 1452; x_wconf 90' lang='lat' dir='ltr'>inquam,</span> <span class='ocrx_word' id='word_1_193' title='bbox 1572 1390 1783 1452; x_wconf 87' lang='lat' dir='ltr'>praebet,l</span> <span class='ocrx_word' id='word_1_194' title='bbox 1804 1392 1838 1439; x_wconf 85' lang='lat' dir='ltr'>si</span> <span class='ocrx_word' id='word_1_195' title='bbox 1860 1392 1905 1438; x_wconf 91' lang='lat' dir='ltr'>in</span> <span class='ocrx_word' id='word_1_196' title='bbox 1927 1391 1992 1439; x_wconf 93' lang='lat' dir='ltr'>his</span> 
     </span>
     <span class='ocr_line' id='line_1_19' title="bbox 180 1454 1993 1521; baseline 0 -14"><span class='ocrx_word' id='word_1_197' title='bbox 180 1461 330 1508; x_wconf 84' lang='lat' dir='ltr'>rivulis</span> <span class='ocrx_word' id='word_1_198' title='bbox 357 1475 532 1508; x_wconf 89' lang='lat' dir='ltr'>tantum</span> <span class='ocrx_word' id='word_1_199' title='bbox 559 1475 620 1508; x_wconf 91' lang='lat' dir='ltr'>est</span> <span class='ocrx_word' id='word_1_200' title='bbox 646 1461 889 1508; x_wconf 86' lang='lat' dir='ltr'>suavitatis?</span> <span class='ocrx_word' id='word_1_201' title='bbox 916 1460 1167 1507; x_wconf 90' lang='lat' dir='ltr'>Leonardus</span> <span class='ocrx_word' id='word_1_202' title='bbox 1194 1461 1325 1508; x_wconf 92' lang='lat' dir='ltr'>etiam</span> <span class='ocrx_word' id='word_1_203' title='bbox 1353 1454 1723 1516; x_wconf 78' lang='lat' dir='ltr'>Benevolentius,d</span> <span class='ocrx_word' id='word_1_204' title='bbox 1749 1460 1912 1521; x_wconf 87' lang='lat' dir='ltr'>legatus</span> <span class='ocrx_word' id='word_1_205' title='bbox 1938 1459 1993 1507; x_wconf 87' lang='lat' dir='ltr'>ad</span> 
     </span>
     <span class='ocr_line' id='line_1_20' title="bbox 180 1528 1994 1590; baseline 0 -14"><span class='ocrx_word' id='word_1_206' title='bbox 180 1547 261 1577; x_wconf 90' lang='lat' dir='ltr'>nos</span> <span class='ocrx_word' id='word_1_207' title='bbox 284 1530 484 1576; x_wconf 90' lang='lat' dir='ltr'>Senensis</span> <span class='ocrx_word' id='word_1_208' title='bbox 508 1544 549 1576; x_wconf 93' lang='lat' dir='ltr'>et</span> <span class='ocrx_word' id='word_1_209' title='bbox 571 1547 661 1590; x_wconf 94' lang='lat' dir='ltr'>quo</span> <span class='ocrx_word' id='word_1_210' title='bbox 685 1547 754 1576; x_wconf 89' lang='lat' dir='ltr'>me</span> <span class='ocrx_word' id='word_1_211' title='bbox 778 1530 958 1576; x_wconf 90' lang='lat' dir='ltr'>nomine</span> <span class='ocrx_word' id='word_1_212' title='bbox 983 1528 1183 1576; x_wconf 87' lang='lat' dir='ltr'>salutavit</span> <span class='ocrx_word' id='word_1_213' title='bbox 1206 1543 1247 1576; x_wconf 90' lang='lat' dir='ltr'>et</span> <span class='ocrx_word' id='word_1_214' title='bbox 1269 1530 1404 1576; x_wconf 87' lang='lat' dir='ltr'>animi</span> <span class='ocrx_word' id='word_1_215' title='bbox 1426 1529 1751 1589; x_wconf 88' lang='lat' dir='ltr'>voluntatisque</span> <span class='ocrx_word' id='word_1_216' title='bbox 1775 1543 1874 1576; x_wconf 91' lang='lat' dir='ltr'>tuae</span> <span class='ocrx_word' id='word_1_217' title='bbox 1895 1546 1994 1589; x_wconf 86' lang='lat' dir='ltr'>erga</span> 
     </span>
     <span class='ocr_line' id='line_1_21' title="bbox 180 1595 1990 1659; baseline -0.001 -14"><span class='ocrx_word' id='word_1_218' title='bbox 180 1617 250 1645; x_wconf 92' lang='lat' dir='ltr'>me</span> <span class='ocrx_word' id='word_1_219' title='bbox 279 1598 675 1659; x_wconf 87' lang='lat' dir='ltr'>locupletissimum</span> <span class='ocrx_word' id='word_1_220' title='bbox 706 1612 863 1645; x_wconf 91' lang='lat' dir='ltr'>testem</span> <span class='ocrx_word' id='word_1_221' title='bbox 889 1616 977 1645; x_wconf 89' lang='lat' dir='ltr'>sese</span> <span class='ocrx_word' id='word_1_222' title='bbox 1003 1597 1216 1658; x_wconf 91' lang='lat' dir='ltr'>praebuit.</span> <span class='ocrx_word' id='word_1_223' title='bbox 1246 1602 1357 1644; x_wconf 92' lang='lat' dir='ltr'>Non</span> <span class='ocrx_word' id='word_1_224' title='bbox 1386 1595 1509 1658; x_wconf 86' lang='lat' dir='ltr'>egeo2</span> <span class='ocrx_word' id='word_1_225' title='bbox 1540 1598 1625 1644; x_wconf 89' lang='lat' dir='ltr'>iam</span> <span class='ocrx_word' id='word_1_226' title='bbox 1653 1596 1834 1644; x_wconf 88' lang='lat' dir='ltr'>testibus</span> <span class='ocrx_word' id='word_1_227' title='bbox 1865 1596 1990 1658; x_wconf 92' lang='lat' dir='ltr'>(mihi</span> 
     </span>
     <span class='ocr_line' id='line_1_22' title="bbox 180 1666 1990 1727; baseline -0.001 -13"><span class='ocrx_word' id='word_1_228' title='bbox 180 1667 339 1727; x_wconf 91' lang='lat' dir='ltr'>crede),</span> <span class='ocrx_word' id='word_1_229' title='bbox 359 1681 514 1713; x_wconf 89' lang='lat' dir='ltr'>natura</span> <span class='ocrx_word' id='word_1_230' title='bbox 534 1667 624 1727; x_wconf 89' lang='lat' dir='ltr'>ipsa</span> <span class='ocrx_word' id='word_1_231' title='bbox 644 1681 793 1714; x_wconf 90' lang='lat' dir='ltr'>nostra</span> <span class='ocrx_word' id='word_1_232' title='bbox 812 1667 912 1713; x_wconf 92' lang='lat' dir='ltr'>satis</span> <span class='ocrx_word' id='word_1_233' title='bbox 931 1666 1201 1713; x_wconf 89' lang='lat' dir='ltr'>testificatur.</span> <span class='ocrx_word' id='word_1_234' title='bbox 1222 1670 1320 1727; x_wconf 89' lang='lat' dir='ltr'>Ago</span> <span class='ocrx_word' id='word_1_235' title='bbox 1341 1681 1489 1713; x_wconf 92' lang='lat' dir='ltr'>tamen</span> <span class='ocrx_word' id='word_1_236' title='bbox 1508 1666 1589 1713; x_wconf 92' lang='lat' dir='ltr'>tibi</span> <span class='ocrx_word' id='word_1_237' title='bbox 1608 1667 1804 1726; x_wconf 88' lang='lat' dir='ltr'>ingentes</span> <span class='ocrx_word' id='word_1_238' title='bbox 1821 1666 1990 1726; x_wconf 90' lang='lat' dir='ltr'>gratias,</span> 
     </span>
     <span class='ocr_line' id='line_1_23' title="bbox 180 1733 1992 1796; baseline 0 -14"><span class='ocrx_word' id='word_1_239' title='bbox 180 1736 254 1796; x_wconf 90' lang='lat' dir='ltr'>qui</span> <span class='ocrx_word' id='word_1_240' title='bbox 273 1750 447 1782; x_wconf 89' lang='lat' dir='ltr'>tantum</span> <span class='ocrx_word' id='word_1_241' title='bbox 466 1734 631 1782; x_wconf 89' lang='lat' dir='ltr'>tribuas</span> <span class='ocrx_word' id='word_1_242' title='bbox 651 1735 779 1782; x_wconf 92' lang='lat' dir='ltr'>nobis</span> <span class='ocrx_word' id='word_1_243' title='bbox 800 1749 841 1782; x_wconf 92' lang='lat' dir='ltr'>et</span> <span class='ocrx_word' id='word_1_244' title='bbox 859 1734 1166 1782; x_wconf 88' lang='lat' dir='ltr'>necessitudini</span> <span class='ocrx_word' id='word_1_245' title='bbox 1186 1749 1373 1791; x_wconf 89' lang='lat' dir='ltr'>nostrae,</span> <span class='ocrx_word' id='word_1_246' title='bbox 1392 1749 1440 1782; x_wconf 90' lang='lat' dir='ltr'>ut</span> <span class='ocrx_word' id='word_1_247' title='bbox 1459 1734 1629 1781; x_wconf 93' lang='lat' dir='ltr'>nullum</span> <span class='ocrx_word' id='word_1_248' title='bbox 1651 1733 1852 1781; x_wconf 87' lang='lat' dir='ltr'>officium</span> <span class='ocrx_word' id='word_1_249' title='bbox 1872 1752 1992 1782; x_wconf 92' lang='lat' dir='ltr'>accu-</span> 
     </span>
     <span class='ocr_line' id='line_1_24' title="bbox 180 1802 1989 1864; baseline 0 -14"><span class='ocrx_word' id='word_1_250' title='bbox 180 1803 378 1851; x_wconf 89' lang='lat' dir='ltr'>mulandi</span> <span class='ocrx_word' id='word_1_251' title='bbox 414 1804 576 1851; x_wconf 89' lang='lat' dir='ltr'>amoris</span> <span class='ocrx_word' id='word_1_252' title='bbox 611 1804 945 1864; x_wconf 87' lang='lat' dir='ltr'>praetermittas.</span> <span class='ocrx_word' id='word_1_253' title='bbox 981 1803 1318 1850; x_wconf 90' lang='lat' dir='ltr'>Benevolentius</span> <span class='ocrx_word' id='word_1_254' title='bbox 1354 1818 1515 1860; x_wconf 88' lang='lat' dir='ltr'>autem,</span> <span class='ocrx_word' id='word_1_255' title='bbox 1550 1821 1681 1864; x_wconf 93' lang='lat' dir='ltr'>quem</span> <span class='ocrx_word' id='word_1_256' title='bbox 1718 1802 1905 1850; x_wconf 93' lang='lat' dir='ltr'>iucunde</span> <span class='ocrx_word' id='word_1_257' title='bbox 1940 1817 1989 1850; x_wconf 93' lang='lat' dir='ltr'>ut</span> 
     </span>
     <span class='ocr_line' id='line_1_25' title="bbox 180 1871 1994 1932; baseline 0 -14"><span class='ocrx_word' id='word_1_258' title='bbox 180 1873 352 1920; x_wconf 89' lang='lat' dir='ltr'>intuear</span> <span class='ocrx_word' id='word_1_259' title='bbox 370 1872 505 1928; x_wconf 89' lang='lat' dir='ltr'>iubes,</span> <span class='ocrx_word' id='word_1_260' title='bbox 530 1890 632 1919; x_wconf 94' lang='lat' dir='ltr'>amo</span> <span class='ocrx_word' id='word_1_261' title='bbox 654 1871 943 1932; x_wconf 91' lang='lat' dir='ltr'>observoque;</span> <span class='ocrx_word' id='word_1_262' title='bbox 966 1871 1040 1919; x_wconf 91' lang='lat' dir='ltr'>diu</span> <span class='ocrx_word' id='word_1_263' title='bbox 1062 1886 1210 1919; x_wconf 90' lang='lat' dir='ltr'>nostra</span> <span class='ocrx_word' id='word_1_264' title='bbox 1230 1872 1361 1919; x_wconf 90' lang='lat' dir='ltr'>etiam</span> <span class='ocrx_word' id='word_1_265' title='bbox 1383 1872 1532 1919; x_wconf 90' lang='lat' dir='ltr'>civitas</span> <span class='ocrx_word' id='word_1_266' title='bbox 1550 1871 1820 1932; x_wconf 88' lang='lat' dir='ltr'>probitatem</span> <span class='ocrx_word' id='word_1_267' title='bbox 1841 1872 1931 1919; x_wconf 92' lang='lat' dir='ltr'>eius</span> <span class='ocrx_word' id='word_1_268' title='bbox 1952 1886 1994 1919; x_wconf 91' lang='lat' dir='ltr'>et</span> 
     </span>
     <span class='ocr_line' id='line_1_26' title="bbox 178 1939 1994 2001; baseline -0.001 -13"><span class='ocrx_word' id='word_1_269' title='bbox 178 1942 438 2001; x_wconf 90' lang='lat' dir='ltr'>sapientiam</span> <span class='ocrx_word' id='word_1_270' title='bbox 468 1942 608 1997; x_wconf 90' lang='lat' dir='ltr'>novit,</span> <span class='ocrx_word' id='word_1_271' title='bbox 638 1955 679 1987; x_wconf 92' lang='lat' dir='ltr'>et</span> <span class='ocrx_word' id='word_1_272' title='bbox 707 1940 835 1987; x_wconf 91' lang='lat' dir='ltr'>habet</span> <span class='ocrx_word' id='word_1_273' title='bbox 865 1941 909 1986; x_wconf 94' lang='lat' dir='ltr'>in</span> <span class='ocrx_word' id='word_1_274' title='bbox 936 1958 1113 1988; x_wconf 92' lang='lat' dir='ltr'>summo</span> <span class='ocrx_word' id='word_1_275' title='bbox 1140 1939 1316 2001; x_wconf 82' lang='lat' dir='ltr'>pretio.3</span> <span class='ocrx_word' id='word_1_276' title='bbox 1345 1944 1562 1987; x_wconf 92' lang='lat' dir='ltr'>Cosmum</span> <span class='ocrx_word' id='word_1_277' title='bbox 1594 1958 1770 2001; x_wconf 91' lang='lat' dir='ltr'>quoque</span> <span class='ocrx_word' id='word_1_278' title='bbox 1798 1939 1994 1987; x_wconf 91' lang='lat' dir='ltr'>Medices</span> 
     </span>
     <span class='ocr_line' id='line_1_27' title="bbox 180 2008 1988 2069; baseline -0.001 -13"><span class='ocrx_word' id='word_1_279' title='bbox 180 2024 343 2065; x_wconf 92' lang='lat' dir='ltr'>noster,</span> <span class='ocrx_word' id='word_1_280' title='bbox 371 2027 503 2069; x_wconf 93' lang='lat' dir='ltr'>quem</span> <span class='ocrx_word' id='word_1_281' title='bbox 529 2027 609 2069; x_wconf 91' lang='lat' dir='ltr'>ego</span> <span class='ocrx_word' id='word_1_282' title='bbox 636 2008 880 2055; x_wconf 90' lang='lat' dir='ltr'>humanum</span> <span class='ocrx_word' id='word_1_283' title='bbox 907 2012 1056 2055; x_wconf 92' lang='lat' dir='ltr'>Deum</span> <span class='ocrx_word' id='word_1_284' title='bbox 1084 2008 1298 2069; x_wconf 88' lang='lat' dir='ltr'>appellare</span> <span class='ocrx_word' id='word_1_285' title='bbox 1322 2026 1419 2055; x_wconf 90' lang='lat' dir='ltr'>sum</span> <span class='ocrx_word' id='word_1_286' title='bbox 1443 2008 1596 2055; x_wconf 89' lang='lat' dir='ltr'>solitus</span> <span class='ocrx_word' id='word_1_287' title='bbox 1626 2009 1842 2068; x_wconf 90' lang='lat' dir='ltr'>(naturam</span> <span class='ocrx_word' id='word_1_288' title='bbox 1869 2009 1988 2055; x_wconf 89' lang='lat' dir='ltr'>enim</span> 
     </span>
     <span class='ocr_line' id='line_1_28' title="bbox 181 2076 1987 2137; baseline -0.001 -14"><span class='ocrx_word' id='word_1_289' title='bbox 181 2076 416 2123; x_wconf 92' lang='lat' dir='ltr'>hominum</span> <span class='ocrx_word' id='word_1_290' title='bbox 441 2077 604 2123; x_wconf 88' lang='lat' dir='ltr'>virtute</span> <span class='ocrx_word' id='word_1_291' title='bbox 623 2091 664 2123; x_wconf 91' lang='lat' dir='ltr'>et</span> <span class='ocrx_word' id='word_1_292' title='bbox 684 2077 895 2137; x_wconf 89' lang='lat' dir='ltr'>sapientia</span> <span class='ocrx_word' id='word_1_293' title='bbox 912 2094 988 2123; x_wconf 91' lang='lat' dir='ltr'>sua</span> <span class='ocrx_word' id='word_1_294' title='bbox 1007 2077 1240 2137; x_wconf 85' lang='lat' dir='ltr'>superavit)</span> <span class='ocrx_word' id='word_1_295' title='bbox 1263 2076 1315 2123; x_wconf 91' lang='lat' dir='ltr'>de</span> <span class='ocrx_word' id='word_1_296' title='bbox 1336 2076 1653 2123; x_wconf 90' lang='lat' dir='ltr'>Benevolentio</span> <span class='ocrx_word' id='word_1_297' title='bbox 1670 2093 1987 2136; x_wconf 87' lang='lat' dir='ltr'>saepenumero</span> 
     </span>
     <span class='ocr_line' id='line_1_29' title="bbox 180 2144 1991 2206; baseline -0.001 -14"><span class='ocrx_word' id='word_1_298' title='bbox 180 2144 419 2205; x_wconf 91' lang='lat' dir='ltr'>condignas</span> <span class='ocrx_word' id='word_1_299' title='bbox 440 2144 619 2206; x_wconf 90' lang='lat' dir='ltr'>quidem</span> <span class='ocrx_word' id='word_1_300' title='bbox 637 2144 904 2206; x_wconf 88' lang='lat' dir='ltr'>praedicavit</span> <span class='ocrx_word' id='word_1_301' title='bbox 923 2144 1082 2192; x_wconf 86' lang='lat' dir='ltr'>laudes.</span> <span class='ocrx_word' id='word_1_302' title='bbox 1103 2149 1214 2192; x_wconf 93' lang='lat' dir='ltr'>Non</span> <span class='ocrx_word' id='word_1_303' title='bbox 1234 2163 1413 2206; x_wconf 87' lang='lat' dir='ltr'>possum</span> <span class='ocrx_word' id='word_1_304' title='bbox 1437 2163 1529 2192; x_wconf 94' lang='lat' dir='ltr'>non</span> <span class='ocrx_word' id='word_1_305' title='bbox 1550 2159 1670 2192; x_wconf 90' lang='lat' dir='ltr'>totus</span> <span class='ocrx_word' id='word_1_306' title='bbox 1690 2162 1777 2192; x_wconf 91' lang='lat' dir='ltr'>esse</span> <span class='ocrx_word' id='word_1_307' title='bbox 1799 2148 1991 2191; x_wconf 88' lang='lat' dir='ltr'>Benevo-</span> 
     </span>
     <span class='ocr_line' id='line_1_30' title="bbox 178 2212 1988 2274; baseline -0.001 -13"><span class='ocrx_word' id='word_1_308' title='bbox 178 2214 316 2261; x_wconf 90' lang='lat' dir='ltr'>lentii.</span> <span class='ocrx_word' id='word_1_309' title='bbox 349 2215 391 2261; x_wconf 89' lang='lat' dir='ltr'>Si</span> <span class='ocrx_word' id='word_1_310' title='bbox 425 2213 479 2261; x_wconf 92' lang='lat' dir='ltr'>ad</span> <span class='ocrx_word' id='word_1_311' title='bbox 508 2232 610 2261; x_wconf 90' lang='lat' dir='ltr'>eum</span> <span class='ocrx_word' id='word_1_312' title='bbox 643 2212 898 2274; x_wconf 85' lang='lat' dir='ltr'>scripseris,⁴</span> <span class='ocrx_word' id='word_1_313' title='bbox 930 2213 1063 2261; x_wconf 89' lang='lat' dir='ltr'>facito</span> <span class='ocrx_word' id='word_1_314' title='bbox 1093 2229 1140 2261; x_wconf 92' lang='lat' dir='ltr'>ut</span> <span class='ocrx_word' id='word_1_315' title='bbox 1175 2214 1213 2261; x_wconf 90' lang='lat' dir='ltr'>ei</span> <span class='ocrx_word' id='word_1_316' title='bbox 1244 2232 1313 2261; x_wconf 92' lang='lat' dir='ltr'>me</span> <span class='ocrx_word' id='word_1_317' title='bbox 1347 2232 1478 2274; x_wconf 91' lang='lat' dir='ltr'>quam</span> <span class='ocrx_word' id='word_1_318' title='bbox 1511 2213 1836 2274; x_wconf 90' lang='lat' dir='ltr'>diligentissime</span> <span class='ocrx_word' id='word_1_319' title='bbox 1871 2231 1988 2260; x_wconf 92' lang='lat' dir='ltr'>com-</span> 
     </span>
     <span class='ocr_line' id='line_1_31' title="bbox 180 2282 1317 2343; baseline 0 -14"><span class='ocrx_word' id='word_1_320' title='bbox 180 2282 360 2330; x_wconf 93' lang='lat' dir='ltr'>mendes</span> <span class='ocrx_word' id='word_1_321' title='bbox 383 2301 431 2330; x_wconf 93' lang='lat' dir='ltr'>ac</span> <span class='ocrx_word' id='word_1_322' title='bbox 451 2297 598 2330; x_wconf 90' lang='lat' dir='ltr'>totum</span> <span class='ocrx_word' id='word_1_323' title='bbox 622 2282 777 2330; x_wconf 86' lang='lat' dir='ltr'>tradas.</span> <span class='ocrx_word' id='word_1_324' title='bbox 801 2287 915 2329; x_wconf 89' lang='lat' dir='ltr'>Bene</span> <span class='ocrx_word' id='word_1_325' title='bbox 937 2300 985 2330; x_wconf 92' lang='lat' dir='ltr'>ac</span> <span class='ocrx_word' id='word_1_326' title='bbox 1004 2282 1186 2343; x_wconf 90' lang='lat' dir='ltr'>longum</span> <span class='ocrx_word' id='word_1_327' title='bbox 1211 2282 1317 2330; x_wconf 88' lang='lat' dir='ltr'>vale.</span> 
     </span>
    </p>
   </div>
   <div class='ocr_carea' id='block_1_3' title="bbox 178 2752 1993 3010">
    <p class='ocr_par' dir='ltr' id='par_1_3' title="bbox 178 2752 1993 3010">
     <span class='ocr_line' id='line_1_32' title="bbox 259 2752 1985 2800; baseline -0.001 -9"><span class='ocrx_word' id='word_1_328' title='bbox 259 2759 272 2773; x_wconf 71' lang='lat'><strong><em>⁶</em></strong></span> <span class='ocrx_word' id='word_1_329' title='bbox 288 2755 406 2791; x_wconf 90' lang='lat' dir='ltr'>Cione</span> <span class='ocrx_word' id='word_1_330' title='bbox 421 2754 458 2791; x_wconf 93' lang='lat' dir='ltr'>di</span> <span class='ocrx_word' id='word_1_331' title='bbox 474 2754 638 2798; x_wconf 86' lang='lat' dir='ltr'>Urbano,</span> <span class='ocrx_word' id='word_1_332' title='bbox 655 2766 767 2791; x_wconf 90' lang='lat' dir='ltr'>count</span> <span class='ocrx_word' id='word_1_333' title='bbox 783 2753 824 2791; x_wconf 89' lang='lat' dir='ltr'>of</span> <span class='ocrx_word' id='word_1_334' title='bbox 837 2755 971 2791; x_wconf 86' lang='lat' dir='ltr'>Lattaia</span> <span class='ocrx_word' id='word_1_335' title='bbox 983 2753 1054 2791; x_wconf 88' lang='lat' dir='ltr'>and</span> <span class='ocrx_word' id='word_1_336' title='bbox 1067 2754 1132 2791; x_wconf 86' lang='lat' dir='ltr'>last</span> <span class='ocrx_word' id='word_1_337' title='bbox 1146 2753 1228 2791; x_wconf 92' lang='lat' dir='ltr'>lord</span> <span class='ocrx_word' id='word_1_338' title='bbox 1242 2753 1283 2791; x_wconf 89' lang='lat' dir='ltr'>of</span> <span class='ocrx_word' id='word_1_339' title='bbox 1296 2755 1385 2791; x_wconf 86' lang='lat' dir='ltr'>Ravi</span> <span class='ocrx_word' id='word_1_340' title='bbox 1400 2754 1439 2790; x_wconf 92' lang='lat' dir='ltr'>in</span> <span class='ocrx_word' id='word_1_341' title='bbox 1452 2753 1514 2791; x_wconf 90' lang='lat' dir='ltr'>the</span> <span class='ocrx_word' id='word_1_342' title='bbox 1529 2756 1728 2790; x_wconf 87' lang='lat' dir='ltr'>Maremma</span> <span class='ocrx_word' id='word_1_343' title='bbox 1745 2752 1985 2800; x_wconf 88' lang='lat'>(1418-1505).</span> 
     </span>
     <span class='ocr_line' id='line_1_33' title="bbox 178 2803 1993 2853; baseline -0.001 -11"><span class='ocrx_word' id='word_1_344' title='bbox 178 2808 229 2842; x_wconf 53' lang='lat' dir='ltr'>A&lt;</span> <span class='ocrx_word' id='word_1_345' title='bbox 246 2819 266 2843; x_wconf 88' lang='lat' dir='ltr'>a</span> <span class='ocrx_word' id='word_1_346' title='bbox 281 2806 413 2843; x_wconf 88' lang='lat' dir='ltr'>citizen</span> <span class='ocrx_word' id='word_1_347' title='bbox 430 2805 471 2842; x_wconf 91' lang='lat' dir='ltr'>of</span> <span class='ocrx_word' id='word_1_348' title='bbox 485 2806 588 2843; x_wconf 86' lang='lat' dir='ltr'>Siena</span> <span class='ocrx_word' id='word_1_349' title='bbox 604 2805 690 2842; x_wconf 91' lang='lat' dir='ltr'>who</span> <span class='ocrx_word' id='word_1_350' title='bbox 709 2805 781 2843; x_wconf 80' lang='lat' dir='ltr'>also</span> <span class='ocrx_word' id='word_1_351' title='bbox 800 2805 953 2853; x_wconf 90' lang='lat' dir='ltr'>enjoyed</span> <span class='ocrx_word' id='word_1_352' title='bbox 971 2819 989 2843; x_wconf 86' lang='lat' dir='ltr'>a</span> <span class='ocrx_word' id='word_1_353' title='bbox 1005 2805 1099 2843; x_wconf 91' lang='lat' dir='ltr'>close</span> <span class='ocrx_word' id='word_1_354' title='bbox 1118 2805 1351 2853; x_wconf 82' lang='lat' dir='ltr'>relationship</span> <span class='ocrx_word' id='word_1_355' title='bbox 1366 2804 1457 2842; x_wconf 89' lang='lat' dir='ltr'>with</span> <span class='ocrx_word' id='word_1_356' title='bbox 1471 2804 1533 2842; x_wconf 90' lang='lat' dir='ltr'>the</span> <span class='ocrx_word' id='word_1_357' title='bbox 1549 2804 1693 2847; x_wconf 89' lang='lat' dir='ltr'>Medici,</span> <span class='ocrx_word' id='word_1_358' title='bbox 1713 2803 1758 2841; x_wconf 93' lang='lat' dir='ltr'>he</span> <span class='ocrx_word' id='word_1_359' title='bbox 1775 2818 1845 2841; x_wconf 87' lang='lat' dir='ltr'>was</span> <span class='ocrx_word' id='word_1_360' title='bbox 1863 2803 1993 2852; x_wconf 86' lang='lat' dir='ltr'>clearly</span> 
     </span>
     <span class='ocr_line' id='line_1_34' title="bbox 178 2855 1989 2905; baseline -0.001 -11"><span class='ocrx_word' id='word_1_361' title='bbox 178 2871 198 2894; x_wconf 88' lang='lat' dir='ltr'>a</span> <span class='ocrx_word' id='word_1_362' title='bbox 214 2856 365 2894; x_wconf 86' lang='lat' dir='ltr'>suitable</span> <span class='ocrx_word' id='word_1_363' title='bbox 383 2858 551 2905; x_wconf 87' lang='lat' dir='ltr'>emissary</span> <span class='ocrx_word' id='word_1_364' title='bbox 569 2871 621 2894; x_wconf 92' lang='lat' dir='ltr'>on</span> <span class='ocrx_word' id='word_1_365' title='bbox 636 2856 708 2894; x_wconf 84' lang='lat' dir='ltr'>this</span> <span class='ocrx_word' id='word_1_366' title='bbox 727 2858 903 2901; x_wconf 87' lang='lat' dir='ltr'>occasion,</span> <span class='ocrx_word' id='word_1_367' title='bbox 922 2871 978 2894; x_wconf 89' lang='lat' dir='ltr'>see</span> <span class='ocrx_word' id='word_1_368' title='bbox 998 2860 1161 2894; x_wconf 93' lang='lat' dir='ltr'>Lorenzo</span> <span class='ocrx_word' id='word_1_369' title='bbox 1178 2856 1234 2894; x_wconf 93' lang='lat' dir='ltr'>de&#39;</span> <span class='ocrx_word' id='word_1_370' title='bbox 1253 2856 1396 2900; x_wconf 90' lang='lat' dir='ltr'>Medici,</span> <span class='ocrx_word' id='word_1_371' title='bbox 1415 2859 1544 2894; x_wconf 80' lang='lat' dir='ltr'>Lettere</span> <span class='ocrx_word' id='word_1_372' title='bbox 1561 2859 1585 2900; x_wconf 81' lang='grc' dir='ltr'>Ι,</span> <span class='ocrx_word' id='word_1_373' title='bbox 1603 2859 1749 2900; x_wconf 82' lang='grc'>225-26,</span> <span class='ocrx_word' id='word_1_374' title='bbox 1768 2855 1874 2893; x_wconf 89' lang='lat' dir='ltr'>letter</span> <span class='ocrx_word' id='word_1_375' title='bbox 1890 2858 1931 2893; x_wconf 89' lang='lat'>68</span> <span class='ocrx_word' id='word_1_376' title='bbox 1949 2867 1989 2893; x_wconf 87' lang='lat' dir='ltr'>to</span> 
     </span>
     <span class='ocr_line' id='line_1_35' title="bbox 180 2907 1989 2957; baseline -0.001 -10"><span class='ocrx_word' id='word_1_377' title='bbox 180 2911 299 2948; x_wconf 90' lang='lat' dir='ltr'>Cione</span> <span class='ocrx_word' id='word_1_378' title='bbox 313 2909 411 2948; x_wconf 91' lang='lat' dir='ltr'>from</span> <span class='ocrx_word' id='word_1_379' title='bbox 429 2913 605 2954; x_wconf 91' lang='lat' dir='ltr'>Lorenzo,</span> <span class='ocrx_word' id='word_1_380' title='bbox 622 2914 666 2948; x_wconf 88' lang='grc'>24</span> <span class='ocrx_word' id='word_1_381' title='bbox 682 2912 870 2954; x_wconf 85' lang='lat' dir='ltr'>Oct.1470‚</span> <span class='ocrx_word' id='word_1_382' title='bbox 888 2910 958 2948; x_wconf 85' lang='lat' dir='ltr'>and</span> <span class='ocrx_word' id='word_1_383' title='bbox 973 2922 1059 2948; x_wconf 89' lang='lat' dir='ltr'>note</span> <span class='ocrx_word' id='word_1_384' title='bbox 1077 2913 1106 2954; x_wconf 80' lang='lat'>13</span> <span class='ocrx_word' id='word_1_385' title='bbox 1122 2910 1266 2948; x_wconf 87' lang='lat' dir='ltr'>Missive</span> <span class='ocrx_word' id='word_1_386' title='bbox 1282 2914 1337 2954; x_wconf 88' lang='lat'>45,</span> <span class='ocrx_word' id='word_1_387' title='bbox 1352 2909 1415 2947; x_wconf 88' lang='lat' dir='ltr'>fol.</span> <span class='ocrx_word' id='word_1_388' title='bbox 1433 2913 1496 2947; x_wconf 88' lang='lat' dir='ltr'>87r</span> <span class='ocrx_word' id='word_1_389' title='bbox 1511 2909 1563 2957; x_wconf 88' lang='lat'>(31</span> <span class='ocrx_word' id='word_1_390' title='bbox 1580 2908 1663 2957; x_wconf 85' lang='lat' dir='ltr'>July</span> <span class='ocrx_word' id='word_1_391' title='bbox 1681 2908 1792 2957; x_wconf 85' lang='lat'>1466);</span> <span class='ocrx_word' id='word_1_392' title='bbox 1809 2907 1854 2946; x_wconf 93' lang='lat' dir='ltr'>cf.</span> <span class='ocrx_word' id='word_1_393' title='bbox 1869 2907 1989 2946; x_wconf 87' lang='lat' dir='ltr'>letters</span> 
     </span>
     <span class='ocr_line' id='line_1_36' title="bbox 182 2961 827 3010; baseline 0.003 -12"><span class='ocrx_word' id='word_1_394' title='bbox 182 2965 234 3006; x_wconf 86' lang='lat'>16,</span> <span class='ocrx_word' id='word_1_395' title='bbox 254 2974 341 3000; x_wconf 91' lang='lat' dir='ltr'>note</span> <span class='ocrx_word' id='word_1_396' title='bbox 359 2961 395 3010; x_wconf 94' lang='lat' dir='ltr'>b)</span> <span class='ocrx_word' id='word_1_397' title='bbox 416 2962 530 3000; x_wconf 87' lang='lat' dir='ltr'>above</span> <span class='ocrx_word' id='word_1_398' title='bbox 548 2961 618 3000; x_wconf 88' lang='lat' dir='ltr'>and</span> <span class='ocrx_word' id='word_1_399' title='bbox 638 2965 678 3000; x_wconf 90' lang='lat'>18</span> <span class='ocrx_word' id='word_1_400' title='bbox 698 2962 827 3000; x_wconf 89' lang='lat' dir='ltr'>below.</span> 
     </span>
    </p>
   </div>
   <div class='ocr_carea' id='block_1_4' title="bbox 179 3014 1995 3226">
    <p class='ocr_par' dir='ltr' id='par_1_4' title="bbox 179 3014 1995 3226">
     <span class='ocr_line' id='line_1_37' title="bbox 259 3014 1994 3069; baseline -0.001 -12"><span class='ocrx_word' id='word_1_401' title='bbox 259 3014 275 3038; x_wconf 67' lang='lat'>‘¹</span> <span class='ocrx_word' id='word_1_402' title='bbox 291 3020 462 3059; x_wconf 79' lang='lat' dir='ltr'>Lionando</span> <span class='ocrx_word' id='word_1_403' title='bbox 478 3020 514 3059; x_wconf 92' lang='lat' dir='ltr'>di</span> <span class='ocrx_word' id='word_1_404' title='bbox 530 3021 647 3059; x_wconf 88' lang='lat' dir='ltr'>Guido</span> <span class='ocrx_word' id='word_1_405' title='bbox 665 3021 899 3069; x_wconf 85' lang='lat' dir='ltr'>Benvoglienti</span> <span class='ocrx_word' id='word_1_406' title='bbox 914 3035 981 3058; x_wconf 86' lang='lat' dir='ltr'>was</span> <span class='ocrx_word' id='word_1_407' title='bbox 997 3035 1041 3058; x_wconf 88' lang='lat' dir='ltr'>an</span> <span class='ocrx_word' id='word_1_408' title='bbox 1055 3022 1208 3058; x_wconf 88' lang='lat' dir='ltr'>eminent</span> <span class='ocrx_word' id='word_1_409' title='bbox 1223 3022 1354 3058; x_wconf 61' lang='lat' dir='ltr'>Sienaee</span> <span class='ocrx_word' id='word_1_410' title='bbox 1369 3021 1500 3064; x_wconf 76' lang='lat' dir='ltr'>citizen,</span> <span class='ocrx_word' id='word_1_411' title='bbox 1516 3019 1613 3057; x_wconf 85' lang='lat' dir='ltr'>often</span> <span class='ocrx_word' id='word_1_412' title='bbox 1626 3018 1810 3068; x_wconf 85' lang='lat' dir='ltr'>employed</span> <span class='ocrx_word' id='word_1_413' title='bbox 1824 3033 1874 3056; x_wconf 93' lang='lat' dir='ltr'>on</span> <span class='ocrx_word' id='word_1_414' title='bbox 1887 3018 1994 3067; x_wconf 91' lang='lat' dir='ltr'>diplo-</span> 
     </span>
     <span class='ocr_line' id='line_1_38' title="bbox 179 3070 1994 3117; baseline -0.002 -6"><span class='ocrx_word' id='word_1_415' title='bbox 179 3074 283 3111; x_wconf 86' lang='lat' dir='ltr'>matic</span> <span class='ocrx_word' id='word_1_416' title='bbox 296 3074 468 3117; x_wconf 75' lang='lat' dir='ltr'>missions3</span> <span class='ocrx_word' id='word_1_417' title='bbox 485 3073 528 3111; x_wconf 91' lang='lat' dir='ltr'>he</span> <span class='ocrx_word' id='word_1_418' title='bbox 544 3087 612 3111; x_wconf 85' lang='lat' dir='ltr'>was</span> <span class='ocrx_word' id='word_1_419' title='bbox 629 3073 698 3111; x_wconf 85' lang='lat' dir='ltr'>also</span> <span class='ocrx_word' id='word_1_420' title='bbox 715 3087 734 3111; x_wconf 90' lang='lat' dir='ltr'>a</span> <span class='ocrx_word' id='word_1_421' title='bbox 747 3087 832 3111; x_wconf 90' lang='lat' dir='ltr'>man</span> <span class='ocrx_word' id='word_1_422' title='bbox 846 3073 886 3111; x_wconf 88' lang='lat' dir='ltr'>of</span> <span class='ocrx_word' id='word_1_423' title='bbox 899 3072 1038 3117; x_wconf 87' lang='lat' dir='ltr'>culture,</span> <span class='ocrx_word' id='word_1_424' title='bbox 1051 3087 1106 3111; x_wconf 81' lang='lat' dir='ltr'>see</span> <span class='ocrx_word' id='word_1_425' title='bbox 1122 3073 1292 3111; x_wconf 80' lang='lat' dir='ltr'>G.Pru.nai</span> <span class='ocrx_word' id='word_1_426' title='bbox 1307 3073 1344 3109; x_wconf 90' lang='lat' dir='ltr'>in</span> <span class='ocrx_word' id='word_1_427' title='bbox 1357 3074 1441 3115; x_wconf 88' lang='lat' dir='ltr'>DBI,</span> <span class='ocrx_word' id='word_1_428' title='bbox 1455 3086 1520 3116; x_wconf 69' lang='lat' dir='ltr'>su,</span> <span class='ocrx_word' id='word_1_429' title='bbox 1537 3075 1693 3109; x_wconf 92' lang='lat' dir='ltr'>Lorenzo</span> <span class='ocrx_word' id='word_1_430' title='bbox 1707 3071 1761 3109; x_wconf 87' lang='lat' dir='ltr'>de’</span> <span class='ocrx_word' id='word_1_431' title='bbox 1776 3070 1912 3115; x_wconf 85' lang='lat' dir='ltr'>Medici,</span> <span class='ocrx_word' id='word_1_432' title='bbox 1928 3074 1994 3108; x_wconf 80' lang='lat' dir='ltr'>Let-</span> 
     </span>
     <span class='ocr_line' id='line_1_39' title="bbox 181 3123 1995 3174; baseline -0.002 -11"><span class='ocrx_word' id='word_1_433' title='bbox 181 3136 244 3163; x_wconf 84' lang='lat' dir='ltr'>tere</span> <span class='ocrx_word' id='word_1_434' title='bbox 260 3129 283 3169; x_wconf 84' lang='lat' dir='ltr'>I,</span> <span class='ocrx_word' id='word_1_435' title='bbox 300 3129 439 3169; x_wconf 85' lang='lat'>249—50‚</span> <span class='ocrx_word' id='word_1_436' title='bbox 457 3138 539 3163; x_wconf 88' lang='lat' dir='ltr'>note</span> <span class='ocrx_word' id='word_1_437' title='bbox 559 3129 608 3163; x_wconf 92' lang='lat'>10.</span> <span class='ocrx_word' id='word_1_438' title='bbox 627 3126 692 3163; x_wconf 87' lang='lat' dir='ltr'>His</span> <span class='ocrx_word' id='word_1_439' title='bbox 709 3126 864 3174; x_wconf 83' lang='lat' dir='ltr'>embassy</span> <span class='ocrx_word' id='word_1_440' title='bbox 881 3138 918 3163; x_wconf 91' lang='lat' dir='ltr'>to</span> <span class='ocrx_word' id='word_1_441' title='bbox 938 3125 1098 3163; x_wconf 88' lang='lat' dir='ltr'>Florence</span> <span class='ocrx_word' id='word_1_442' title='bbox 1114 3126 1139 3163; x_wconf 83' lang='lat' dir='ltr'>is</span> <span class='ocrx_word' id='word_1_443' title='bbox 1158 3124 1302 3162; x_wconf 85' lang='lat' dir='ltr'>referred</span> <span class='ocrx_word' id='word_1_444' title='bbox 1316 3137 1354 3162; x_wconf 92' lang='lat' dir='ltr'>to</span> <span class='ocrx_word' id='word_1_445' title='bbox 1371 3126 1408 3161; x_wconf 93' lang='lat' dir='ltr'>in</span> <span class='ocrx_word' id='word_1_446' title='bbox 1424 3125 1563 3162; x_wconf 83' lang='lat' dir='ltr'>Missive</span> <span class='ocrx_word' id='word_1_447' title='bbox 1578 3128 1631 3168; x_wconf 90' lang='lat'>45,</span> <span class='ocrx_word' id='word_1_448' title='bbox 1648 3123 1723 3161; x_wconf 88' lang='lat' dir='ltr'>fols.</span> <span class='ocrx_word' id='word_1_449' title='bbox 1743 3127 1896 3167; x_wconf 85' lang='lat' dir='ltr'>16v-17r,</span> <span class='ocrx_word' id='word_1_450' title='bbox 1913 3126 1995 3160; x_wconf 84' lang='lat' dir='ltr'>24r-</span> 
     </span>
     <span class='ocr_line' id='line_1_40' title="bbox 180 3175 1870 3226; baseline -0.001 -11"><span class='ocrx_word' id='word_1_451' title='bbox 180 3181 250 3222; x_wconf 86' lang='lat' dir='ltr'>25r,</span> <span class='ocrx_word' id='word_1_452' title='bbox 268 3181 343 3222; x_wconf 87' lang='lat' dir='ltr'>28v,</span> <span class='ocrx_word' id='word_1_453' title='bbox 361 3190 413 3215; x_wconf 88' lang='lat' dir='ltr'>etc</span> <span class='ocrx_word' id='word_1_454' title='bbox 431 3178 484 3225; x_wconf 93' lang='lat'>(18</span> <span class='ocrx_word' id='word_1_455' title='bbox 499 3177 588 3226; x_wconf 91' lang='lat' dir='ltr'>July,</span> <span class='ocrx_word' id='word_1_456' title='bbox 608 3181 637 3222; x_wconf 92' lang='lat'>8,</span> <span class='ocrx_word' id='word_1_457' title='bbox 655 3181 697 3215; x_wconf 85' lang='lat'>20</span> <span class='ocrx_word' id='word_1_458' title='bbox 714 3180 847 3226; x_wconf 85' lang='lat' dir='ltr'>August</span> <span class='ocrx_word' id='word_1_459' title='bbox 867 3181 958 3222; x_wconf 81' lang='lat'>1465;</span> <span class='ocrx_word' id='word_1_460' title='bbox 979 3181 1063 3215; x_wconf 92' lang='lat' dir='ltr'>110v</span> <span class='ocrx_word' id='word_1_461' title='bbox 1080 3177 1132 3225; x_wconf 87' lang='lat'>(23</span> <span class='ocrx_word' id='word_1_462' title='bbox 1153 3177 1342 3225; x_wconf 78' lang='lat' dir='ltr'>Oct.1466);</span> <span class='ocrx_word' id='word_1_463' title='bbox 1360 3176 1401 3214; x_wconf 83' lang='lat' dir='ltr'>cf.</span> <span class='ocrx_word' id='word_1_464' title='bbox 1418 3176 1516 3214; x_wconf 90' lang='lat' dir='ltr'>letter</span> <span class='ocrx_word' id='word_1_465' title='bbox 1534 3179 1583 3220; x_wconf 88' lang='lat'>16,</span> <span class='ocrx_word' id='word_1_466' title='bbox 1602 3188 1683 3213; x_wconf 90' lang='lat' dir='ltr'>note</span> <span class='ocrx_word' id='word_1_467' title='bbox 1700 3175 1734 3224; x_wconf 94' lang='lat' dir='ltr'>b)</span> <span class='ocrx_word' id='word_1_468' title='bbox 1753 3175 1870 3213; x_wconf 90' lang='lat' dir='ltr'>above.</span> 
     </span>
    </p>
   </div>
  </div>
 </body>
</html>
