2124 3458
219 182 311 222 370
1833 191 1970 224 PART
1996 192 2027 224 V

988 331 1048 372 16.
1074 326 1270 373 Umbrae

1018 394 1080 449 Bi,
1104 398 1239 440 30r—v

218 495 402 543 <M›edia
424 495 731 542 obscurissima
758 495 803 541 in
827 495 1024 542 convalle
1047 495 1248 556 planities
1274 495 1370 552 fuit,
1393 497 1484 543 sine
1510 496 1678 553 arbore,
1702 498 1794 544 sine
1817 497 1968 558 planta
1991 512 2033 545 et

218 564 429 624 gramine;
456 563 626 610 nudum
654 562 799 610 solum
828 563 935 609 nihil
964 564 1150 610 omnino
1177 564 1328 611 vivum
1356 563 1627 611 admittebat.
1653 569 1702 611 In
1727 583 1822 612 eam
1848 565 2029 613 umbrae

219 646 503 679 mortuorum
546 646 844 679 convenerant
880 646 928 678 ut
966 631 1018 679 de
1053 632 1180 679 rebus
1216 631 1401 692 publicis
1439 632 1749 680 consultarent.
1788 637 2029 695 Erumpere

219 718 374 747 omnes
394 701 439 746 in
459 715 660 761 apertum
679 700 926 761 cupiebant.
947 705 1149 748 Vetustas
1168 700 1381 748 obstabat.
1402 705 1508 748 Eam
1522 702 1706 762 Jupiter,
1727 720 1873 749 rerum
1893 701 2031 750 domi-

219 787 299 816 nus
322 783 451 830 atque
472 768 721 825 hominum,
748 768 976 816 custodem
999 784 1257 830 apposuerat
1280 769 1395 816 unde
1417 788 1504 817 esse
1524 784 1668 830 posset
1691 770 1745 817 ad
1763 788 1942 831 superos
1965 789 2030 832 eg-

219 855 368 885 ressus.
396 841 518 884 Nam
546 838 605 884 ita
626 852 716 884 erat
741 838 1055 898 circumsaepta
1076 837 1277 898 planities
1303 852 1350 885 ut
1374 856 1465 885 uno
1491 838 1716 886 dumtaxat
1738 838 1840 886 loco
1863 853 2032 899 pateret

219 903 409 962 exitus‚¹⁹
445 920 588 953 cetera
619 905 686 952 vel
722 903 1022 952 incustodita20
1059 921 1181 953 erant
1215 907 1385 953 munita
1417 907 1529 953 satis.
1566 911 1768 954 Vetustas
1803 907 1857 954 ad
1889 906 2032 955 fauces

217 974 394 1022 sedebat
418 992 616 1021 concavo
641 975 687 1020 in
711 973 809 1021 tofo
832 988 1042 1034 tanquam
1068 975 1112 1020 in
1138 973 1370 1021 hemiciclo
1396 974 1650 1031 fabrefacto,
1672 975 1785 1022 tristi
1808 993 1856 1022 ac
1878 993 2031 1023 severo

218 1042 358 1099 vultu,
397 1042 532 1103 pallio
572 1042 726 1090 induta
763 1042 1025 1090 versicolore
1065 1044 1130 1090 uti
1168 1044 1418 1104 conspicere
1458 1044 1560 1089 Irim
1598 1043 1800 1091 solemus.
1843 1043 2031 1091 Tabulas

217 1112 391 1158 sinistra
433 1111 670 1171 stilumque
714 1111 921 1171 gestabat,
964 1111 1116 1158 dextra
1153 1111 1424 1171 penicillum,
1468 1111 1611 1158 lethea
1651 1111 1864 1158 infectum
1906 1130 2029 1172 aqua.

219 1179 395 1238 Quibus
416 1193 564 1226 autem
583 1178 850 1226 evolandum
869 1193 990 1235 esset,
1007 1180 1127 1239 prius
1147 1193 1194 1226 ut
1214 1179 1285 1226 illa
1299 1179 1400 1226 stilo
1420 1178 1599 1226 referret
1616 1180 1660 1225 in
1679 1179 1846 1226 tabulas
1863 1197 2030 1226 nomen

218 1262 309 1295 erat
328 1265 513 1294 necesse.
536 1250 663 1306 Quae
680 1246 889 1308 penicillo
910 1261 1048 1294 tactae
1066 1262 1202 1304 erant,
1221 1247 1553 1294 revertebantur
1570 1248 1614 1294 in
1635 1247 1835 1295 tenebras
1852 1247 2031 1308 refugIe-

217 1316 412 1377 bantque
434 1315 592 1363 deinde
614 1315 718 1363 deae
738 1330 1038 1376 conspectum3
1064 1330 1105 1363 et
1123 1315 1332 1376 penicillo
1355 1315 1533 1377 quidem
1555 1334 1686 1376 quam
1706 1315 1808 1363 stilo
1831 1315 2030 1377 frequen-

217 1385 303 1432 tius
327 1384 471 1431 multo
493 1384 711 1431 utebatur.
736 1384 919 1431 Umbris
944 1399 985 1431 et
1007 1402 1124 1431 nunc
1145 1381 1379 1445 perrarus21
1406 1385 1451 1430 in
1474 1384 1616 1432 lucem
1641 1399 1702 1432 est
1722 1402 1985 1445 progressus.

1010 1526 1071 1568 17.
1096 1526 1245 1578 Venus

1017 1590 1079 1646 Bi,
1102 1594 1238 1637 31r-v

217 1696 302 1738 ‹E›t
334 1692 467 1738 tristis
494 1706 693 1738 senectus
722 1706 763 1738 et
791 1691 981 1751 otifugae
1011 1692 1298 1751 cogitationes
1326 1710 1539 1752 curaeque
1568 1692 1726 1738 mentis
1752 1692 2029 1752 procaciores

218 1761 331 1807 inito
352 1761 468 1807 inter
484 1778 527 1807 se
548 1759 739 1816 foedere,
759 1761 1094 1806 coniuraverant
1116 1761 1161 1806 in
1180 1764 1411 1807 Venerem.
1435 1759 1510 1807 Illa
1528 1778 1634 1806 vero
1653 1759 1768 1806 filios
1788 1760 1834 1806 in
1856 1759 2029 1807 hostem

217 1842 461 1875 armaverat
504 1828 634 1884 lusus,
683 1829 790 1875 risus
838 1829 1043 1888 iocosque
1091 1826 1167 1875 et²²
1208 1827 1556 1888 pharetrigerum
1604 1827 1873 1888 Cupidinem
1920 1827 2028 1874 mul-

217 1894 393 1957 tisque²³
421 1911 462 1943 et
486 1896 610 1943 claris
635 1896 798 1943 elatum
822 1897 1018 1942 victoriis
1041 1914 1242 1956 puerum.
1270 1897 1363 1955 Qui
1389 1895 1567 1942 tandem
1591 1913 1691 1942 cum
1719 1895 1836 1942 facto
1858 1896 2029 1955 agmine

217 1964 362 2011 adorti
386 1964 559 2011 hostem
582 1963 762 2011 fuissent
786 1982 926 2024 neque
949 1963 1101 2011 elicere
1122 1965 1166 2010 in
1186 1982 1378 2024 pugnam
1404 1964 1592 2024 quirent,
1614 1963 1735 2024 quod
1756 1964 1870 2010 intra
1890 1963 2030 2010 muni-

218 2047 368 2079 menta
387 2050 476 2079 sese
499 2032 568 2079 ille
590 2033 852 2088 contineret,
873 2037 1021 2079 Venus
1045 2033 1175 2092 Lyaei
1195 2033 1307 2079 vires
1328 2033 1586 2092 Cererisque
1608 2031 1873 2092 imploravit.
1898 2035 2031 2078 Inter-

218 2100 346 2148 fuisse
372 2100 589 2161 nymphas
615 2118 791 2161 quoque
815 2115 1030 2147 terrarum
1053 2115 1094 2147 et
1113 2100 1253 2160 pelagi
1274 2100 1500 2147 salaciores
1521 2115 1650 2160 atque
1672 2117 1853 2147 omnem
1878 2099 2027 2146 mulie-

217 2169 342 2216 brem
377 2168 595 2216 mundum
628 2168 934 2229 prodiderunt.
969 2173 1021 2215 Et
1052 2169 1200 2229 primo
1232 2169 1379 2215 statim
1411 2186 1510 2215 vere
1543 2186 1643 2215 cum
1677 2167 2029 2228 congrederetur,

218 2238 351 2284 etiam
374 2252 512 2284 castra
531 2238 673 2284 evicit.
698 2241 747 2283 In
767 2251 1038 2284 senectutem
1061 2238 1205 2284 minus
1227 2237 1439 2284 saevitum
1462 2251 1523 2284 est
1545 2236 1768 2283 acerbiter.
1792 2237 1941 2283 Ceteri
1962 2254 2031 2283 co-

218 2307 351 2352 niecti
375 2307 420 2351 in
443 2305 618 2352 vincula
640 2306 831 2352 victricis
853 2309 973 2352 Deae
995 2305 1272 2366 triumphurn
1299 2323 1576 2352 exornavere.
1601 2309 1749 2352 Venus
1776 2304 1876 2352 inde
1899 2322 2030 2365 quam

216 2374 423 2421 latissime
448 2388 611 2434 regnat.

974 2514 1035 2556 18.
1060 2509 1281 2570 Proelium

988 2578 1051 2633 Bi,
1074 2582 1265 2624 31v-32r

218 2681 558 2727 ‹C›0nstiterant
586 2680 695 2727 duae
723 2694 911 2727 armatae
936 2698 1058 2741 pares
1085 2681 1194 2727 acies
1218 2679 1398 2740 paulum
1426 2697 1514 2726 sese
1540 2693 1697 2726 mutuo
1726 2693 2028 2739 respectantes.

217 2752 415 2796 Demum
444 2749 656 2796 consertis
682 2748 883 2795 manibus
911 2763 1035 2795 atrox
1060 2748 1134 2795 diu
1160 2762 1381 2795 certamen
1406 2747 1500 2794 fuit.
1527 2748 1748 2808 Utrinque
1773 2746 2026 2807 pugnabant

219 2818 506 2877 imperatores
530 2817 745 2877 imprimis
767 2831 896 2877 atque
916 2817 1060 2863 omnis
1084 2816 1206 2863 miles
1227 2834 1353 2863 suum
1377 2815 1524 2863 locum
1546 2815 1750 2862 tuebatur
1769 2829 1811 2862 et
1829 2814 2027 2862 servabat

219 2885 436 2932 ordinem.
462 2889 564 2932 Erat
589 2900 735 2932 autem
760 2884 812 2931 de
836 2884 1013 2931 militari
1036 2884 1173 2944 gloria
1197 2885 1341 2931 omnis
1367 2884 1596 2931 contentio
1619 2898 1661 2930 et
1685 2897 1950 2930 convenerat
1973 2881 2027 2929 ad

217 2953 516 3014 spectaculum
538 2954 765 3000 universus
789 2952 918 2999 orbis.
943 2957 1095 2999 Musae
1117 2970 1292 3013 quoque
1315 2951 1624 2999 Heliconiades
1646 2950 1809 2998 affuere
1829 2965 1877 2997 ut
1899 2950 2029 2997 matri

220 3022 461 3082 morigerae
481 3020 649 3082 puellae
670 3021 1040 3081 obtemperarent.
1063 3025 1171 3067 Nox
1192 3020 1366 3067 diremit
1387 3019 1604 3080 proelium
1626 3019 1820 3079 utrisque
1841 3036 1924 3079 pro
1943 3018 2028 3065 vic-

219 3090 333 3136 toria
355 3089 557 3149 gratulati
581 3104 860 3150 spectatores3
885 3103 926 3136 et
949 3107 1099 3149 parem
1123 3089 1332 3135 virtutem
1358 3105 1449 3134 non
1476 3088 1616 3148 impar
1638 3086 1774 3147 gloria
1798 3086 2027 3133 subsecuta

219 3172 294 3204 est.
