2124 3458
132 161 305 194 POEMS
1838 156 1930 197 427

252 300 450 344 Pastores
469 298 619 358 pecori
643 297 873 358 fontesque
895 312 937 344 et
958 297 1143 345 flumina
1165 313 1378 359 quaerunt
1774 315 1815 346 ³0

252 364 584 425 Ingrediturque
606 366 721 412 viam
745 366 1005 425 intempesta
1026 380 1156 412 nocte
1178 367 1333 422 viator,

252 432 437 479 Ardoris
460 431 628 492 fugiens
650 433 760 479 acies
779 432 967 493 solisque
992 432 1173 480 furores.

251 504 311 547 At
334 518 435 547 cum
460 500 702 560 regreditur
722 499 998 561 flammisque
1022 501 1266 549 minoribus
1290 517 1413 562 urget

251 572 394 615 Hasce
415 567 559 628 plagas
581 568 687 615 caeli
706 583 999 629 properatque
1021 570 1204 616 invisere
1227 569 1392 630 Apollo

249 635 337 683 Sub
360 637 486 683 terris
507 636 608 683 alias
628 651 777 696 gentes
798 651 1038 697 nostroque
1062 652 1251 684 remotas
1773 654 1813 685 35

250 703 390 759 Orbe,
415 703 621 764 hyemem
645 703 836 751 referens
854 722 1026 752 saevam
1048 720 1289 766 ventosque
1310 721 1529 762 sonantes,

250 771 508 832 Opplentur
531 772 704 819 nivibus
727 773 870 833 campi
893 790 1085 834 canaque
1103 774 1274 834 pruina,

248 841 376 886 Tunc
398 854 440 886 et
461 839 618 887 bruma
639 841 754 900 viget
775 840 1002 901 glacieque·
1017 841 1193 888 obtecta
1213 842 1371 889 nitenti

247 911 358 954 Non
382 906 623 955 formidato
646 908 869 956 calcantur
887 908 1072 956 flumina
1092 927 1231 970 passu.

247 975 350 1022 Vidi
373 994 467 1036 ego,
491 994 592 1023 cum
617 976 808 1024 durasset
830 995 960 1038 aquas
982 977 1036 1024 ad
1055 979 1286 1025 marmoris
1310 979 1446 1026 instar
1771 995 1813 1026 40

248 1047 409 1099 Arnus,
433 1043 656 1091 sufficiens
678 1044 790 1091 ludis
813 1044 987 1092 fluviale
1009 1045 1244 1102 theatrum,

248 1111 475 1158 Insultasse
498 1129 644 1172 greges
666 1113 874 1159 iuvenum
899 1127 1085 1173 tutoque
1106 1113 1286 1160 choreas

246 1179 461 1226 Paulatim
484 1180 676 1227 maribus
700 1181 856 1227 mixtas
877 1181 1053 1240 agitasse
1074 1181 1249 1241 puellas.

245 1249 362 1294 Tum
387 1262 591 1308 repetunt
615 1247 816 1295 homines
838 1248 977 1295 solem
998 1249 1272 1310 pecudesque
1294 1249 1509 1297 calentem

245 1316 510 1376 Frigoraque
533 1317 741 1363 evincunt
763 1315 953 1364 flammis
974 1321 1239 1378 Vestamque
1262 1317 1511 1379 frequentes
1770 1334 1810 1365 45

244 1387 394 1430 Nocte
417 1383 569 1431 colunt
593 1399 865 1445 onerantque
887 1384 1010 1432 focos
1031 1385 1243 1447 silvasque
1266 1386 1461 1447 fatigant.

244 1455 455 1498 Matrona
475 1470 653 1499 accensa
672 1452 789 1499 lanas
810 1468 989 1513 operata
1009 1453 1185 1501 lucerna

244 1523 294 1565 In
315 1537 455 1566 seram
476 1520 624 1580 vigilat
647 1535 826 1567 noctem
847 1522 1045 1582 natisque
1066 1521 1248 1578 laborat,

243 1591 296 1634 Et
320 1587 511 1635 modulis
533 1588 671 1635 solata
692 1590 818 1636 novis
840 1589 1066 1650 dispendia
1085 1591 1230 1637 somni

243 1658 380 1702 Pensa
401 1655 534 1703 trahit
556 1655 701 1703 fusum
725 1656 907 1704 volvens
929 1657 1201 1719 deductaque
1222 1658 1308 1706 fila.
1767 1676 1809 1707 50

241 1724 310 1770 Sic
332 1724 422 1771 duo
443 1724 628 1771 solstitia
651 1726 696 1771 in
716 1740 861 1786 partes
882 1727 1101 1774 contraria
1120 1742 1298 1774 vertunt

241 1794 484 1852 Terrasque
506 1807 755 1853 tractusque
776 1795 906 1840 maris
928 1794 1120 1855 caelique
1139 1795 1374 1855 profunda3

242 1862 403 1906 Cetera
421 1859 497 1906 sed
517 1860 619 1907 solis
642 1875 742 1907 sunt
766 1875 968 1922 tempora
989 1863 1125 1909 mixta
1146 1877 1298 1923 tepore

241 1931 295 1974 Et
318 1929 452 1988 magis
475 1928 703 1976 arboribus
727 1930 972 1990 nostrisque
996 1931 1284 1978 accommoda
1305 1931 1444 1979 rebus:

241 1998 364 2042 Dum
389 1996 500 2043 redit
522 1997 641 2057 itque
663 1998 779 2044 viam
802 1997 1017 2054 Phoebus,
1041 1999 1102 2045 sic
1122 2013 1337 2060 temperat
1358 2018 1536 2047 annum.
1765 2016 1805 2047 55

240 2065 323 2119 Tu,
347 2081 467 2120 vero,
490 2064 662 2111 arborei
683 2066 718 2112 si
740 2080 924 2126 tangunt
945 2081 1097 2127 pectus
1119 2066 1323 2124 honores,

239 2132 282 2178 Si
304 2132 427 2179 cordi
448 2132 554 2180 silva
576 2148 638 2180 est
659 2133 927 2195 umbraeque
950 2149 992 2182 et
1014 2153 1168 2183 amena
1188 2137 1326 2183 vireta

241 2203 464 2261 Pomaque
488 2216 530 2248 et
551 2201 730 2249 Alcinoi
750 2202 946 2250 studium
969 2203 1263 2265 Baccheiaque
1284 2204 1414 2261 dona,

239 2267 394 2328 Delige
417 2287 525 2329 quae
548 2270 705 2330 quibus
730 2271 941 2318 immittas
961 2289 1038 2318 sua
1058 2273 1224 2320 semina
1245 2273 1386 2329 sulcis;

238 2340 447 2396 Namque
469 2352 517 2384 ut
540 2355 632 2384 non
654 2339 792 2385 virtus
814 2339 920 2386 caeli
940 2340 1189 2399 regionibus
1213 2359 1300 2388 una
1322 2356 1398 2397 est,
1764 2357 1805 2388 ⁶0

238 2404 307 2450 Sic
328 2419 443 2451 terra
465 2404 569 2452 haec
589 2405 690 2453 alias
709 2406 892 2467 plantas,
915 2406 1082 2455 felicius
1104 2407 1175 2455 illa

238 2473 397 2528 Mittit,
418 2491 527 2533 quae
550 2475 631 2521 nisi
653 2476 890 2535 prospicias
915 2475 1108 2536 neglecta
1128 2477 1364 2524 nocebunt.

238 2544 310 2586 Ne
332 2555 375 2586 te
395 2542 619 2600 poeniteat
640 2542 757 2589 silvis
781 2543 1033 2603 impendere
1055 2562 1204 2591 curam

239 2611 416 2667 Iamque
439 2610 562 2668 operi
586 2610 808 2669 invigilare
833 2628 952 2657 novo
975 2626 1104 2672 atque
1124 2612 1297 2659 arbusta
1318 2614 1444 2669 tueri3

237 2678 358 2721 Nam
383 2675 489 2735 quid
512 2676 640 2723 habet
661 2677 768 2724 silva
789 2678 943 2725 melius
966 2679 1162 2726 mortalis
1184 2682 1365 2740 egestas?
1762 2696 1801 2728 65

237 2742 343 2789 silva
365 2743 486 2790 cibos
506 2744 685 2804 praebet
708 2744 853 2793 faciles
874 2746 1106 2807 dulcesque
1126 2765 1314 2808 sapores,

238 2813 588 2872 Castaneamque
608 2813 842 2874 pirumque
866 2814 1018 2861 volens
1041 2829 1082 2862 et
1104 2815 1283 2876 mespila
1305 2817 1453 2876 inepta

237 2878 459 2939 Mellaque
480 2879 532 2927 de
554 2898 724 2941 querno
745 2883 903 2942 passim
926 2882 1133 2930 stillantia
1153 2898 1326 2940 trunc03

238 2949 388 3005 Quam
413 2947 580 2994 dudum
603 2949 735 3008 primi
757 2950 893 2996 vitam
916 2950 1088 2998 coluere
1109 2951 1188 2998 sub
1212 2953 1359 3008 antris,

237 3017 360 3061 Gens
382 3014 616 3062 hominum
643 3015 746 3063 ficta
766 3035 818 3063 ex
839 3032 954 3064 terra
971 3036 1046 3065 seu
1070 3019 1228 3066 robore
1253 3034 1353 3066 nata
1759 3036 1801 3067 70

239 3082 373 3140 (Ante
396 3083 527 3129 etiam
551 3085 664 3130 Iovis
688 3085 921 3144 imperium
946 3085 1212 3146 fratremque
1234 3086 1444 3147 fugatum,

237 3153 328 3196 Aut
351 3167 483 3210 quam
504 3154 714 3198 Saturnus
737 3167 905 3199 nostras
926 3154 1111 3200 venisset
1134 3154 1188 3201 ad
1208 3155 1335 3214 oras),
