2124 3458
230 192 320 233 374
1842 200 1979 234 PART
2005 201 2036 233 v

228 354 293 383 sas
321 337 366 382 in
393 353 547 382 manus
573 353 674 382 cum
700 353 780 396 per
803 335 933 382 litora
957 335 1299 382 deambularent.
1328 334 1537 395 Quibus³⁵
1566 336 1743 396 quidem
1767 338 1931 397 piratae
1953 355 2037 398 pro

229 404 413 451 arbitrio
438 403 573 459 abusi,
596 417 831 464 parentum
857 403 1143 459 oblivionem,
1171 404 1271 464 quia
1294 418 1443 451 tenera
1464 418 1577 451 aetas
1598 403 1693 460 fuit,
1718 404 1841 452 facile
1863 405 2040 452 induxe-

230 469 384 528 runt,³6
427 471 599 518 lucrum
642 471 1015 531 cupiditatemque
1055 489 1138 532 pro
1178 471 1432 532 parentibus
1473 486 1520 519 ut
1562 472 1755 519 colerent
1796 472 2037 520 suadentes.

229 544 381 599 Quam
412 539 592 600 quidem
622 557 723 586 cum
755 539 992 586 nonnullae
1025 554 1136 586 artes
1162 557 1271 586 vane
1301 540 1509 586 iactarent
1538 541 1766 599 originem,
1799 540 2037 588 nobiliores

229 625 426 668 quaeque
451 607 745 654 reclamabant
768 621 897 667 atque
921 624 1021 653 eurn
1047 621 1195 653 ortum
1221 607 1573 667 aspernabantur.
1600 605 1768 654 Unde³⁷
1794 608 1908 655 inter
1930 622 2042 655 artes

229 675 282 723 de
308 693 464 736 genere
495 689 647 722 exorta
673 675 903 721 contentio
933 689 1007 721 est.
1036 679 1150 735 Ergo
1181 693 1231 721 ex
1261 674 1324 721 his
1354 676 1530 722 Poetica
1556 676 1599 721 in
1630 675 1826 722 medium
1855 675 2042 724 adduc'ta

229 743 376 791 fabula
413 744 474 790 sic
512 744 859 790 controversiam
902 742 1090 790 diremit.
1132 746 1296 799 ‘Duas'‚
1338 744 1493 803 inquit,
1536 743 1885 791 ‘formosissimas
1929 744 2037 791 olim

228 812 416 872 virgines
448 812 692 872 Ingenium,
726 810 909 858 Palladis
938 812 1137 872 Iovisque
1170 810 1298 868 filius,
1332 811 1487 858 eodem
1519 812 1563 858 in
1595 826 1794 873 tempore
1825 811 2043 860 adamavit

229 881 431 928 Gratiam
455 895 496 927 et
519 879 837 941 Cupiditatem3
862 894 991 941 atque
1013 898 1064 927 ex
1086 880 1240 927 Gratia
1261 879 1438 941 quidem
1462 879 1570 927 filias
1592 881 1778 941 suscepit
1802 895 1914 928 artes
1934 899 2038 942 quas

227 964 389 996 vocant
420 949 572 1005 bonas,
606 967 658 996 ex
688 948 822 996 altera
849 967 955 995 vero
985 948 1085 996 alias
1115 967 1219 1009 quas
1247 950 1411 1009 piratae
1441 967 1541 996 cum
1574 950 1813 1010 rapuissent
1843 949 2040 997 sordidas

229 1017 470 1065 reddidere.
491 1022 554 1064 Ita
572 1017 736 1064 artibus
757 1016 874 1064 idem
891 1031 1017 1077 pater
1034 1017 1275 1077 Ingenium,
1299 1018 1419 1064 cuius
1439 1035 1490 1064 ex
1510 1022 1612 1064 Iove
1632 1018 1756 1078 origo
1777 1032 1853 1074 est,
1873 1017 2042 1065 diversa

228 1101 382 1142 mater,
403 1103 426 1132 a
444 1103 528 1146 qua
548 1085 845 1132 diversitatem
862 1089 1058 1132 Naturae
1078 1103 1253 1145 quoque
1274 1085 1368 1132 illae
1389 1086 1676 1132 retinuerunt.
1696 1085 1779 1132 Sed
1798 1085 1976 1146 quando
1995 1087 2041 1132 in

228 1155 389 1201 artium
416 1153 651 1200 incidimus
680 1154 992 1209 narrationem,
1021 1154 1055 1200 si
1080 1153 1237 1213 placet,
1264 1153 1384 1214 quod
1413 1153 1464 1200 de
1491 1154 1658 1200 nutrice
1686 1171 1861 1214 quoque
1891 1171 2040 1200 earum

228 1222 482 1269 fabulantur
500 1221 798 1281 adiungamus.
818 1225 939 1268 Nam
960 1235 1001 1268 et
1020 1221 1117 1277 hoc,
1138 1222 1183 1267 ni
1202 1220 1342 1277 fallor,
1364 1222 1545 1268 minime
1565 1221 1943 1268 contemnendum
1963 1236 2039 1268 est.

228 1290 422 1337 Laudem
459 1290 590 1350 igitur
624 1290 853 1336 nutrivisse
890 1303 1001 1336 artes
1032 1289 1197 1336 dicunt.
1231 1293 1291 1336 Ea
1323 1290 1475 1336 Meriti
1506 1290 1782 1350 Linguaeque
1817 1288 1908 1336 filia
1939 1288 2036 1346 fuit,

226 1358 557 1419 pulcher‹ri>ma
591 1357 735 1404 forma
770 1357 927 1404 mulier
958 1372 1086 1418 atque
1119 1357 1325 1404 omnibus
1358 1375 1496 1418 prope
1532 1357 1790 1404 mortalibus
1824 1355 1916 1404 ob³⁸
1951 1358 2039 1404 oris

228 1441 566 1486 ceterorumque
603 1426 908 1472 membrorum
950 1425 1208 1486 dignitatem
1244 1440 1285 1472 et
1319 1426 1577 1472 suavitatem
1614 1443 1790 1472 morum
1829 1425 2040 1472 adamata.

228 1499 361 1542 Casta
391 1509 452 1541 est
485 1495 604 1541 enim
636 1512 853 1554 veraxque
883 1508 924 1541 et
956 1493 1154 1541 modesta
1184 1508 1225 1541 et
1253 1494 1405 1553 gravis,
1439 1493 1560 1554 quod
1591 1493 1768 1554 quidem
1800 1494 1844 1539 in
1877 1492 2042 1540 femina
2102 1510 2109 1519 ·

225 1581 455 1624 perrarum
479 1577 554 1610 est.
578 1567 923 1623 Unguentorum
950 1561 1241 1623 fucorumque
1264 1576 1392 1623 atque
1414 1562 1515 1609 artis
1536 1562 1680 1609 omnis
1705 1562 1859 1618 nescia,
1881 1561 2038 1622 gaudet

226 1650 334 1679 vero
359 1631 639 1692 simplicitate
667 1645 861 1687 naturae,
890 1649 981 1677 non
1009 1630 1184 1691 loquax,
1216 1648 1306 1677 non
1335 1631 1602 1687 assentatrix,
1629 1648 1721 1677 non
1750 1630 1914 1686 odiosa,
1944 1648 2037 1677 non

228 1700 457 1757 invidiosa,
483 1718 575 1747 non
598 1699 818 1756 insidiosa,
844 1717 935 1746 non
959 1717 1098 1756 avara,
1120 1699 1228 1745 nihil
1251 1699 1442 1746 simulati
1465 1714 1537 1746 aut
1560 1698 1817 1746 dissimulati
1843 1698 2034 1746 habens.’

228 1770 376 1816 Risere
406 1768 607 1816 sordidae
639 1783 750 1816 artes
781 1783 909 1829 atque
939 1766 996 1815 e³⁹
1027 1768 1217 1815 concilio
1249 1768 1469 1824 abeuntes,
1501 1767 1833 1828 corruptoribus
1867 1767 2039 1814 adhaes-

228 1852 356 1884 erunt
378 1838 476 1884 suis.
504 1841 564 1883 At
587 1836 729 1883 bonae
751 1836 952 1897 plausum
977 1837 1177 1883 Poeticae
1197 1834 1504 1896 praeclarum⁴0
1527 1835 1696 1882 dedere.

997 1977 1062 2019 30.
1087 1973 1275 2019 Pecunia

998 2041 1060 2096 Bi,
1084 2045 1275 2087 38v-39r

227 2149 559 2191 ‹E›xtruxerunt
587 2143 813 2204 quondam
839 2144 1051 2190 Pecuniae
1077 2143 1206 2190 matri
1231 2161 1348 2190 aram
1374 2146 1517 2190 Curae
1543 2141 1671 2199 filiae,
1696 2142 1852 2203 quibus
1879 2159 2038 2202 cogno·

228 2227 431 2259 mentum
457 2227 518 2259 est
542 2212 705 2268 edaces,
728 2211 904 2272 diesque
928 2230 976 2258 ac
997 2226 1147 2258 noctes
1169 2212 1340 2271 parenti
1361 2210 1662 2271 supplicabant
1686 2211 1826 2257 sacris.
1852 2210 2039 2270 Rogavit

228 2299 331 2341 ergo
356 2295 476 2327 natas
500 2279 737 2341 aliquando
762 2294 902 2327 mater
922 2294 969 2327 ut
995 2280 1126 2326 etiam
1149 2279 1462 2326 simulachrum
1487 2278 1569 2326 sibi
1594 2278 1689 2326 fieri
1714 2275 1964 2335 curarent,⁴¹
1989 2292 2037 2325 ut

228 2349 448 2396 coleretur
467 2348 519 2396 ab
541 2348 808 2395 hominibus.
837 2347 976 2407 Quod
996 2362 1142 2395 autem
1164 2366 1312 2394 caecae
1328 2362 1428 2394 sunt
1452 2347 1546 2394 illae
1567 2347 1759 2408 quidem,
1782 2365 1862 2394 nec
1881 2364 1966 2407 qua
1984 2347 2038 2393 sit

227 2417 367 2478 figura
384 2432 525 2464 mater
539 2434 800 2477 cognovere,
819 2431 1081 2476 rogaverunt
1099 2430 1285 2463 matrem
1301 2430 1349 2463 ut
1367 2434 1451 2476 qua
1465 2416 1744 2476 potissimum
1767 2414 1911 2462 forma
1927 2414 2036 2475 fingi

226 2485 357 2532 vellet
377 2486 576 2546 aperiret.
601 2488 679 2531 ‘Ex
698 2484 818 2545 ligno
839 2485 997 2545 igitur,'
1022 2485 1178 2545 inquit,
1201 2485 1408 2545 ‘primum
1432 2498 1560 2544 atque
1579 2502 1632 2530 eo
1652 2483 1830 2544 quidem
1851 2482 2034 2543 ignobili

227 2553 407 2601 facitote
430 2572 515 2610 me,
542 2572 595 2600 ne
617 2554 651 2600 si
676 2571 728 2600 ex
752 2571 858 2600 auro
883 2552 1155 2608 effinxeritis,
1178 2552 1345 2599 furibus
1371 2552 1498 2599 celeri
1518 2551 1702 2612 praedae
1723 2552 1820 2607 sim,
1846 2568 2036 2612 quorum

226 2640 305 2669 vos
328 2623 373 2668 in
397 2640 466 2668 me
489 2622 672 2668 novistis
695 2621 984 2681 petulantiam
1007 2635 1047 2668 et
1068 2635 1235 2681 quanto
1255 2638 1428 2681 semper
1447 2619 1593 2667 studio
1617 2615 2035 2667 circumvenerint.⁴²

227 2691 351 2737 Facie
387 2708 495 2736 vero
530 2708 627 2736 sum
668 2689 872 2745 humana,
910 2707 1095 2749 corpore
1135 2688 1453 2749 neglectissimo
1492 2703 1621 2748 atque
1655 2702 1850 2734 extrema
1885 2687 2036 2742 macie,

227 2772 383 2818 utpote
405 2775 514 2818 quae
535 2757 776 2817 quondam,
798 2771 845 2804 ut
868 2758 1062 2812 novistis,
1087 2756 1231 2803 inedia
1249 2757 1467 2816 perierim.
1488 2755 1640 2802 Titulo
1662 2769 1808 2802 autem
1830 2772 1899 2801 me
1918 2771 2037 2814 prae-

228 2827 353 2886 cipue
377 2840 425 2872 ut
448 2821 722 2871 honestetis⁴³
747 2824 894 2880 velim,
919 2824 1041 2871 claris
1063 2824 1241 2884 quidem
1263 2824 1431 2879 litteris,
1455 2824 1635 2869 minime
1659 2840 1765 2869 vero
1786 2822 1924 2869 aureis
1946 2839 2036 2882 quo

227 2895 309 2941 sim
341 2893 604 2940 diuturnior:
638 2893 851 2939 Pecuniae
882 2893 1053 2939 numini
1086 2892 1469 2952 impotentissimo.
1505 2894 1662 2946 Curae,
1693 2908 1801 2951 quae
1832 2889 2040 2937 dicuntur

228 2962 393 3017 edaces,
414 2976 657 3022 posuerunt
682 2960 1020 3007 studiosissimae
1044 2961 1229 3021 parenti,
1252 2959 1365 3006 filiae
1390 2959 1505 3006 haud
1526 2958 1769 3019 degeneres.
1793 2961 2034 3004 Paruerunt

229 3029 379 3077 edaces
411 3047 459 3076 ac
492 3029 651 3076 celebri
685 3029 729 3074 in
764 3028 864 3075 loco
900 3043 1129 3075 erexerunt
1162 3042 1209 3075 ut
1243 3028 1315 3073 vix
1348 3028 1541 3074 invenias
1575 3027 1649 3087 qui
1684 3043 1774 3073 non
1809 3025 1962 3072 adierit
1995 3039 2037 3072 et

229 3097 427 3145 coluerit.
