2118 3444
200 151 292 192 236
1785 161 1922 195 PART
1947 162 2001 195 111

200 297 370 343 ratione
388 297 533 343 insino
552 315 576 343 a
592 310 747 357 questo
763 310 930 357 tempo,
949 314 1040 344 non
1057 297 1277 358 possiamo
1297 296 1385 344 sare
1401 296 1513 345 altro
1530 297 1610 345 che
1626 297 1799 346 laudare
1815 313 1856 346 et
1872 298 2006 347 admi-

200 363 310 412 rarel
334 364 375 412 la
394 382 471 411 sua
494 368 680 412 Cesarea
702 364 884 421 Maesta,
905 364 1065 425 perche
1086 380 1337 413 veramente
1359 366 1398 413 ci
1419 384 1521 427 pare
1544 366 1622 414 che
1646 366 1686 414 la
1706 384 1782 414 sua
1804 367 2009 415 intentio-

200 451 253 480 ne
279 447 321 480 et
346 432 373 479 il
399 451 480 480 suo
505 432 653 480 studio
677 433 738 480 sia
762 433 905 494 degno
931 433 998 480 del
1024 451 1104 480 suo
1130 434 1346 494 augustale
1371 452 1393 481 e
1418 438 1607 482 Cesareo
1631 434 1798 492 officio,
1825 435 1879 483 ne
1905 453 2006 484 cosa

199 500 354 548 alcuna
378 519 458 561 per
486 499 645 548 antica2
674 515 823 548 nostra
852 516 1006 548 natura
1030 502 1251 562 possiamo
1282 500 1421 550 udire³
1450 502 1528 550 che
1554 502 1630 563 piu
1659 504 1720 550 sia
1744 503 1939 551 secondo
1968 503 2006 552 el

199 587 331 616 cuore
352 584 393 616 et
414 568 631 616 desiderio
652 584 805 616 nostro
825 587 905 630 per
922 569 966 616 lo
988 570 1191 617 interesse
1210 570 1574 631 principalmente
1596 570 1708 618 della
1726 571 2002 620 Christianis·

197 638 307 684 sima
326 637 593 697 repubblica,
614 637 654 684 13
671 637 806 684 difesa
824 637 936 684 della
951 637 1076 698 quale
1092 639 1322 699 praecipue
1342 638 1480 686 debbe
1499 656 1611 686 esser
1628 639 1738 686 nelle
1756 657 1830 687 sue
1849 640 2007 687 victor-

199 706 288 752 iose
320 706 454 761 mani;
487 705 680 752 anchora
706 705 867 766 perche
898 705 1172 752 intendiamo
1201 705 1280 753 che
1310 707 1355 752 in
1387 721 1537 767 questa
1564 722 1712 754 sancta
1738 722 1779 754 et
1810 707 2007 768 religiosa

199 774 386 834 impresa
414 773 818 834 ragionevolmente
846 774 889 820 vi
914 774 948 821 si
975 774 1178 821 contiene
1204 773 1244 822 la
1267 792 1372 835 pace
1399 789 1440 822 et
1464 774 1661 822 l'unione
1690 774 1757 823 de'
1783 775 1938 837 populi
1965 790 2007 824 et

198 842 369 888 nationi
392 841 657 898 Christiane,
682 860 773 888 non
795 841 1036 889 solamente
1061 842 1113 889 de
1134 842 1267 899 Italia,
1289 861 1310 889 e
1331 842 1370 890 13
1392 844 1536 903 quiete
1558 844 1602 889 in
1623 843 1882 904 particulare
1905 859 1947 891 et
1967 843 2008 892 la

196 909 492 956 satisfactione
528 924 690 966 nostra,
725 909 885 970 perche
919 910 1031 957 dove
1065 928 1156 957 uno
1190 910 1286 957 solo
1321 911 1523 958 membro
1560 911 1823 959 discordasse
1858 930 1950 959 non
1983 911 2006 959 ὲ

197 977 439 1024 universale
467 977 507 1024 13
531 977 781 1024 concordia.
809 982 843 1024 E
868 992 994 1025 tanto
1020 978 1041 1025 ὲ
1067 996 1090 1025 3
1112 978 1247 1038 grado
1271 978 1351 1025 alla
1375 978 1480 1026 citta
1503 993 1652 1026 nostra
1677 994 1718 1026 et
1743 979 1828 1026 allo
1854 994 2008 1027 nostro

195 1045 366 1106 populo
391 1046 494 1106 ogni
515 1045 599 1092 tale
620 1046 954 1106 ragionamento
974 1045 1053 1093 che
1073 1064 1243 1107 sempre
1264 1046 1441 1107 quando
1462 1046 1519 1107 gli
1540 1046 1638 1094 altri
1657 1048 2002 1105 concorressino,

196 1131 323 1161 come
349 1114 384 1160 si
410 1113 550 1161 debbe
578 1113 666 1161 fare
691 1132 714 1161 a
739 1113 822 1161 tale
847 1115 1033 1175 impresa
1057 1132 1137 1175 per
1160 1114 1200 1162 la
1224 1114 1431 1175 religione
1459 1129 1613 1162 contra
1635 1115 1692 1176 gli
1719 1114 1901 1172 infideli,
1928 1116 2005 1163 noi

195 1200 405 1229 vorremo
432 1200 568 1229 essere
595 1183 775 1229 insieme
802 1200 887 1229 con
913 1182 970 1243 gli
996 1182 1093 1230 altri
1117 1201 1196 1244 per
1218 1183 1258 1230 la
1281 1198 1403 1244 parte
1428 1198 1576 1231 nostra
1601 1183 1795 1231 secondo
1819 1183 1858 1231 le
1884 1183 2006 1232 forze

196 1265 358 1297 nostre.

282 1318 538 1365 Habbiamo
557 1318 684 1365 udito
704 1318 814 1365 dalle
830 1333 975 1366 vostre
994 1318 1323 1379 Magnificentie
1340 1334 1382 1366 et
1399 1320 1609 1380 Signorie,
1630 1338 1716 1367 con
1734 1319 1946 1380 elegantia
1960 1319 2005 1368 di

193 1386 362 1447 parlare
387 1401 428 1433 et
453 1387 612 1434 notitia
635 1386 745 1433 delle
768 1405 880 1443 cose,
906 1387 1141 1434 ricordarci
1164 1387 1205 1434 la
1227 1402 1375 1434 nostra
1400 1388 1566 1448 origine
1591 1387 1658 1435 da'
1685 1389 1876 1435 Romani
1900 1402 1942 1435 et
1964 1388 2004 1436 le

196 1454 456 1514 obligationi
475 1454 551 1515 piu
571 1469 691 1501 tosto
710 1454 778 1501 col
798 1459 860 1501 Re
879 1454 946 1501 de’
967 1456 1157 1502 Romani
1176 1455 1255 1502 che
1273 1473 1358 1502 con
1377 1455 1485 1503 altra
1498 1473 1698 1516 persona,
1719 1455 2005 1503 dichiarando

195 1522 390 1570 anchora
410 1522 489 1570 che
511 1523 524 1569 i
544 1522 748 1570 beneficii
769 1523 952 1570 ricevuti
973 1522 1027 1570 da
1045 1523 1180 1570 Carlo
1202 1527 1368 1584 Magno
1390 1541 1481 1571 non
1503 1523 1711 1571 debbono
1734 1541 1944 1572 muovere
1964 1523 2006 1572 13

195 1591 301 1638 citta
320 1606 470 1638 nostra
492 1592 537 1637 in
559 1590 708 1638 favore
731 1591 799 1639 del
819 1606 1019 1652 presente
1041 1592 1159 1652 regio
1181 1606 1295 1639 stato
1316 1592 1359 1639 di
1379 1593 1572 1649 Francia,
1594 1592 1845 1640 reducendo
1865 1592 1906 1640 13
1925 1593 2008 1640 ori-

194 1660 292 1719 gine
313 1677 389 1706 sua
409 1663 445 1706 a'
469 1661 697 1716 Germani,
720 1678 811 1706 non
833 1663 869 1707 a’
890 1661 1142 1707 Franciosif
1163 1665 1212 1706 In
1232 1675 1382 1721 questa
1399 1675 1521 1721 parte
1541 1661 1617 1707 noi
1636 1678 1838 1708 useremo
1857 1661 2001 1721 poche

192 1727 358 1788 parole,
377 1726 538 1788 perche
558 1745 649 1774 non
667 1728 832 1788 paiono
852 1727 994 1775 molto
1014 1729 1260 1775 necessarie.
1279 1728 1527 1775 Solamente
1546 1728 1717 1775 diremo
1736 1743 1905 1789 questo,
1923 1728 2003 1776 che

193 1814 365 1856 sempre
395 1795 474 1843 che
504 1795 741 1843 habbiamo
768 1811 944 1857 potuto,
976 1797 1014 1843 ci
1040 1797 1179 1844 siamo
1206 1796 1411 1844 ricordati
1439 1796 1550 1844 della
1575 1811 1724 1844 nostra
1752 1797 1932 1858 origine,
1961 1811 2004 1845 et

193 1865 333 1911 siamo
363 1865 464 1911 stati
495 1864 765 1911 devotissimi
799 1879 840 1912 et
870 1864 1126 1912 deditissimi
1158 1864 1239 1912 alla
1268 1868 1453 1912 Cesarea
1483 1865 1705 1926 imperiale
1735 1865 1905 1913 Maesta
1933 1865 2001 1913 de'

194 1933 401 1989 Romani,
427 1951 553 1980 come
579 1932 601 1980 ὲ
625 1932 779 1980 officio
804 1933 953 1994 d’ogni
977 1933 1130 1980 buono
1157 1933 1423 1981 Christiano.
1450 1933 1522 1981 Ne
1548 1934 1635 1981 mai
1657 1934 1696 1981 ci
1721 1933 1776 1981 ha
1797 1934 1930 1981 tirato
1954 1934 2000 1980 in

192 2016 315 2062 parte
335 2019 378 2048 se
402 2019 494 2048 non
516 2002 626 2048 iusta
647 2001 806 2049 alcuno
827 2001 1045 2049 beneficio
1067 2002 1264 2049 ricevuto
1286 2001 1340 2049 da
1355 2020 1555 2063 persona3
1578 2020 1704 2049 come
1726 2017 1878 2063 questa
1896 2001 2002 2050 citta

194 2088 247 2116 ne
268 2069 322 2117 ha
338 2088 446 2130 pure
467 2070 666 2117 ricevuto
685 2070 813 2117 molti
833 2069 887 2117 da
902 2085 1053 2131 questa
1071 2070 1208 2131 regale
1225 2069 1612 2118 Christianissima⁴
1634 2089 1728 2118 casa
1743 2070 1788 2118 di
1805 2071 1998 2118 Francia.

192 2137 265 2184 Ne
286 2137 323 2185 al
342 2152 558 2198 presente,
575 2156 619 2185 se
638 2138 749 2185 bene
768 2156 955 2185 saranno
976 2138 1163 2186 raccolte
1180 2138 1219 2186 le
1237 2139 1420 2199 cagioni,
1441 2157 1469 2186 o
1487 2138 1563 2199 piu
1583 2153 1703 2186 tosto
1720 2138 1761 2186 13
1779 2138 2000 2195 necessita,

193 2205 237 2252 di
260 2205 408 2266 quello
431 2205 546 2262 [che]
570 2206 806 2253 habbiamo
832 2205 963 2262 facto,
985 2224 1155 2253 saremo
1177 2206 1395 2266 giudicati,
1418 2206 1531 2253 dove
1553 2206 1590 2253 el
1613 2206 1804 2267 giudicio
1827 2224 1919 2253 non
1940 2207 2002 2254 sia

191 2274 458 2334 passionato,
484 2273 724 2321 altrimenti
748 2273 862 2321 facti.
887 2272 992 2321 Chi5
1017 2275 1155 2321 siamo
1177 2275 1277 2322 stati
1296 2274 1365 2335 pel
1390 2289 1542 2335 tempo
1564 2289 1736 2335 passato
1758 2292 1929 2335 sempre
1954 2275 2000 2321 in

192 2356 306 2389 tutte
324 2341 362 2389 le
380 2360 478 2389 cose
495 2360 598 2403 pare
615 2342 670 2389 ad
686 2343 761 2389 noi
780 2343 931 2389 esserci
947 2342 1057 2390 bene
1077 2342 1297 2390 instificati
1312 2361 1441 2390 senza
1458 2342 1704 2390 offensione
1722 2343 1809 2390 mai
1826 2342 1871 2390 di
1886 2342 1997 2390 alcu·

194 2429 267 2466 no,
285 2410 653 2471 principalmente
672 2411 876 2458 venendo
895 2411 935 2458 la
952 2411 1322 2458 Christianissima
1340 2411 1509 2459 Maesta
1526 2411 1593 2458 del
1613 2416 1675 2458 Re
1695 2411 1739 2458 di
1756 2412 1936 2458 Francia
1953 2411 1999 2457 in

193 2478 315 2525 Italia
344 2496 423 2538 per
454 2479 590 2538 gratia
621 2478 664 2525 di
696 2479 800 2525 Dio.
837 2479 1076 2526 Crediamo
1107 2477 1208 2539 pur⁶
1243 2479 1321 2526 che
1354 2497 1433 2539 per
1464 2493 1613 2538 nostra
1643 2478 1878 2539 prudentia
1906 2496 2000 2539 pre-

192 2545 432 2593 vedendosi
455 2564 535 2607 per
557 2561 725 2607 quanto
747 2561 1023 2607 potemo—et
1051 2546 1096 2594 fu
1121 2547 1410 2594 conveniente
1436 2565 1459 2594 a
1482 2547 1558 2594 noi
1581 2547 1746 2608 potersi
1771 2546 1904 2594 veder
1926 2549 1994 2594 ne’

190 2614 374 2674 pericoli
398 2629 439 2661 et
463 2614 772 2661 disordini—fu
799 2614 1020 2662 ricordato
1042 2615 1188 2675 quello
1213 2615 1291 2662 che
1314 2615 1464 2662 alhora
1486 2615 1927 2662 convenientemente
1951 2613 1997 2662 fu

272 2861 285 2875 ⁶
312 2855 411 2893 Ibid.:
442 2858 495 2894 ‘ut
523 2855 771 2894 adhereremus
802 2859 1053 2894 Romanorum
1083 2857 1169 2904 Regi
1196 2859 1358 2894 Romana
1386 2857 1523 2904 origine
1551 2869 1658 2904 quam
1687 2854 1785 2904 quod
1812 2854 1928 2893 fertur
1953 2854 1998 2893 de

192 2907 375 2945 beneficiis
393 2907 517 2945 Caroli
534 2909 658 2956 Magni
675 2911 895 2945 Francorum
912 2909 1014 2956 Regis
1033 2909 1072 2944 in
1088 2907 1179 2945 hanc
1195 2909 1375 2945 civitatem
1391 2907 1489 2956 quod
1507 2907 1565 2945 ille
1582 2921 1660 2945 non
1676 2906 1799 2945 Gallus
1815 2906 1924 2944 fuerit
1938 2905 1999 2944 sed

190 2959 333 2997 duxerit
351 2974 370 2997 a
387 2960 577 2997 Germanis
595 2960 796 3008 originem.'
814 2959 891 2997 The
906 2972 1021 3008 treaty
1036 2959 1158 3008 signed
1176 2959 1339 2997 between
1356 2959 1525 2997 Florence
1542 2958 1612 2997 and
1628 2958 1775 2997 Charloe
1791 2961 1872 2996 VIII
1887 2972 1939 2996 on
1954 2961 1997 2996 25

192 3013 406 3050 November
428 3016 515 3050 1494
535 3012 601 3060 (ed.
626 3013 855 3061 G.Capponi,
874 3012 1039 3050 Archivio
1057 3016 1178 3050 storico
1199 3012 1341 3050 italiana
1363 3015 1387 3056 1,
1410 3015 1507 3056 1842,
1529 3011 1677 3060 362-75)
1698 3011 1768 3049 had
1786 3010 1941 3049 referred
1957 3022 1997 3048 to

193 3064 358 3102 ‘Carolus
386 3068 548 3113 Magnus,
581 3064 685 3102 huius
713 3064 810 3102 urbis
924 3065 1060 3113 primus
1091 3067 1327 3108 restaurator’3
1355 3078 1407 3102 on
1431 3063 1493 3102 the
1523 3063 1780 3112 Charlemagne
1807 3062 1934 3111 legend
1962 3063 2002 3100 in

193 3116 375 3160 Florence,
397 3116 676 3160 N.Rubinstein,
701 3116 790 3154 ‘The
811 3117 1020 3164 beginnings
1041 3116 1081 3154 of
1100 3116 1258 3165 political
1278 3115 1434 3164 thought
1457 3117 1495 3153 in
1516 3115 1709 3159 Florence,’
1725 3114 1874 3162 Journal
1891 3114 1935 3163 of
1947 3114 2001 3152 the

197 3168 364 3216 Warburg
379 3168 454 3206 and
471 3168 666 3206 Courtauld
680 3171 849 3206 Institutes
868 3173 887 3206 5
907 3168 1032 3216 (1942),
1054 3172 1199 3206 215-16.
