2124 3458
175 183 264 224 358
1789 188 1927 222 PART
1952 189 1982 221 V

175 330 238 375 es?
268 328 463 374 Platonis
494 345 587 387 ego,
619 327 781 374 summi
812 327 894 372 viri
923 340 964 373 et
993 327 1154 386 ingenii
1184 326 1311 386 plane
1341 326 1478 373 divini
1507 326 1775 386 philosophi,
1810 327 1915 373 novi
1945 341 1988 374 te

173 413 300 456 saepe
324 395 463 442 solere
490 395 695 441 admirari
720 395 992 454 sapientiam,
1020 408 1061 440 et
1079 393 1235 441 >laetari
1256 394 1497 454 plurimum
1527 389 1655 454 quod
1674 394 1786 441 illius
1813 395 1986 455 scripta,

175 464 346 519 Cosmi,
367 463 600 524 praecipue
620 463 755 523 patris
772 463 936 523 patriae
957 476 1144 518 nostrae,
1166 479 1298 522 opera
1317 462 1391 522 qui
1412 461 1524 509 illius
1545 461 1680 509 libros
1701 480 1874 509 summa
1895 461 1987 509 dili-

174 533 320 593 gentia
337 531 471 592 paulo
491 546 590 578 ante
609 531 881 591 conquisitos
901 530 1067 578 civibus
1085 531 1170 577 suis
1192 530 1397 591 legendos
1416 545 1544 591 atque
1562 530 1842 578 admirandos
1861 530 1989 578 tradi-

175 600 253 656 dit,
277 601 412 660 magis
435 600 584 647 venire
610 600 654 645 in
680 599 915 646 hominum
943 599 1148 646 notitiam
1174 600 1437 659 occeperint.
1462 603 1583 646 Iuvat
1605 617 1712 646 vero
1736 598 1806 646 hic
1829 598 1989 646 referre

174 687 284 730 quae
308 668 378 715 ille
398 667 691 729 philosophus
720 682 761 714 et
783 668 857 728 qui
879 685 980 714 eum
1003 668 1153 723 secuti,
1176 668 1250 728 qui
1272 685 1315 714 se
1338 667 1543 728 appellari
1567 667 1817 715 Platonicos
1838 667 1985 715 volue-

174 752 292 794 runt,
315 737 528 784 senserint
553 736 606 783 de
626 736 805 796 legibus,
831 754 920 797 quo
944 735 1081 783 modo
1105 735 1341 792 diffiniant,
1365 754 1473 797 quae
1494 754 1652 796 genera
1673 735 1847 792 faciant,
1869 735 1986 784 unde

173 805 526 866 unumquodque
552 823 701 852 earum
723 822 857 865 genus
880 805 1061 865 accipiat
1083 804 1326 851 exordium.

260 879 348 921 Lex
367 874 499 934 igitur
516 888 593 930 est,
612 874 832 934 inquiunt,
854 891 955 920 vera
970 872 1242 933 gubernandi
1261 874 1386 929 ratio,
1407 891 1515 933 quae
1534 872 1588 920 ad
1604 872 1741 920 finem
1761 874 1983 934 optimum

171 961 252 1004 per
266 941 506 989 commoda
522 941 666 989 media
682 959 791 1002 quae
806 941 1106 1002 gubernantur
1122 941 1280 1001 dirigit3
1297 959 1422 988 saeva
1435 941 1506 988 illa
1521 940 1699 1002 quidem
1717 942 1984 988 contumaci-

173 1011 266 1067 bus,
284 1011 473 1071 benigna
500 1008 851 1071 parentibus.“¹⁰⁴
870 1014 1018 1070 Atque
1049 1009 1160 1057 hanc
1187 1009 1248 1056 illi
1277 1009 1416 1070 legem
1444 1011 1719 1057 constituunt
1750 1024 1985 1057 aeternam.

172 1084 294 1126 Nam
321 1080 355 1126 si
383 1097 492 1139 quae
519 1079 735 1139 recipiunt
765 1079 1044 1134 mutationes,
1074 1078 1189 1125 haud
1214 1096 1335 1125 veras
1361 1096 1448 1125 esse
1475 1096 1543 1125 eas
1568 1078 1680 1138 leges
1706 1078 1985 1125 arbitrantur.

173 1151 405 1206 Quattuor
422 1161 568 1194 autem
586 1147 749 1206 species
767 1164 819 1193 ex
841 1148 983 1193 Timeo
998 1145 1271 1206 Phaedroque
1292 1160 1332 1193 et
1353 1149 1512 1206 Gorgia
1529 1146 1753 1206 colligunt:
1776 1146 1985 1202 divinam,

173 1215 418 1270 caelestem,
452 1229 724 1270 moventem,
764 1214 1044 1279 humanam.⁸s
1080 1218 1133 1260 Et
1169 1211 1417 1261 divinam¹⁰⁵
1455 1213 1633 1274 quidem
1670 1214 1714 1260 in
1750 1213 1820 1261 dei
1853 1213 1986 1261 collo-

173 1298 273 1330 cant
292 1297 455 1339 mente,
475 1300 607 1343 quam
628 1282 752 1329 Plato
771 1283 859 1343 ipse
881 1282 1067 1343 appellat
1085 1282 1426 1343 providentiam,
1447 1300 1555 1343 quae
1575 1282 1736 1329 dicitur
1754 1297 1795 1329 et
1812 1283 1987 1329 Saturni

171 1351 253 1399 lex.
284 1356 407 1398 Nam
440 1351 632 1398 caelestis
661 1350 808 1407 altera,
838 1368 969 1411 quam
995 1365 1159 1398 -vocant
1192 1350 1345 1407 fatum,
1377 1350 1538 1398 dicitur
1566 1351 1693 1407 Iovis,
1725 1368 1908 1412 eamque
1939 1351 1985 1397 in

171 1420 387 1481 superiori
413 1420 584 1467 animae
609 1419 764 1466 mundi
785 1434 908 1480 parte
930 1420 1119 1480 positam
1142 1434 1312 1480 putant.
1339 1424 1602 1467 Moventem
1625 1419 1776 1467 dicunt
1801 1419 1986 1467 eandem

172 1503 213 1536 et
242 1503 459 1545 naturam,
491 1503 532 1535 et
560 1489 720 1535 versari
748 1506 843 1535 eam
874 1489 918 1534 in
949 1487 1147 1535 inferiori
1177 1487 1288 1535 illius
1316 1489 1530 1549 potentia,
1560 1503 1601 1535 et
1628 1489 1795 1549 primae
1824 1489 1987 1536 Veneri

172 1557 434 1613 attribuunt,
455 1556 834 1618 quemadmodum
854 1556 1067 1604 secundae
1085 1575 1260 1618 quoque
1279 1557 1441 1604 Veneri
1461 1556 1714 1613 humanam,
1736 1575 1844 1618 quae
1862 1571 1924 1604 est
1943 1557 1988 1603 in

172 1640 320 1673 mente
342 1625 536 1673 hominis
559 1640 600 1672 et
618 1625 853 1686 prudentia
871 1625 1125 1686 appellatur.
1148 1630 1338 1672 Rursum
1361 1643 1384 1673 a
1401 1643 1578 1672 summo
1599 1625 1722 1672 bono
1743 1625 1986 1673 deflectunt

172 1695 324 1741 omnia
341 1693 487 1754 legum
505 1712 663 1754 genera
679 1693 961 1754 referuntque
981 1694 1025 1739 in
1044 1693 1189 1750 deum,
1207 1708 1362 1754 utpote
1380 1694 1425 1739 in
1442 1694 1710 1754 principium
1731 1712 1823 1740 non
1840 1693 1986 1754 legum

172 1763 324 1819 modo,
347 1762 424 1810 sed
443 1781 589 1810 rerum
613 1781 789 1823 quoque
812 1763 1015 1809 omnium
1039 1777 1296 1819 ceterarum,
1318 1777 1359 1810 et
1379 1762 1789 1810 incommutabilem
1813 1780 1986 1810 causam

171 1846 301 1892 atque
322 1846 672 1891 permanentem.
698 1831 842 1878 Viden
866 1846 913 1878 ut
939 1846 1096 1878 cuncta
1117 1831 1218 1878 illuc
1241 1830 1423 1878 tendant
1446 1845 1493 1878 ut
1516 1832 1602 1878 sint
1627 1831 1771 1891 legum
1795 1831 1984 1891 origines

171 1917 194 1946 a
211 1899 291 1946 diis
310 1899 649 1955 immortalibus,
671 1899 1031 1959 quandoquidem
1049 1917 1140 1945 non
1158 1917 1307 1946 earum
1323 1913 1496 1946 tantum
1513 1898 1685 1955 latores,
1701 1898 1777 1945 sed
1789 1898 1981 1959 philoso-

169 1967 247 2028 phi
276 1985 453 2028 quoque
480 1985 629 2027 graves
656 1981 785 2027 atque
809 1966 968 2014 eruditi
995 1966 1166 2014 illarum
1192 1967 1408 2028 principia
1435 1966 1623 2014 referant
1649 1967 1694 2012 in
1721 1966 1846 2014 deos?
1873 1971 1985 2014 Non

172 2037 303 2096 igitur
320 2050 436 2082 recte
453 2035 619 2082 faciunt
637 2054 734 2082 mea
748 2036 965 2082 sententia
980 2036 1054 2096 qui
1071 2053 1162 2082 non
1181 2035 1346 2092 colunt,
1364 2036 1439 2096 qui
1456 2053 1547 2082 non
1564 2050 1831 2082 venerantur
1844 2053 1983 2082 sacro-

170 2118 313 2151 santas
341 2104 416 2151 has
442 2104 588 2164 legum
615 2101 914 2151 sanctiones¹⁰⁶
946 2105 1106 2164 qquue
1135 2103 1189 2151 ad
1214 2103 1386 2151 illarum
1413 2104 1745 2151 sacratissimam
1774 2121 1980 2151 normam

170 2191 219 2220 ac
244 2172 374 2234 plane
405 2172 601 2220 divinam
632 2191 724 2219 non
755 2172 995 2220 vivendum
1024 2172 1119 2229 sibi,
1153 2187 1225 2220 aut
1255 2191 1320 2220 res
1350 2191 1504 2220 omnes
1535 2172 1746 2220 humanas
1777 2172 1984 2233 regendas

170 2256 300 2302 atque
314 2241 680 2289 administrandas
693 2256 864 2302 putant.
882 2245 1010 2301 Quae
1023 2241 1228 2302 profecto
1242 2242 1322 2289 nisi
1339 2241 1627 2289 moderentur
1641 2240 1884 2298 affectibus,
1900 2242 1982 2289 nisi

170 2376 556 2425 confundantur10⁷
586 2378 783 2425 funditus
811 2393 872 2425 est
900 2396 1084 2435 necesse3
1111 2393 1239 2439 atque
1266 2378 1382 2426 haud
1405 2379 1496 2426 scio
1522 2379 1614 2426 sine
1642 2378 1706 2426 his
1733 2378 1982 2426 ferarumne

169 2447 260 2493 vita
275 2461 316 2493 et
332 2446 568 2493 brutorum
587 2447 640 2493 sit
660 2446 949 2507 expetibilior.
970 2450 1176 2507 Aguntur
1193 2447 1310 2493 enim
1331 2447 1576 2494 minoribus
1596 2446 1739 2494 multo
1757 2446 1980 2507 perturba-

170 2514 366 2562 tionibus
397 2529 572 2575 pastum
605 2514 743 2562 modo
774 2529 815 2562 et
844 2514 1024 2562 latibula
1053 2516 1358 2576 quaeritantes3
1389 2516 1469 2562 nisi
1501 2514 1765 2576 quandoque
1795 2515 1979 2562 Veneris

170 2598 289 2630 actae
312 2583 500 2630 stimulis
528 2601 627 2630 raro
651 2598 800 2630 tamen
827 2584 941 2630 inter
963 2601 1006 2630 se
1032 2583 1286 2643 belligerant
1312 2598 1384 2630 aut
1410 2598 1588 2631 naturae
1612 2584 1797 2639 statutis,
1822 2583 1980 2644 quibus

171 2666 411 2698 moventur
440 2651 556 2707 solis,
589 2669 681 2698 non
711 2651 1033 2712 obtemperant.
1067 2655 1219 2698 Genus
1249 2666 1394 2699 autem
1427 2651 1669 2698 humanum
1700 2669 1825 2711 saepe
1855 2652 1981 2707 ratio,

170 2719 357 2766 deorum
381 2737 559 2765 summo
585 2718 804 2766 beneficio
830 2720 989 2766 inserta
1010 2719 1244 2775 mentibus,
1272 2737 1379 2780 quae
1404 2720 1630 2766 continere
1654 2720 1698 2765 in
1723 2718 1877 2766 officio
1902 2736 1982 2765 nos

170 2787 336 2843 debuit,
365 2788 640 2847 emancipata
662 2787 835 2834 libidini
862 2802 1156 2834 transversum
1184 2788 1283 2847 agit,
1309 2787 1425 2834 unde
1451 2787 1563 2834 bella
1589 2802 1630 2834 et
1656 2787 1978 2843 contentiones,

250 3048 274 3062 ‘f
293 3046 335 3079 In
352 3042 434 3087 fact,
453 3042 614 3081 Marsilio
636 3044 772 3087 Ficino‚
790 3046 831 3080 In
848 3046 1012 3086 Minoem,
1034 3043 1090 3081 vel
1103 3043 1146 3080 de
1163 3046 1254 3091 Lege,
1273 3046 1438 3091 Epitome,
1461 3045 1573 3091 Opera
1592 3045 1723 3086 omnia,
1744 3056 1836 3090 repr.
1856 3043 1981 3086 Turin,

172 3098 270 3139 1962,
295 3098 335 3138 ΙΙ,
362 3098 436 3132 122:
460 3097 544 3132 ‘Lex
564 3107 614 3132 est
637 3109 719 3132 vera
739 3094 960 3142 gubernandi
983 3126 989 3132 .
1007 3126 1013 3132 .
1030 3126 1036 3132 .
1058 3094 1173 3132 media
1196 3094 1389 3142 gubernata
1407 3094 1538 3142 dirigit,
1559 3093 1831 3142 transgredienti
1851 3107 1980 3142 poena,

169 3147 355 3185 obedienti
372 3149 553 3196 premium
571 3150 752 3185 statuens.'

251 3209 271 3223 ⁵³
288 3204 387 3248 Ibid„
407 3204 477 3242 and
494 3204 566 3242 also
586 3204 646 3242 for
662 3204 760 3242 what
777 3204 932 3248 follows,
956 3208 1029 3242 123.
