2124 3458
129 187 311 222 ESSAYS
1836 174 1924 215 353

128 339 412 387 percontatus
435 338 476 371 et
499 322 643 384 siquid
665 322 746 370 sibi
771 321 974 369 acciderit
995 320 1209 368 eiusmodi
1236 320 1472 368 edocuerit.
1498 317 1806 367 Padaeorum⁸⁷
1829 337 1932 380 gens

130 411 239 455 quae
264 406 461 448 vocatur,
488 409 597 452 quae
625 390 776 438 incolit
805 390 859 437 ad
882 407 1099 446 auroram,
1126 389 1315 436 vescitur
1339 388 1482 435 crudis
1509 388 1723 444 carnibus,
1753 386 1936 435 affectos

130 461 296 509 morbis
323 459 594 507 interficiunt
617 458 908 519 exeduntque3
930 458 1053 505 senio
1077 458 1181 505 item
1205 457 1606 518 appropinquantes
1631 470 1843 503 mactatos
1866 455 1935 503 de-

129 524 321 576 vorant.ji
343 530 513 575 Tamen
535 526 651 588 apud
671 526 901 587 plerosque
923 540 1071 573 sancta
1092 525 1332 572 admodum
1356 539 1417 572 est
1441 542 1490 571 ac
1509 524 1767 571 venerabilis
1789 542 1932 571 senec-

129 612 210 644 tus.
231 600 341 644 Sunt
360 610 402 643 et
421 596 495 656 qui
513 609 674 642 coeunt
695 595 739 640 in
756 593 1007 655 propatulo,
1030 593 1150 654 quod
1167 607 1315 640 tamen
1335 607 1376 640 et
1395 593 1671 652 Cynicorum
1692 606 1808 639 secta
1823 591 1932 652 phil-

129 664 403 725 osophorum
437 663 679 710 assentitur.
710 661 793 709 Sed
822 661 866 709 id
894 661 1002 708 mihi
1031 661 1170 708 brutis
1197 661 1433 708 convenire
1462 661 1596 720 magis
1626 659 1734 706 nihil
1765 660 1934 707 ratione

129 732 354 780 utentibus
383 749 515 792 quam
544 731 736 778 hominis
766 729 1044 777 excellentiae
1070 729 1208 776 videri
1235 728 1358 776 solet.
1388 733 1562 776 Natura
1589 742 1704 776 certe
1731 727 1933 788 genitalia

131 818 222 847 non
256 801 301 846 in
332 796 581 860 promptu⁸⁸
616 813 663 845 ut
697 798 861 854 oculos,
895 812 943 845 ut
976 796 1184 853 frontem,
1217 812 1264 844 ut
1298 815 1419 844 aures
1450 796 1696 852 collocavit,
1728 795 1804 843 sed
1834 811 1933 856 apte

130 867 414 927 modesteque
434 866 639 913 occuluit.
663 865 794 913 Unde
817 883 896 912 nos
915 865 1079 926 pudere
1103 864 1238 925 (quod
1259 864 1450 911 hominis
1471 865 1702 925 proprium
1727 865 1804 924 est)
1828 863 1934 910 didi-

129 936 233 982 cisse
271 934 589 996 percommode
630 933 873 989 debuimus,
916 932 1274 993 quandoquidem
1316 932 1418 979 hinc
1458 949 1634 993 quoque
1673 931 1932 992 pudibunda

129 1021 295 1050 nomen
313 1017 587 1063 acceperunt.
606 1005 816 1049 Sexcenta
833 1000 1134 1048 huiuscemodi
1154 1000 1301 1048 afferri
1315 1015 1511 1061 possunt.
1534 999 1618 1047 Sed
1636 999 1740 1047 haec
1756 1018 1933 1061 quoque

127 1086 228 1119 sunt
259 1071 386 1132 plura
419 1070 611 1118 fortassis
643 1088 774 1131 quam
807 1087 976 1117 necesse
1008 1069 1102 1117 fuit.
1138 1074 1221 1117 Res
1252 1070 1370 1116 enim
1403 1067 1527 1130 ipsa⁸⁹
1558 1087 1639 1130 per
1667 1086 1711 1116 se
1741 1069 1833 1116 sine
1868 1068 1932 1116 his

129 1139 434 1201 exemplorum
459 1138 734 1187 adminiculis
758 1139 803 1185 in
826 1153 978 1199 aperto
999 1153 1074 1186 est.

213 1213 281 1255 Ius
303 1209 435 1268 igitur
455 1207 580 1255 civile
601 1207 722 1268 quod
741 1225 822 1254 suo
843 1206 1035 1268 quodam
1058 1225 1181 1254 more
1204 1207 1458 1267 rationeque
1477 1205 1668 1267 singulae
1689 1206 1770 1253 sibi
1792 1207 1937 1253 civita-

127 1291 191 1324 tes
225 1277 582 1337 excogitaverunt
614 1275 698 1322 tale
731 1290 805 1322 est.
840 1278 1059 1322 Constant
1094 1293 1200 1322 vero
1233 1275 1428 1322 civitates
1458 1274 1643 1335 publicis
1678 1289 1719 1321 et
1751 1275 1932 1335 privatis

128 1344 268 1392 rebus.
287 1344 420 1391 Unde
439 1358 480 1391 et
494 1343 670 1404 publica
688 1358 729 1391 et
743 1344 913 1404 privata
930 1344 1022 1390 iura
1038 1343 1326 1390 deducuntur.
1346 1347 1399 1390 Et
1416 1342 1590 1404 publica
1608 1342 1801 1403 quidem,
1822 1360 1930 1403 quae

128 1412 182 1459 ad
199 1426 362 1459 statum
383 1412 606 1472 pertinent
628 1429 774 1458 rerum
795 1411 1084 1472 publicarum,
1109 1410 1309 1458 bifariam
1333 1410 1602 1457 dividuntur.
1626 1414 1717 1457 Aut
1738 1411 1857 1457 enim
1881 1410 1935 1457 ad

129 1498 221 1528 rem
238 1480 433 1527 divinam
453 1479 708 1540 cultumque
727 1479 989 1527 ordinantur
1003 1497 1226 1526 sacrorum
1246 1494 1287 1526 et
1303 1479 1357 1526 ad
1372 1479 1627 1539 religionem
1646 1478 1929 1539 religiosaque

127 1563 357 1604 vocantur,
378 1563 450 1595 aut
470 1562 622 1595 curant
642 1548 914 1608 magistratus
933 1547 1004 1594 illa
1021 1547 1198 1608 quidem
1215 1547 1486 1608 profanaque
1504 1547 1722 1594 dicuntur.
1744 1551 1935 1594 Hacten-

127 1634 176 1663 us
197 1617 295 1676 (nisi
314 1615 455 1676 fallor)
475 1615 593 1662 nulla
612 1615 721 1661 mihi
739 1630 886 1662 tecum
904 1616 1203 1662 controversia
1219 1630 1294 1662 est.
1312 1616 1536 1662 Privatum
1554 1633 1661 1662 vero
1678 1616 1756 1671 ius,
1776 1616 1821 1661 in
1841 1633 1931 1675 quo

128 1698 223 1731 tota
245 1684 433 1731 omnino
460 1683 748 1744 discrepantia
772 1682 918 1730 futura
940 1698 1016 1740 est,
1043 1683 1087 1730 id
1109 1698 1254 1730 autem
1279 1683 1383 1730 duas
1406 1683 1682 1730 distribuitur
1707 1684 1752 1729 in
1773 1697 1930 1744 partes.

127 1756 219 1799 Aut
242 1753 361 1799 enim
383 1752 595 1812 scriptum
619 1766 692 1799 aut
715 1770 806 1798 non
829 1752 1040 1812 scriptum
1064 1766 1140 1808 est,
1163 1751 1284 1812 quod
1305 1766 1353 1799 tu
1372 1751 1578 1813 probasse
1603 1752 1737 1812 magis
1759 1750 1930 1798 videris.

127 1824 180 1868 Et
204 1821 354 1881 scripti
379 1819 558 1881 quidem
583 1821 686 1867 iuris
710 1821 901 1867 Romani
925 1838 998 1867 sex
1020 1821 1181 1881 species
1207 1814 1587 1876 constituerunt;kk
1610 1834 1658 1867 ut
1684 1819 1728 1866 hi
1754 1819 1932 1867 fuerunt

127 1889 203 1950 qui
225 1888 342 1950 apud
364 1907 438 1936 eos
462 1887 793 1936 condendarum
818 1903 859 1936 et
881 1888 1208 1936 scribendarum
1233 1888 1376 1950 legum
1402 1888 1653 1936 facultatem
1674 1903 1775 1936 sunt
1802 1889 1930 1936 nacti.

127 1960 255 2017 Quae
287 1972 436 2005 tamen
467 1972 509 2004 et
538 1957 630 2004 aliis
662 1975 837 2018 quoque
869 1957 1116 2005 civitatibus
1144 1972 1327 2018 possunt
1361 1957 1554 2005 accidere
1580 1957 1718 2018 plura,
1753 1958 1858 2004 item
1889 1972 1931 2005 et

125 2026 346 2086 pauciora,
368 2044 452 2086 pro
477 2043 664 2072 numero
688 2040 730 2072 et
750 2026 957 2072 varietate
978 2044 1132 2072 eorum
1156 2026 1312 2086 quibus
1337 2025 1634 2073 constituendi
1655 2040 1847 2086 potestas
1871 2040 1932 2072 est

127 2111 151 2140 a
181 2093 351 2154 populo
389 2093 611 2140 attributa.
646 2097 773 2152 Quae
807 2094 1143 2141 constitutiones
1177 2095 1405 2141 communi
1442 2095 1622 2141 nomine
1658 2093 1934 2155 appellantur

126 2161 252 2221 leges,
277 2161 416 2208 dictae
437 2176 485 2208 ut
507 2161 698 2208 arbitror
718 2179 741 2208 a
761 2161 959 2222 legendo,
982 2176 1030 2208 ut
1053 2179 1076 2208 a
1097 2161 1288 2222 regendo
1309 2180 1440 2222 reges,
1463 2180 1588 2209 neces
1610 2180 1633 2209 a
1655 2161 1869 2218 necand0‚
1892 2176 1934 2208 et

126 2247 272 2289 greges
293 2229 345 2276 ab
366 2230 550 2290 antiquo
570 2229 708 2276 verbo
729 2247 915 2290 gregare,
937 2229 1057 2290 quod
1079 2231 1124 2276 in
1145 2244 1345 2277 nostrum
1369 2248 1495 2277 usum
1518 2248 1609 2277 non
1630 2231 1765 2286 venit,
1785 2230 1861 2277 sed
1881 2230 1933 2277 ab

127 2315 181 2344 eo
200 2315 461 2357 congregare
481 2312 609 2358 atque
630 2315 853 2358 aggregare
870 2298 1003 2345 verba
1019 2313 1119 2345 sunt
1141 2298 1284 2354 ducta3
1303 2313 1350 2345 ut
1372 2313 1413 2345 et
1432 2297 1653 2346 defaecare
1670 2298 1722 2346 ab
1743 2316 1796 2346 eo
1814 2298 1931 2346 unde

127 2365 285 2411 eodem
308 2365 460 2411 itidem
484 2365 622 2412 modo
644 2365 783 2412 dictae
803 2380 903 2412 sunt
928 2365 1077 2412 faeces.

211 2436 530 2479 Verumtamen
553 2432 669 2493 apud
689 2437 914 2480 Romanos
936 2434 1167 2494 proprium
1192 2451 1325 2494 genus
1347 2433 1415 2480 lex
1436 2434 1642 2481 obtinuit.
1667 2438 1788 2481 Nam
1812 2434 1934 2495 quod

125 2499 329 2561 populus,
355 2501 578 2547 senatorio
602 2501 896 2561 interrogante
922 2502 1172 2562 magistratu
1194 2503 1314 2563 quasi
1338 2502 1529 2558 consule,
1555 2502 1863 2558 constituebat,
1890 2502 1933 2549 id

127 2567 330 2615 dicebant
353 2568 507 2628 legem,
532 2583 580 2615 ut
603 2568 842 2629 plebiscita,
867 2587 975 2630 quae
998 2569 1121 2630 plebs
1146 2571 1397 2630 magistratu
1422 2571 1716 2631 interrogante
1740 2570 1929 2631 plebeio,

126 2635 263 2683 veluti
281 2636 475 2683 tribuno.
499 2641 620 2684 Nam
639 2637 1065 2685 senatusconsultum
1088 2637 1133 2685 id
1151 2653 1212 2685 est
1232 2638 1353 2699 quod
1373 2638 1540 2686 iuberet
1558 2653 1744 2695 senatus,
1766 2639 1835 2686 cui
1853 2653 1933 2686 sta-

127 2704 280 2751 tuendi
295 2722 380 2765 pro
398 2705 567 2765 populo
589 2706 823 2752 auctoritas
840 2705 935 2753 fuit.
955 2709 1072 2753 Cum
1094 2707 1127 2753 is
1145 2707 1315 2754 auctior
1331 2706 1468 2754 factus
1486 2706 1708 2754 difficilius
1727 2708 1931 2754 conveni-

128 2787 207 2827 ret,
227 2772 318 2832 lege
339 2773 471 2819 etiam
493 2774 607 2833 regia
626 2773 724 2829 lata,
746 2774 890 2820 omnis
910 2773 1064 2834 populi
1085 2789 1276 2834 potestas
1297 2775 1341 2820 in
1362 2775 1606 2835 principem
1630 2775 1836 2822 translata
1854 2790 1929 2822 est.

128 2843 255 2898 Quae
280 2839 340 2886 illi
365 2840 632 2900 placuerant,
656 2841 758 2901 legis
781 2842 871 2887 vim
900 2841 1130 2898 habebant;
1155 2856 1196 2889 et
1217 2843 1467 2903 principum
1493 2842 1651 2903 placita
1675 2842 1926 2889 huiusmodi

207 3073 223 3105 53
236 3078 453 3122 Ih1d.,111‚99,
468 3079 603 3127 quoted
617 3079 665 3127 by
682 3081 883 3124 B.Fontius,
898 3082 950 3118 ‘ut
962 3080 1085 3118 scribit
1100 3084 1175 3118 Bar.
1192 3080 1314 3118 Schala
1327 3082 1366 3117 in
1378 3080 1500 3118 libello
1515 3080 1559 3119 de
1573 3080 1707 3129 legibus
1722 3093 1757 3119 et
1771 3081 1933 3125 iudiciis,’

128 3128 198 3174 Ri⁴,
217 3130 280 3168 fol.
299 3135 378 3175 73v,
397 3131 441 3169 cf.
461 3143 547 3169 note
566 3135 620 3169 86.

208 3182 242 3207 ’ὰ
259 3191 368 3226 [nstin.
388 3191 527 3232 1,2‚4-8.
