2124 3458
206 183 295 224 378
1817 188 1955 222 PART
1980 189 2012 221 v

205 331 352 375 tatur.'
386 328 469 374 His
500 341 730 388 permotus
763 341 982 373 mercator
1012 326 1151 382 dictis,
1182 331 1399 373 Lavernae
1429 326 1702 387 supplicavit,
1735 341 1776 373 et
1808 344 1908 373 curn
1940 326 2020 374 dea

205 411 355 443 tamen
378 395 686 450 obaudivisset,
711 394 922 441 Thesauri
946 394 1243 441 evolaverunt.

938 535 1004 577 42.
1030 531 1283 590 Aucupium

1030 598 1092 653 Bi,
1114 602 1199 644 24v

206 706 256 748 In
291 701 402 749 bene
440 715 661 748 comatam
698 700 896 761 beneque
932 718 1162 761 proceram
1198 700 1354 761 pinum
1395 700 1653 760 omnigenae
1691 717 1788 747 aves
1825 717 1925 747 cum
1964 699 2018 747 ad

206 785 386 817 noctem
408 769 711 825 convolarent,
733 786 902 829 auceps,
924 768 1044 829 quod
1064 786 1113 815 ea
1130 769 1263 828 magis
1283 786 1466 828 procera
1485 782 1591 815 esset
1612 786 1742 828 quam
1762 767 1878 815 unde
1898 785 2015 815 com-

206 838 338 885 mode
363 837 488 885 fieret
512 838 762 898 aucupium,
786 838 929 898 prima
954 851 1083 884 nocte
1107 836 1351 883 deterrebat
1372 851 1420 883 ut
1445 837 1489 882 in
1514 835 1693 883 alteram
1716 854 1825 897 quae
1850 836 1894 882 in
1916 854 2016 897 pro-

203 908 376 968 pinquo
400 921 504 963 erat,
526 906 842 967 depressiorem
865 920 906 952 et
927 906 1007 952 reti
1027 904 1254 966 implendo
1277 904 1741 961 accommodatiorem,
1766 922 2014 952 consuesce-

206 990 317 1023 rent.
342 979 422 1022 Ast
446 974 541 1022 illae
565 974 796 1022 deterritae
817 992 917 1021 cum
941 973 1026 1021 alio
1050 973 1350 1030 evolavissent‚
1375 972 1622 1020 fefellerunt
1644 991 1870 1034 aucupem.

972 1115 1038 1158 43.
1065 1111 1254 1157 Occasio

1033 1179 1095 1235 Bi,
1117 1183 1195 1226 25r

205 1283 430 1330 Diversari
446 1283 726 1343 apertissimis
744 1282 790 1328 in
805 1282 968 1342 campis
985 1282 1279 1328 Occasionem
1294 1280 1490 1341 plerique
1506 1280 1626 1327 docti
1639 1281 1722 1327 viri
1734 1294 2016 1340 putaverunt,

205 1350 281 1398 sed
314 1350 512 1397 didicisse
546 1368 642 1397 eam
674 1349 826 1396 oculos
862 1350 906 1395 in
939 1367 982 1396 se
1012 1349 1304 1409 spectantium
1337 1349 1626 1409 perstringere
1659 1349 1804 1408 itaque
1833 1347 2018 1394 volitare

207 1420 339 1466 etiam
368 1432 467 1465 ante
495 1417 641 1465 vultus
670 1416 1069 1477 incognoscendam
1100 1431 1228 1477 atque
1256 1417 1314 1463 ita
1338 1416 1486 1463 ludere
1515 1415 1699 1462 mortale
1726 1433 1872 1475 genus.
1905 1419 2018 1462 Leve

207 1487 465 1547 occipitium
491 1501 566 1533 est:
591 1486 672 1533 nisi
697 1485 921 1533 adversam
945 1486 1149 1541 tenueris,
1175 1484 1333 1532 frustra
1355 1485 1576 1531 insectere.
1600 1483 1683 1531 Sed
1706 1483 1757 1530 fit
1780 1483 1893 1530 illius
1919 1482 2019 1530 inde

205 1573 334 1603 soror
366 1555 652 1611 Paenitentia,
685 1572 794 1615 quae
827 1568 994 1615 quanto
1027 1553 1098 1600 illa
1130 1553 1217 1600 abit
1249 1553 1432 1613 longius,
1471 1552 1604 1599 fidior
1634 1553 1751 1599 socia
1783 1551 1833 1599 fit
1866 1551 2015 1599 nolen-

206 1638 385 1685 temque
409 1621 576 1670 etiam⁵⁰
601 1622 924 1683 complectitur,
947 1622 1109 1669 sororis
1133 1639 1335 1669 accusans
1358 1639 1501 1668 mores
1524 1621 1819 1681 castigansque
1843 1620 2015 1667 inertes.

207 1692 393 1740 Colliria
418 1692 472 1739 ad
494 1710 595 1739 eum
622 1691 831 1738 morbum
858 1690 1083 1747 Eucharia‚
1110 1708 1241 1751 quam
1266 1690 1424 1737 Graeci
1447 1689 1612 1746 dicunt,
1636 1703 1781 1750 potest
1804 1688 2012 1736 submini-

205 1775 354 1808 strare:
379 1760 501 1808 Illam
522 1760 697 1821 placato
717 1760 858 1807 sacris.

1002 1902 1069 1943 44.
1095 1897 1228 1942 Livor

1005 1965 1067 2020 Bi,
1089 1969 1225 2010 25r-v

207 2074 343 2115 Beato
359 2087 439 2129 per
458 2068 586 2115 urbes
606 2069 813 2127 vicosque
836 2082 877 2114 et
895 2067 1156 2122 suburbana,
1179 2081 1227 2113 ut
1247 2067 1417 2113 animus
1440 2065 1585 2121 ferret,
1605 2064 1903 2112 deambulanti
1925 2082 2016 2111 mu-

206 2137 406 2196 tantique
431 2154 514 2196 pro
540 2135 720 2182 libidine
749 2149 790 2181 et
814 2153 897 2195 pro
924 2134 1149 2194 voluptate
1176 2134 1338 2189 locum,
1368 2134 1501 2180 Livor
1526 2147 1615 2179 erat
1641 2133 1877 2179 continuus
1903 2132 2018 2178 vitae

205 2218 530 2265 perpetuusque
553 2221 714 2259 comes,
736 2203 810 2263 qui
830 2220 921 2249 non
943 2202 1055 2249 facta
1070 2201 1207 2249 modo
1227 2216 1299 2248 aut
1320 2201 1435 2248 dicta
1452 2202 1541 2248 eius
1562 2200 1850 2247 curiosissime
1873 2199 2015 2246 obser-

206 2287 327 2319 varet
352 2272 428 2319 sed
454 2286 495 2319 et
520 2271 694 2318 vultum
722 2288 898 2331 quoque
927 2285 967 2317 et
994 2288 1174 2317 ornnem
1204 2270 1400 2330 corporis
1427 2269 1818 2328 membrorumque
1847 2282 2017 2328 gestum

208 2340 439 2387 adnotaret
460 2354 507 2386 ut
530 2358 583 2386 ne
607 2354 754 2386 motus
778 2338 956 2399 quidem
978 2353 1069 2385 tam
1088 2339 1231 2385 varios
1255 2337 1486 2384 oculorum
1510 2355 1557 2384 ac
1576 2336 1883 2397 palpebrarum
1907 2336 2018 2382 ictus

207 2408 548 2456 studiosissimus
575 2408 844 2468 praeteriret.
868 2407 1079 2454 Nascenti
1103 2407 1235 2462 enim,
1262 2405 1383 2466 quod
1407 2420 1448 2452 et
1471 2405 1523 2452 de
1545 2408 1667 2465 Argo
1692 2418 1753 2451 est
1778 2405 1822 2450 in
1847 2403 2016 2460 fabulis,

208 2492 387 2524 centum
415 2480 572 2524 Parcae
596 2475 748 2523 oculos
776 2475 1024 2522 tribuerunt
1051 2474 1334 2535 feceruntque
1358 2473 1643 2535 percallidum
1672 2487 1800 2533 atque
1825 2472 2017 2532 ingenio-

207 2564 317 2593 sum.
341 2545 425 2592 Sed
444 2546 718 2592 inverterunt
738 2543 945 2604 linguam,
968 2562 1053 2604 qua
1072 2542 1249 2604 quidem
1269 2542 1451 2603 obloqui
1472 2556 1645 2589 tantum
1665 2559 1765 2588 cum
1785 2540 1954 2601 populo
1977 2554 2019 2588 et

209 2613 508 2669 multitudine,
545 2612 702 2674 quibus
739 2613 896 2659 nititur
926 2611 1040 2668 solis,
1078 2629 1170 2658 non
1204 2626 1349 2658 autem
1383 2610 1505 2671 loqui
1540 2628 1641 2657 cum
1675 2610 1777 2656 viris
1811 2627 1891 2656 suo
1925 2607 2018 2656 fato

207 2696 367 2743 potest.
393 2681 634 2729 Fastidium
660 2682 805 2741 itaque
828 2681 961 2727 Livor
985 2680 1048 2727 his
1072 2679 1267 2727 moribus
1295 2678 1529 2740 aliquando
1554 2683 1688 2725 Beato
1710 2695 1811 2725 curn
1836 2676 2019 2733 fecisset,

209 2750 429 2797 consuluit
470 2750 699 2810 sapientes,
738 2750 813 2809 qui
851 2748 1185 2809 responderunt,
1227 2748 1379 2794 ‘Satius
1418 2746 1560 2794 multo
1598 2745 1679 2793 fuit
1717 2746 1933 2792 secessisse
1972 2745 2017 2791 in

208 2818 509 2874 solitudinem,
545 2818 620 2864 ubi
655 2835 756 2864 cum
791 2817 871 2863 diis
905 2831 1096 2863 versatus
1126 2834 1292 2876 pauper
1323 2816 1377 2862 sis
1412 2814 1675 2862 familiarius.
1713 2818 1850 2860 Nunc
1883 2814 2019 2860 vitare

210 2885 507 2932 infortunium
534 2903 625 2932 non
646 2899 773 2945 potes
797 2885 877 2930 nisi
901 2884 978 2930 fias
1001 2885 1157 2930 miser.’

1021 3013 1087 3054 45.
1111 3007 1213 3053 Vita

1016 3079 1062 3131 B,
1084 3079 1219 3122 26r-v

211 3167 462 3215 Harenulae
482 3166 678 3214 fluviales
698 3167 763 3227 agi
782 3167 842 3213 sic
858 3166 1056 3226 vertique
1075 3165 1376 3212 molestissime
1399 3163 1595 3211 ferebant
1613 3178 1654 3210 et
1671 3165 1836 3210 sortem
1856 3161 2017 3209 lamen-
