2124 3458
213 191 303 232 342
1827 195 1965 228 PART
1989 196 2021 228 V
2091 204 2094 207 ·

212 336 406 383 breviter
423 334 728 395 eleganterque
746 337 1003 380 notaverat.'
1021 335 1138 380 Tum
1158 332 1212 380 ad
1228 351 1328 380 eum
1348 351 1596 389 conversus,
1619 333 1759 392 ‘Quin
1778 348 1827 380 tu
1844 334 2021 394 potius,’

214 405 409 465 inquam,
445 403 594 450 ‘recita
625 402 894 449 memoriter.
929 401 1053 449 Malo
1086 402 1203 448 enim
1237 402 1485 448 orationem
1519 400 1667 448 audire
1699 415 1820 448 tuam
1851 418 2026 448 saccaro

213 472 358 520 multo
392 490 440 519 ac
472 471 600 518 melle
634 470 891 518 dulciorem.
926 475 1025 517 Nec
1058 485 1100 517 te
1133 488 1224 517 non
1259 469 1393 517 fidere
1427 470 1664 517 memoriae
1699 484 1797 517 tuae
1829 484 2021 531 oportet,

213 542 376 602 quippe
395 541 470 601 qui
486 541 601 587 inter
614 540 899 600 paucissimos
918 539 1104 586 civitatis
1119 553 1292 586 nostrae
1310 538 1614 585 recordatione
1630 556 1776 585 rerum
1792 539 2024 599 praecipue

213 609 409 665 excellas,
433 626 514 655 nec
535 625 731 668 unquam
756 608 837 654 nisi
861 606 1045 654 feliciter
1065 607 1109 652 in
1133 625 1182 653 ea
1202 624 1246 653 re
1268 606 1419 653 feceris
1438 605 1711 667 periculum.'

300 677 450 723 ‘Libro
481 677 639 736 igitur,’
674 676 831 736 inquit,
863 676 1088 735 ‘vigesimo
1119 674 1437 721 Pandectarum
1467 675 1526 721 ita
1553 688 1722 721 constat
1752 675 2025 721 Martianum

214 744 573 793 iurisconsultum
596 743 880 804 respondisse.
904 743 1146 802 Quaeritur
1160 743 1195 790 si
1211 757 1391 803 pactum
1408 743 1461 789 sit
1480 760 1503 789 a
1519 741 1808 789 creditoribus
1827 760 1881 789 ne
1898 741 2025 789 liceat

213 814 405 862 debitori
423 813 690 874 hypotecam
709 811 898 859 vendere
914 811 982 859 vel
1000 812 1168 872 pignus.
1192 811 1317 871 Quid
1334 812 1437 858 iuris
1455 811 1523 867 sit,
1543 825 1584 858 et
1602 829 1657 858 an
1671 811 1819 872 pactio
1837 810 1956 858 nulla
1972 811 2026 858 sit

213 882 309 929 talis
327 882 449 942 quasi
469 881 707 928 contraius
726 881 779 927 sit
797 881 953 941 posita,
975 879 1161 940 ideoque
1179 880 1327 926 venire
1345 880 1494 940 possit.
1517 883 1570 926 Et
1590 893 1759 926 certum
1778 893 1839 926 est
1860 878 2026 926 nullam

213 968 301 997 esse
323 949 630 997 venditionem
653 963 701 995 ut
722 949 919 1009 pactioni
941 962 1091 995 stetur.
1114 952 1178 993 Ex
1202 965 1246 994 re
1269 948 1400 1007 igitur
1420 946 1655 1008 aliquando
1678 964 1779 994 cum
1803 961 1911 994 esset
1933 961 2031 994 orta

213 1018 445 1066 contentio
469 1035 521 1064 ex
544 1017 755 1064 Martiani
776 1016 933 1072 verbis,
959 1015 1048 1063 duo
1070 1034 1150 1076 per
1172 1015 1216 1062 id
1238 1030 1411 1076 tempus
1435 1014 1694 1062 nobilissimi
1720 1015 1898 1076 patroni
1924 1014 2026 1062 hinc

213 1101 343 1147 atque
370 1085 473 1133 hinc
497 1085 683 1133 stabant.
712 1088 798 1132 Pro
820 1085 1025 1145 pactione
1043 1084 1271 1145 pugnabat
1298 1083 1509 1131 Bartolus:
1538 1083 1842 1130 venditionem
1869 1082 2026 1130 Baldus

213 1154 491 1210 defendebat;
508 1168 638 1214 atque
653 1168 838 1214 uterque
854 1152 997 1200 verbis
1012 1153 1222 1200 Martiani
1238 1152 1472 1208 nitebatur;
1489 1166 1531 1199 et
1547 1151 1704 1199 Baldus
1719 1151 1897 1212 quidem
1912 1169 2024 1212 pess-

213 1224 302 1271 ima
322 1222 536 1270 industria
555 1221 787 1283 plerosque
811 1222 998 1282 regionis
1023 1221 1112 1268 eius
1134 1220 1306 1268 codices
1326 1220 1370 1267 id
1392 1235 1453 1267 est
1475 1235 1695 1281 quotquot
1718 1219 2030 1281 perdiligenter

212 1292 375 1352 ubique
398 1292 670 1351 conquisitos
690 1291 837 1351 potuit
859 1290 1063 1346 nancisci,
1085 1289 1299 1336 medicata
1317 1307 1427 1349 aqua
1445 1303 1698 1349 corruperat
1719 1303 1760 1336 et
1777 1306 1861 1349 pro
1880 1287 2028 1336 vendi-

212 1361 335 1407 tione
353 1360 700 1406 conventionem
718 1359 958 1419 scripserat.
979 1361 1096 1404 Cum
1115 1357 1283 1404 iuberet
1303 1357 1431 1404 iudex
1448 1371 1495 1404 ut
1514 1357 1833 1417 inspicerentur
1848 1356 1962 1412 libri,
1981 1370 2024 1403 et

214 1429 520 1475 invenirentur
544 1428 890 1474 conventionem
917 1427 1143 1473 continere
1170 1443 1261 1472 non
1286 1425 1604 1481 venditionem,
1630 1439 1808 1485 petente
1832 1424 2025 1480 Bartolo,

212 1497 328 1543 Pisas
351 1496 469 1543 missi
491 1496 574 1542 viri
594 1513 756 1555 graves,
778 1495 853 1555 qui
874 1513 926 1541 ex
946 1493 1174 1541 Pandectis
1193 1493 1372 1540 tandem
1393 1493 1499 1554 quid
1519 1494 1564 1539 in
1586 1511 1635 1540 ea
1654 1488 1697 1540 re
1718 1493 1810 1539 veri
1831 1507 1939 1539 esset
1961 1510 2028 1539 ex-

213 1565 451 1625 quirerent.
468 1568 532 1611 Ita
540 1563 697 1610 Baldus
706 1563 895 1624 turpiter
904 1563 1026 1609 cessit
1038 1580 1200 1609 causae.
1217 1562 1527 1609 Perusinorum
1546 1561 1724 1608 decreto
1736 1561 1934 1621 corrupti
1947 1560 2024 1608 lib-

214 1633 249 1679 ri
267 1632 321 1680 ad
336 1631 560 1692 exemplar
577 1631 897 1678 Pandectarum
914 1631 1103 1677 restituti
1121 1648 1275 1677 omnes
1292 1648 1464 1677 summa
1484 1629 1707 1689 diligentia
1724 1628 1916 1685 fuerunt3
1936 1628 2027 1676 Bal-

213 1701 292 1748 dus
312 1700 564 1761 prohibitus
591 1699 892 1747 advocationis
915 1698 1084 1745 honore
1107 1698 1286 1759 aliquod
1308 1698 1360 1745 ab
1382 1716 1435 1745 eo
1457 1712 1630 1758 tempus
1650 1698 1759 1744 vixit
1782 1696 2020 1757 inglorius.’

300 1767 609 1829 ‘Perpulchre‚'
631 1768 826 1828 inquam,
848 1766 1093 1814 ‘Bernarde.
1111 1766 1195 1814 Sed
1212 1766 1390 1827 quando
1408 1765 1552 1826 legum
1574 1780 1615 1813 et
1633 1766 1736 1813 iuris
1755 1783 1779 1812 a
1794 1779 1837 1812 te
1855 1765 2026 1812 mentio

213 1837 327 1884 facta
350 1852 426 1893 est,
454 1851 584 1897 atque
611 1851 673 1883 est
700 1837 843 1883 otium
871 1854 895 1883 a
919 1835 1224 1896 carnispriviis,
1254 1835 1335 1882 nisi
1364 1834 1600 1881 molestum
1629 1848 1705 1890 est,
1732 1833 1784 1880 de
1810 1834 1901 1880 iure
1926 1832 2025 1893 legi-

212 1906 380 1966 busque
404 1904 511 1966 quid
530 1905 689 1952 sentias
711 1903 907 1951 edissere.
929 1907 1033 1951 Sum
1057 1904 1174 1950 enim
1199 1903 1273 1950 diu
1294 1902 1450 1950 dubius
1474 1901 1759 1950 commodine
1782 1919 1838 1949 an
1858 1902 2024 1948 incom-

214 1973 338 2021 modi
356 1973 454 2035 plus
475 1972 701 2020 attulerint
720 1972 974 2019 hominibus
997 1971 1075 2019 hae
1095 1972 1330 2019 continuae
1349 1972 1452 2018 iuris
1471 1985 1512 2018 et
1528 1970 1673 2031 legum
1693 1970 1927 2017 acerrimae
1944 1969 2024 2017 dis·

213 2043 499 2104 ceptationes,
518 2041 676 2102 quibus
696 2042 847 2088 omnia
866 2040 1112 2088 redundant
1130 2040 1279 2088 litibus
1298 2039 1555 2087 forensibus.
1578 2043 1698 2086 Nam
1719 2038 1828 2085 mihi
1847 2037 2027 2099 quidem

213 2110 521 2172 tranquillitati
536 2110 714 2157 vivendi
731 2110 866 2170 magis
884 2127 970 2156 esse
987 2123 1331 2156 consentaneum
1349 2108 1487 2155 videri
1501 2107 1611 2155 solet
1629 2106 1750 2168 quod
1767 2106 2028 2154 Lacedemo—

214 2181 311 2226 nios
325 2179 540 2226 factitasse
552 2178 779 2239 quondam
792 2178 1100 2238 comperimus.
1120 2178 1334 2238 Scriptam
1348 2176 1512 2223 nullam
1528 2176 1745 2223 habebant
1756 2175 1910 2235 legem;
1926 2192 2025 2236 pro-

213 2248 324 2295 batis
346 2248 568 2295 utentium
593 2264 807 2294 consensu
833 2246 1029 2293 moribus
1055 2245 1275 2292 vivebant.
1291 2245 1482 2292 Romani
1506 2245 1636 2292 etiam
1660 2244 1819 2291 exactis
1839 2243 2023 2304 regibus,

214 2334 315 2364 cum
338 2316 512 2363 decreta
528 2316 679 2363 omnia
698 2333 848 2376 regum
870 2314 1156 2371 rescidissent,
1171 2312 1360 2375 viginti29
1377 2331 1515 2361 annos
1529 2312 1706 2360 fuerunt
1721 2314 1812 2360 sine
1827 2312 2021 2373 legibus.’

301 2388 428 2431 ‘Rem
451 2387 528 2440 tu,’
554 2384 696 2444 inquit
719 2383 1047 2439 Machiavellus,
1071 2382 1328 2430 ‘admodum
1352 2382 1530 2429 dubiam
1552 2396 1702 2442 suapte
1726 2395 1880 2428 natura
1901 2398 2026 2442 quae-

214 2454 282 2499 ris.
303 2452 387 2499 Sed
405 2453 450 2498 in
470 2470 519 2499 ea
535 2451 642 2512 quid
657 2452 870 2498 sentirent
888 2466 1050 2511 gentes,
1069 2451 1271 2498 omnium
1295 2450 1383 2497 fere
1401 2468 1614 2497 consensu
1636 2449 1870 2496 hominum
1893 2448 2029 2496 decla-

213 2535 346 2568 ratur.
375 2524 556 2579 Quotus
585 2521 703 2567 enim
732 2520 913 2580 quisque
940 2519 1170 2596 populus
1160 2537 1246 2566 iam
1273 2533 1334 2566 est
1361 2519 1435 2579 qui
1462 2533 1534 2566 aut
1560 2536 1640 2565 suo
1667 2517 1875 2579 quodam,
1905 2516 2026 2578 quod

214 2589 303 2649 ipse
325 2588 407 2635 sibi
431 2589 723 2644 constituerit,
748 2603 820 2635 aut
844 2587 1019 2634 alieno
1009 2605 1100 2634 iure
1123 2605 1214 2634 non
1237 2589 1405 2634 utatur?
1425 2591 1545 2634 Nam
1570 2586 1726 2647 quibus
1749 2603 1877 2633 suum
1902 2584 2027 2632 civile

215 2658 279 2704 ius
304 2674 396 2703 non
420 2671 496 2712 est,
520 2670 592 2703 aut
614 2657 649 2703 si
673 2674 758 2716 qua
779 2657 824 2702 in
847 2670 970 2716 parte
992 2673 1083 2702 non
1107 2656 1294 2702 omnino
1316 2655 1498 2715 plenum
1523 2669 1675 2747 atque3
1673 2654 1922 2701 absolutum
1947 2667 2024 2709 est,

214 2726 279 2772 ius
301 2724 426 2772 civile
447 2729 770 2780 Romanorum,
795 2723 916 2784 quod
938 2724 1068 2771 etiam
1089 2742 1141 2770 ex
1162 2742 1205 2770 re
1226 2741 1462 2770 commune
1485 2720 1675 2779 vocant,3
1678 2720 2023 2783 0supplemento

215 2807 290 2840 est.
312 2797 473 2853 Neque
493 2793 567 2853 qui
590 2792 670 2839 hac
690 2806 948 2852 tempestate
968 2793 1049 2839 iuri
1072 2791 1188 2838 civili
1207 2791 1441 2838 ediscendo
1461 2791 1565 2838 dant
1586 2808 1780 2851 operam,
1802 2789 1929 2837 huius
1951 2803 2024 2837 aut

215 2861 328 2908 illius
362 2861 550 2908 civitatis
581 2861 645 2907 ius
677 2860 758 2907 sibi
792 2859 1171 2921 interpretandum
1202 2874 1395 2915 sumunt,
1430 2859 1506 2906 sed
1536 2863 1802 2906 Romanum.
1837 2862 2023 2905 Versant

215 2930 432 2976 continuo
452 2928 691 2975 Pandectas
708 2928 909 2975 manibus
930 2946 1171 2987 eorumque
1192 2929 1461 2987 interpretes.
1482 2931 1544 2973 Ita
1560 2945 1583 2973 a
1601 2931 1907 2973 Romanorum
1927 2925 2026 2985 legi-

214 2997 294 3044 bus
311 3011 440 3057 atque
456 2997 666 3043 institutis
683 2995 1020 3056 interpretandis
1037 2996 1140 3042 iuris
1156 2995 1292 3042 civilis
1308 2995 1533 3042 scientiam
1550 2994 1773 3041 consecuti
1791 2994 1836 3040 in
1854 2993 2023 3040 honore

216 3065 435 3112 habentur
456 3065 508 3111 ab
533 3064 799 3111 hominibus.
826 3068 947 3110 Nam
970 3078 1180 3124 quattuor
1200 3064 1528 3110 institutionum
1551 3062 1699 3118 libros,
1723 3079 1833 3122 quos
1853 3079 1934 3108 suo
1955 3060 2025 3108 edi

216 3133 398 3178 nomine
440 3133 703 3178 Iustinianus
744 3131 899 3186 voluit,
941 3131 1183 3191 quibusque
1226 3130 1470 3177 admirabili
1511 3147 1611 3176 cum
1651 3130 1860 3189 gravitate
1899 3142 2028 3188 atque

215 3200 427 3259 sapientia
447 3213 514 3246 tot
536 3197 792 3245 tantarum³¹
816 3213 857 3245 et
877 3213 967 3245 tam
988 3199 1206 3245 variarum
1228 3215 1388 3253 rerum,
1411 3211 1518 3257 quot
1540 3211 1808 3257 quantasque
1829 3210 1871 3242 et
1891 3212 2023 3255 quam
