2118 3444
140 183 322 217 sssSAYs
1845 166 1935 207 295

140 336 251 377 tum,
281 319 389 381 quid
418 336 508 365 non
538 319 722 378 ingenue
753 317 837 363 iam
868 312 1115 362 fateamur⁴⁰
1144 331 1223 361 nos
1254 314 1433 360 miseros
1461 311 1735 372 blandirique
1765 310 1944 358 admod-

140 387 250 436 um⁴¹
278 388 404 435 nobis
430 387 529 447 ipsis
553 385 738 446 amplius
762 384 1042 431 desinamus?

226 459 475 503 ‹SCALA.›
509 458 587 500 ‘Ita
615 452 893 507 faciendum,’
928 452 1120 511 inquam,
1152 453 1342 496 ‘Cosme.
1376 448 1459 496 Sed
1487 449 1572 495 iarn
1604 448 1647 494 id
1675 447 1842 494 dudum
1876 464 1945 493 me

141 525 340 572 Porticus
360 522 551 578 edocuit,
570 539 678 582 quae
698 538 722 567 a
739 535 781 567 te
800 533 1053 567 enumerata
1068 532 1168 565 sunt
1190 535 1401 578 corporea
1420 531 1461 564 et
1480 531 1658 563 externa
1675 533 1766 562 non
1787 533 1874 562 esse
1894 514 1947 561 de

142 609 330 640 numero
349 591 588 645 bonorum,
609 588 807 649 quamvis
825 602 867 634 te
882 586 1014 647 paulo
1032 600 1131 633 ante
1147 585 1442 646 disputantem
1462 599 1616 631 contra
1633 583 1940 630 meminerim.'

226 661 535 706 ‹COSMUS.›
566 656 854 711 ‘Meministi‚’
884 655 1039 715 inquit,
1069 658 1125 701 ‘et
1150 671 1193 700 re
1219 671 1319 700 vera
1340 654 1401 699 sic
1426 667 1501 699 est.
1528 655 1655 710 Quae
1681 654 1802 697 Deus
1830 650 1946 706 fecit,

141 728 293 775 omnia
321 726 439 773 bona
465 739 581 780 sunt,
612 724 690 771 etsi
721 723 862 770 multo
890 722 1014 769 aliter
1040 721 1166 768 nobis
1195 737 1511 781 saepenumero
1538 719 1676 766 videri
1703 719 1852 779 possit.
1885 722 1945 764 Ea

141 796 260 843 enim
284 809 346 841 est
372 808 525 840 natura
546 792 768 839 bonorum
796 806 843 838 ut
865 790 1097 837 videantur
1117 789 1359 850 plerunque
1383 806 1475 835 non
1498 787 1615 834 bona
1641 786 1705 834 his
1728 787 1802 847 qui
1826 785 1947 847 quod

139 864 194 911 sit
216 880 317 910 vere
337 862 508 909 bonum
533 860 801 907 exactissime
825 876 914 906 non
938 857 1383 918 comprehenderint.'

226 933 476 978 ‹SCALA.›
498 927 757 983 ‘Desidero‚'
776 928 969 988 inquam,
989 930 1027 973 ‘a
1041 941 1083 973 te
1098 925 1333 986 aliquando
1350 924 1457 985 quid
1471 923 1523 971 de
1538 924 1661 971 bono
1678 923 1837 970 sentias
1851 941 1947 983 cog·

142 1016 335 1054 noscere,
361 1012 409 1045 ut
433 1012 475 1045 et
496 1014 626 1057 supra
649 995 884 1057 pollicitus,
910 1011 1176 1055 quamquam
1201 1011 1310 1054 quae
1335 992 1389 1040 ad
1411 992 1527 1039 hunc
1549 992 1772 1053 pertinent
1795 990 1944 1038 locum

139 1068 241 1114 satis
269 1065 479 1125 intelligo,
509 1080 550 1111 et
577 1064 724 1111 divine
751 1081 852 1110 sane
880 1062 989 1109 mihi
1017 1062 1159 1109 dicere
1185 1061 1356 1117 videris,
1383 1076 1431 1107 ut
1460 1075 1614 1107 cetera.
1640 1064 1944 1106 Veruntamen

141 1136 321 1182 tertium
341 1133 566 1194 quoddam
583 1132 806 1179 bonorum
828 1148 975 1191 genus,
997 1131 1066 1177 cui
1084 1129 1262 1190 quidem
1278 1130 1413 1176 Stoici
1431 1129 1582 1175 omnia
1600 1127 1834 1174 tribuenda
1850 1144 1946 1173 cen-

140 1217 251 1258 sent,
271 1219 389 1248 nunc
411 1215 541 1247 restat
560 1199 681 1260 quod
702 1217 782 1259 ego
801 1196 877 1245 te⁴²
898 1199 1101 1245 existimo
1121 1212 1304 1258 propter
1323 1196 1729 1243 excellentissimam
1752 1209 1947 1241 mentem

141 1285 263 1317 tuam
287 1287 378 1316 non
400 1286 487 1315 esse
511 1286 602 1315 non
626 1268 758 1314 etiam
778 1266 994 1314 elaturum
1017 1265 1227 1312 laudibus.
1252 1265 1441 1311 Animus
1465 1265 1597 1320 enim,
1620 1281 1722 1310 vera
1741 1263 1948 1310 creatoris

140 1339 206 1385 sui
233 1339 391 1397 imago,
418 1354 550 1396 quem
574 1350 622 1382 tu
648 1336 707 1382 ita
729 1334 956 1381 excoluisti
981 1348 1029 1380 ut
1054 1333 1108 1380 ad
1130 1334 1328 1393 imaginis
1356 1333 1487 1392 ipsius
1512 1332 1742 1378 veritatem
1765 1331 1943 1391 propin-

142 1406 347 1466 quissime
369 1419 412 1450 te
430 1404 650 1450 accessisse
670 1403 817 1449 cuncti
836 1401 1068 1457 fateantur,
1087 1418 1235 1447 nonne
1256 1418 1321 1446 res
1340 1399 1552 1460 quaedam
1570 1396 1944 1459 praeclarissima⁴³

142 1487 219 1528 est,
252 1489 401 1519 nonne
436 1472 567 1518 etiam
600 1471 742 1517 maior
774 1487 905 1530 quam
937 1469 1022 1516 dici
1053 1468 1196 1515 verbis
1228 1482 1300 1515 aut
1333 1466 1650 1527 comprehendi
1682 1466 1948 1526 cogitatione

140 1541 298 1602 possit?
320 1544 369 1586 In
388 1558 441 1586 eo
459 1540 590 1599 igitur
608 1556 757 1585 nonne
774 1552 919 1598 potest
938 1538 1069 1584 etiam
1087 1536 1274 1597 gloriosa
1291 1536 1436 1596 putari
1454 1534 1646 1582 humana
1664 1549 1819 1581 natura
1837 1548 1879 1580 et
1896 1533 1949 1580 de

143 1609 315 1656 miseria
338 1607 529 1655 multum
554 1606 758 1654 auferre?

227 1679 536 1724 ‹COSMUS.›
565 1674 805 1731 ‘Multum‚'
832 1675 988 1735 inquit,
1013 1677 1168 1734 ‘neque
1191 1672 1338 1734 aliquo
1358 1687 1490 1733 pacto
1511 1671 1790 1719 commodius
1816 1689 1949 1731 quam

140 1747 175 1793 si
203 1763 305 1792 vera
331 1762 418 1792 esse
446 1762 556 1805 quae
582 1761 712 1804 supra
739 1742 928 1790 diximus
956 1743 1125 1789 animus
1155 1742 1425 1802 cognoverit,
1454 1758 1588 1801 eaque
1613 1758 1656 1787 se
1684 1739 1946 1787 condicione

142 1814 320 1874 corpori
343 1813 632 1859 coniunctum
658 1826 706 1858 ut
729 1811 870 1858 donec
890 1810 1007 1857 unde
1029 1810 1238 1857 demissus
1261 1827 1285 1856 a
1304 1812 1406 1856 Deo
1427 1823 1489 1856 est
1512 1808 1702 1864 redierit,
1723 1807 1831 1854 nihil
1856 1825 1948 1854 orn-

143 1883 252 1928 nino
274 1882 328 1928 sit
352 1882 610 1927 inventurus
632 1879 754 1940 quod
776 1879 857 1926 nisi
879 1878 1082 1925 umbram
1107 1877 1342 1939 quamdam
1365 1878 1457 1924 veri
1476 1876 1691 1937 solidique
1714 1876 1822 1923 boni
1845 1893 1947 1936 prae

141 1967 185 1996 se
214 1948 336 1996 ferat.
366 1948 507 2007 Quod
536 1949 614 1994 etsi
643 1946 957 1994 difficillimum
987 1947 1040 1993 sit
1068 1960 1251 2006 propter
1280 1946 1475 1992 innatam
1502 1944 1680 1991 vivendi
1709 1944 1946 1990 maximam

143 2017 444 2078 cupiditatem,
471 2034 603 2077 quam
628 2016 969 2076 sapientissimus
997 2017 1118 2061 Deus
1143 2032 1315 2061 summa
1342 2031 1443 2061 cum
1469 2013 1680 2074 sapientia
1704 2012 1948 2068 constituit,

142 2101 292 2133 tamen
317 2103 366 2132 ea
389 2084 569 2132 tandem
594 2102 696 2131 vera
716 2083 997 2144 philosophia
1026 2098 1102 2138 est,
1128 2097 1175 2130 ut
1203 2082 1374 2129 Platoni
1398 2099 1573 2142 quoque
1599 2081 1816 2142 placet,WW
1840 2098 1950 2140 quae

144 2154 299 2200 mortis
329 2152 458 2199 habet
486 2152 925 2199 commentationem.
955 2150 1105 2197 Solent
1133 2151 1250 2197 enim
1280 2165 1321 2197 et
1348 2149 1526 2210 quidem
1554 2167 1646 2196 non
1674 2148 1871 2204 absurde,
1900 2163 1948 2195 ut

144 2221 253 2267 mihi
272 2220 460 2276 videtur,
480 2221 555 2280 qui
571 2220 855 2280 sapientiores
874 2233 974 2266 sunt
995 2218 1145 2274 habiti,
1166 2219 1245 2265 etsi
1261 2219 1351 2265 vita
1368 2217 1717 2264 excellentissimi
1735 2216 1836 2263 loco
1857 2234 1948 2263 mu-

144 2290 258 2336 neris
277 2307 300 2336 a
317 2291 419 2335 Deo
439 2288 566 2335 nobis
586 2287 686 2334 data
702 2302 779 2343 est,
798 2288 911 2334 vitae
930 2305 1105 2347 quoque
1125 2287 1205 2347 ipsi
1226 2300 1416 2333 mortem
1435 2303 1752 2346 saepenumero
1772 2299 1950 2345 antepo-

144 2375 259 2404 nere.
281 2360 399 2404 Cum
422 2357 541 2403 enim
562 2374 670 2417 quae
691 2356 736 2402 in
756 2356 846 2402 vita
861 2370 962 2402 sunt
983 2369 1082 2402 ante
1101 2354 1265 2411 oculos,
1288 2355 1583 2415 unusquisque
1605 2353 1687 2400 sibi
1705 2367 1948 2414 praeponet

144 2440 346 2486 recteque
363 2424 415 2472 de
434 2424 515 2472 illis
532 2424 651 2471 volet
669 2423 872 2480 iudicare,
891 2423 1014 2480 nihil,
1034 2438 1082 2470 ut
1101 2423 1302 2479 arbitror,
1321 2423 1513 2469 inveniet
1529 2436 1714 2483 propter
1731 2420 1853 2482 quod
1871 2420 1951 2468 dis-

143 2512 283 2541 cessus
305 2493 374 2540 hic
394 2508 544 2540 noster
563 2507 604 2540 et
623 2511 645 2540 e
665 2493 755 2539 vita
772 2493 975 2552 migratio
995 2491 1185 2539 multum
1206 2490 1486 2538 lamentanda
1502 2509 1589 2538 esse
1608 2490 1820 2537 videatur.
1843 2490 1949 2536 Inci—

142 2563 233 2622 pias
250 2561 350 2608 licet
368 2561 420 2608 ab
438 2575 641 2608 nascente
659 2560 839 2607 homine
858 2578 1022 2620 perque
1037 2577 1286 2620 progressus
1307 2577 1461 2606 omnes
1479 2559 1758 2618 actionesque
1775 2575 1948 2618 percur-

144 2647 223 2685 ras,
244 2629 374 2689 plena
395 2630 546 2675 omnia
568 2628 770 2675 laborum
794 2627 1086 2688 dolorumque
1112 2628 1317 2674 invenies.
1341 2631 1414 2673 Est
1438 2627 1556 2673 enim
1579 2641 1620 2673 et
1640 2644 1747 2672 vero
1768 2625 1947 2686 quidem

142 2698 355 2757 scripturn
379 2697 423 2742 in
444 2697 581 2743 Sacris
602 2697 776 2742 Litteris
795 2695 916 2756 quod
938 2695 1113 2742 ‘Militia
1134 2710 1195 2741 est
1218 2693 1444 2741 hominis⁴⁴
1467 2695 1557 2740 vita
1573 2711 1703 2754 super
1725 2708 1886 2740 terram
1906 2707 1948 2739 et

142 2765 253 2811 sicut
283 2765 572 2811 mercennarii
601 2763 691 2810 dies
719 2764 880 2810 eius.’'⁰‘
906 2766 1038 2824 Saepe
1068 2781 1161 2823 ego,
1191 2777 1239 2809 ut
1268 2761 1356 2809 fere
1384 2761 1450 2818 fit,
1479 2779 1653 2808 mecum
1683 2761 1868 2821 loquens
1897 2760 1950 2807 de

145 2847 299 2879 natura
325 2847 473 2879 nostra
497 2846 538 2878 et
563 2832 615 2879 ab
641 2831 912 2887 incunabilis,
938 2849 1038 2878 cum
1066 2832 1110 2877 in
1136 2830 1247 2877 hanc
1270 2830 1413 2877 lucem
1437 2830 1632 2890 primum
1659 2829 1948 2883 demittimur,

226 3074 270 3087 '⁸'
287 3069 433 3165 Pssaedo,
452 3073 495 3106 67
513 3071 560 3113 D;
579 3068 623 3106 cf.
643 3070 784 3112 Cicero,
806 3070 991 3117 TuscDisp.
1013 3071 1179 3112 I,xxx,74.

225 3132 255 3147 ἀ
269 3131 313 3175 Jo
357 3131 425 3165 721.
