2124 3464
194 178 251 219 66
1826 183 2002 217 PARTI

194 322 354 370 andare
377 322 456 369 alle
480 339 606 368 mura
629 336 670 368 et
692 320 780 368 fare
802 339 928 368 come
951 320 988 367 le
1013 320 1270 381 Colligiane.
1297 324 1378 367 Per
1399 320 1483 368 dua
1503 321 1734 381 partirono
1757 320 1825 368 del
1848 339 2007 382 campo

194 391 261 438 de'
292 391 458 446 nimici,
488 390 567 437 che
594 393 775 436 v’erano
802 389 949 436 andati
973 406 1053 449 per
1077 388 1175 435 loro
1201 389 1405 449 prigioni,
1437 403 1478 436 et
1502 390 1732 449 partirono
1761 389 1940 450 quando
1967 388 2004 436 el

194 477 354 520 campo
376 458 600 506 comincio
622 476 645 505 a
664 457 845 518 gridare:
867 475 999 513 arme,
1021 475 1154 513 arme,
1172 475 1252 517 per
1270 456 1458 504 l’assalto
1478 456 1545 504 de'
1568 458 1721 513 nostri,
1742 457 1821 504 che
1843 457 2007 505 dicono

194 527 240 574 fu
274 545 297 574 a
331 527 438 574 hore
473 527 587 574 circa
617 531 685 582 21,
720 525 799 573 che
833 525 923 573 cosi
957 525 1135 572 dovette
1167 543 1302 572 essere
1337 524 1590 572 misurando
1625 525 1736 572 bene
1769 525 1807 572 el
1840 540 2007 586 tempo,

192 595 354 657 perche
378 596 610 656 partirono
635 594 679 641 di
704 595 779 655 qui
802 597 838 641 e’
866 594 1004 641 nostri
1029 593 1094 641 fra
1116 593 1155 641 le
1185 598 1231 640 18
1257 608 1298 641 et
1327 598 1388 640 19.
1415 598 1475 641 La
1496 593 1701 654 battaglia
1722 593 1801 641 che
1825 594 1861 641 si
1885 593 2009 641 decte

194 664 404 725 che—per
420 663 568 724 quello
587 663 666 710 che
682 677 867 724 potemo
887 662 1113 710 intendere
1130 663 1204 723 qui
1221 663 1438 709 noi—non
1459 661 1572 710 duro
1590 680 1713 710 meza
1729 680 1819 719 ora,
1839 662 1885 710 fu
1901 662 2008 710 sola-

194 747 343 780 mente
370 750 450 793 per
474 731 631 779 vedere
656 750 699 779 se
724 746 949 792 potevano
977 730 1246 792 guadagnare
1275 734 1341 778 co’
1371 732 1510 778 nostri
1537 749 1637 778 cosa
1663 730 1817 778 alcuna
1842 731 1887 785 in
1915 749 2007 779 uno

194 820 293 849 caso
313 801 537 848 advenuto
557 802 602 847 in
623 800 722 847 loro
743 800 906 856 favore,
927 799 1051 861 quale
1073 799 1094 847 ὲ
1115 814 1282 861 questo.
1304 803 1351 846 E’
1376 799 1611 860 Colligiani
1633 818 1829 847 avevano
1848 799 1951 847 facti
1971 803 2007 847 e'

194 871 325 930 ripari
347 869 461 916 nella
480 884 599 916 torre
620 869 699 916 che
719 886 915 916 avevano
935 868 1237 925 bombardata‚
1259 886 1385 915 come
1404 869 1447 915 vi
1465 869 1696 924 scrivemo,
1719 872 1755 915 e'
1777 869 1942 924 nimici,
1964 868 2008 916 di

194 938 315 985 furto
333 941 577 985 v'avevano
595 956 674 998 per
693 952 808 984 certe
825 936 966 984 buche
989 955 1130 984 messo
1153 936 1331 993 fuocho,
1353 951 1394 984 et
1414 937 1489 984 noi
1509 936 1746 984 vedemmo
1766 936 1916 984 ardere
1930 955 2011 998 per

192 1006 354 1067 grande
376 1007 519 1066 spatio
544 1021 585 1053 et
607 1021 859 1053 temevamo
881 1005 960 1052 che
984 1005 1118 1052 fuoco
1141 1005 1252 1052 fusse
1277 1005 1436 1066 quello.
1463 1010 1512 1051 In
1532 1023 1581 1052 su
1606 1020 1757 1065 questa
1778 1006 2007 1053 occasione

193 1074 382 1121 dettono
402 1073 546 1134 quella
562 1074 693 1120 breve
713 1073 919 1133 battaglia
936 1088 977 1120 et
997 1077 1032 1120 e'
1053 1072 1302 1133 Colligiani,
1324 1072 1489 1120 veduto
1507 1072 1710 1120 ordinare
1729 1072 1769 1119 la
1787 1072 2006 1133 battaglia‚

194 1142 372 1189 feciono
391 1141 429 1188 el
450 1159 606 1188 cenno.
626 1142 721 1188 Noi
741 1140 961 1188 facemmo
979 1141 1053 1201 qui
1073 1140 1110 1188 el
1130 1140 1280 1188 debito
1299 1155 1452 1188 nostro
1471 1155 1527 1197 et,
1546 1158 1589 1187 se
1608 1140 1751 1201 quegli
1770 1140 1825 1188 da
1839 1141 2008 1201 Staggia

193 1228 361 1258 aranno
386 1209 504 1257 facto
527 1228 653 1257 come
679 1208 934 1266 crediamo‚⁴
959 1227 1125 1256 aranno
1150 1210 1417 1256 cominciato
1442 1212 1477 1256 e'
1504 1210 1654 1256 nimici
1679 1227 1839 1256 ancora
1862 1208 2007 1269 eglino

193 1297 216 1326 a
233 1297 415 1340 pensare
436 1296 459 1325 a
478 1278 661 1339 qualche
680 1296 792 1325 cosa.
814 1282 855 1324 A
875 1278 1003 1325 Colle
1023 1277 1082 1325 s’e
1101 1277 1218 1325 facto
1236 1296 1379 1325 cenno
1400 1277 1444 1325 di
1461 1277 1599 1325 letitia
1616 1292 1657 1324 et
1676 1276 1843 1324 fuocho
1862 1277 2006 1325 molto

194 1348 387 1407 magiore
414 1361 455 1394 et
480 1346 623 1394 molto
645 1346 723 1408 piu
750 1346 884 1407 longo
912 1346 1023 1393 ch’el
1047 1360 1183 1393 usato.
1211 1346 1338 1393 Delle
1364 1364 1462 1393 cose
1487 1345 1598 1393 facte
1620 1345 1786 1393 altrove
1812 1345 1891 1393 che
1917 1346 2006 1407 qui,

191 1434 305 1463 sono
326 1430 449 1462 certo
464 1415 503 1462 le
524 1415 796 1462 ’ntenderete
812 1414 973 1475 meglio
992 1414 1252 1462 d’altronde.
1271 1419 1382 1461 Non
1401 1414 1519 1462 anno
1538 1418 1574 1462 e'
1595 1415 1745 1461 nimici
1765 1415 1863 1475 oggi
1881 1414 2004 1461 bom-

192 1484 378 1531 bardato
406 1483 516 1531 dalle
541 1488 596 1531 20
625 1483 731 1531 hore
762 1484 806 1529 in
835 1501 931 1544 qua.
959 1488 1135 1537 Mentre
1161 1484 1304 1530 scrivo
1331 1497 1500 1544 questo,
1530 1482 1551 1530 ὲ
1577 1497 1744 1530 venuto
1771 1501 1864 1530 uno
1891 1482 2010 1530 fante

193 1553 287 1600 dice
307 1553 434 1599 viene
457 1552 501 1599 di
523 1552 563 1599 13
584 1567 625 1599 et
648 1552 727 1599 che
750 1556 786 1599 e'
809 1551 1059 1612 Colligiani,
1084 1551 1249 1599 veduto
1271 1551 1517 1599 indebolito
1540 1551 1577 1599 el
1601 1570 1772 1612 campo,
1796 1552 2004 1599 uscirono

193 1621 310 1668 fuori
334 1636 375 1668 et
397 1621 516 1668 anno
540 1621 741 1668 chiovate
765 1620 848 1668 due
870 1620 1125 1668 bombarde.
1150 1624 1201 1667 Se
1222 1620 1315 1667 sara
1335 1638 1455 1676 vero,
1477 1620 1570 1667 sara
1591 1620 1739 1667 buona
1763 1620 1948 1667 novella.

277 1689 326 1735 El
347 1687 514 1750 signor⁵
534 1689 689 1736 Giulio
706 1690 905 1758 prigiqne
929 1689 1022 1736 dice
1040 1688 1119 1736 che
1137 1688 1177 1736 la
1194 1688 1398 1749 battaglia
1415 1707 1487 1736 era
1503 1688 1704 1735 ordinata
1719 1706 1799 1749 per
1815 1688 2005 1735 domane

193 1776 220 1805 o
240 1758 277 1805 al
296 1757 373 1818 piu
392 1758 528 1818 lungo
548 1776 628 1818 per
644 1757 806 1804 lunedi.
829 1761 874 1804 O
892 1758 1061 1818 piacere
1081 1775 1204 1804 avere
1223 1758 1364 1804 inteso
1381 1775 1461 1818 per
1478 1757 1635 1804 lectere
1651 1756 1695 1804 di
1713 1775 1874 1804 messer
1894 1761 2005 1804 Bon·

192 1826 339 1886 gianni
371 1825 407 1872 el
434 1825 779 1886 provedimento
808 1825 925 1872 facto
951 1843 974 1872 a
1000 1826 1167 1885 Staggia
1195 1840 1237 1872 et
1264 1825 1404 1872 Colle:
1436 1825 1506 1872 chi
1532 1826 1698 1881 s'aiuta,
1728 1824 1854 1872 Iddio
1881 1824 2005 1871 nollo

193 1893 438 1941 abandona.
465 1894 637 1953 Signori
664 1891 823 1949 Dieci,⁶
849 1892 924 1940 s'el
950 1911 1108 1953 campo
1134 1907 1287 1940 nostro
1314 1894 1439 1940 viene
1465 1894 1553 1953 qui,
1578 1910 1708 1940 senza
1732 1892 1868 1939 dubio
1894 1893 2005 1940 vitu-

190 1980 398 2023 perremo
421 1962 562 2022 questi
582 1962 721 2009 nostri
744 1962 908 2018 nimici3
931 1976 972 2008 et
991 1979 1034 2008 se
1055 1979 1146 2008 non
1169 1962 1206 2008 ci
1225 1962 1365 2018 viene,
1387 1979 1547 2008 ancora
1566 1979 1657 2008 non
1677 1979 1809 2022 posso
1831 1960 2006 2008 credere

193 2030 272 2078 che
294 2030 335 2077 la
357 2029 537 2077 fortuna
557 2031 618 2077 sia
637 2044 999 2091 perpetuamente
1021 2029 1120 2077 loro
1143 2029 1343 2090 obligata.

276 2100 372 2146 Noi
395 2098 564 2146 faremo
587 2099 661 2160 qui
684 2098 854 2146 honore
877 2117 1003 2146 come
1023 2113 1232 2159 potremo
1256 2113 1297 2146 et
1317 2098 1621 2159 guarde‹re›llo
1642 2098 1767 2155 bene,
1792 2113 1833 2145 et
1855 2112 2007 2159 questa

193 2186 296 2215 cura
315 2167 339 2215 a
358 2186 488 2228 preso
510 2168 609 2215 Pier
628 2168 822 2215 Vectori.
847 2171 985 2228 Prego
1005 2167 1043 2215 le
1065 2168 1260 2228 Signorie
1282 2172 1440 2215 Vostre
1463 2168 1661 2214 scriviate
1680 2167 1827 2214 subito
1851 2166 1891 2214 la
1911 2185 2006 2214 vos-

192 2251 259 2283 tra
282 2236 598 2283 deliberatione
623 2236 665 2283 di
691 2236 751 2283 lui
778 2250 819 2283 et
844 2236 1065 2283 ricordovi
1090 2236 1127 2283 el
1153 2236 1323 2283 tenerlo
1347 2250 1473 2283 tanto
1496 2254 1582 2283 con
1607 2235 1750 2296 quella
1771 2235 2007 2296 prudentia

193 2304 272 2351 che
296 2319 527 2365 saperrete,
553 2304 632 2351 che
656 2323 679 2352 a
702 2304 829 2351 Colle
854 2304 1029 2352 almeno
1054 2323 1145 2351 non
1169 2306 1203 2352 si
1228 2304 1362 2352 faccia
1380 2304 1456 2365 piu
1480 2322 1646 2365 guerra,
1670 2319 1711 2351 et
1733 2322 1776 2351 se
1800 2303 1912 2351 fusse
1936 2322 2006 2351 an-

193 2391 295 2420 cora
316 2373 370 2420 da
388 2373 509 2420 farne
531 2373 714 2433 qualche
736 2373 848 2420 altro
867 2373 1108 2433 guadagno,
1128 2373 1288 2434 perche
1310 2373 1337 2420 ὸ
1358 2373 1523 2420 veduto
1544 2376 1580 2420 e'
1602 2373 1753 2420 nimici
1775 2373 1914 2420 nostri
1936 2390 2006 2420 an-

193 2459 296 2488 cora
316 2441 415 2488 loro
437 2460 609 2502 sempre
632 2456 743 2488 stare
766 2442 810 2487 in
832 2460 881 2488 su
905 2442 1045 2502 questi
1066 2442 1278 2502 vantaggi.

278 2514 324 2556 Io
347 2509 375 2556 ὸ
397 2509 510 2557 facto
532 2511 606 2570 qui
627 2510 802 2570 qualche
825 2511 1000 2557 cortesia
1021 2524 1060 2557 et
1082 2509 1156 2557 alle
1177 2509 1300 2570 guide
1322 2524 1361 2557 et
1383 2510 1458 2557 alle
1478 2510 1565 2570 spie
1587 2524 1627 2556 et
1649 2509 1892 2570 qualchuno
1914 2509 2022 2556 altro

191 2577 380 2624 secondo
408 2577 493 2624 m'e
520 2592 676 2638 paruto
704 2579 944 2624 necessario.
973 2582 1023 2624 Se
1050 2579 1176 2624 avessi
1202 2577 1276 2638 piu
1304 2577 1459 2633 denari,
1488 2596 1539 2624 ne
1567 2577 1666 2624 farei
1694 2595 1849 2624 ancora
1872 2576 1947 2637 piu
1976 2591 2016 2624 et

193 2645 398 2692 crederrei
417 2645 627 2705 spenderli
648 2645 756 2692 bene
778 2660 817 2692 et
839 2645 967 2705 dargli
989 2646 1031 2691 in
1052 2645 1182 2705 luogo
1204 2645 1280 2692 che
1300 2646 1333 2692 si
1354 2645 1542 2692 riarebbe
1562 2663 1640 2705 per
1658 2662 1748 2691 uno
1770 2659 1909 2691 cento.

278 2714 479 2773 Priegovi
507 2713 728 2760 mandiate
755 2713 937 2774 qualche
964 2713 1122 2760 denaio
1149 2713 1185 2760 al
1212 2713 1395 2769 Savello,
1425 2712 1503 2760 che
1529 2731 1658 2760 senza
1684 2712 1758 2768 lui,
1786 2711 1958 2759 credete
1984 2730 2008 2759 a

194 2799 278 2837 me,
301 2799 522 2828 saremmo
546 2799 606 2828 un
630 2799 766 2842 acqua
784 2799 903 2842 paza.

279 2849 524 2896 Gianniolo
545 2867 705 2896 ancora
723 2850 879 2896 merita
896 2849 950 2896 da
966 2850 1041 2896 noi
1061 2867 1195 2896 essere
1216 2849 1436 2896 honorato
1456 2863 1496 2896 et
1514 2849 1814 2909 impresentasi
1831 2866 2003 2909 sempre

194 2917 230 2964 el
251 2918 400 2978 primo
423 2917 535 2964 colla
554 2936 630 2965 sua
651 2918 911 2978 compagnia
933 2919 977 2964 in
999 2919 1101 2978 ogni
1123 2917 1269 2978 luogo,
1294 2932 1334 2964 et
1354 2918 1450 2978 oggi
1471 2916 1774 2978 spetialmente
1796 2916 1867 2963 n'a
1887 2915 2005 2963 facto

191 3004 374 3046 pruova.
399 2986 671 3046 Mandategli
691 2985 854 3042 denari,
877 2986 956 3033 che
977 2985 1070 3033 vale
1090 2985 1165 3046 piu
1187 2985 1247 3032 lui
1271 2985 1382 3032 colla
1400 3003 1475 3032 sua
1498 2984 1886 3045 compagnia—che
1910 3001 2002 3031 non

194 3053 215 3100 ὲ
235 3072 327 3100 uno
348 3053 391 3100 di
411 3053 516 3100 fallo
534 3068 575 3100 et
594 3053 712 3100 tiella
731 3053 998 3100 intera—che
1017 3068 1142 3100 tucto
1161 3053 1197 3100 el
1219 3068 1334 3100 resto
1354 3053 1397 3100 di
1415 3052 1546 3113 quelli
1566 3052 1645 3099 che
1664 3070 1776 3099 sono
1798 3052 1885 3112 qui.
1906 3051 2000 3098 Nol

194 3121 302 3168 direi
326 3139 369 3168 se
397 3121 581 3168 credessi
606 3121 685 3168 che
712 3121 983 3177 m'udissino,
1011 3121 1170 3181 perche
1197 3121 1302 3168 farei
1325 3122 1473 3181 troppi
1500 3121 1664 3176 nimici,
1693 3137 1763 3166 ma
1787 3119 1824 3166 el
1850 3134 2002 3166 vostro

192 3189 415 3236 servidore
438 3190 480 3235 vi
504 3189 645 3236 debba
667 3189 758 3236 dire
781 3189 817 3236 el
841 3207 958 3236 vero.
