2072 3450
133 184 387 219 TEXTUAL
410 183 586 218 NOTES
1097 175 1133 216 I:
1162 176 1352 216 90-153
1841 176 1931 216 515

230 317 243 340 ³
256 319 336 357 due:
353 323 373 357 2
388 321 462 363 MS;
477 320 584 356 etiam
598 320 624 356 F

133 375 192 409 91.
232 370 242 392 ¹
258 373 412 409 inverso:
427 372 550 408 inveso
565 372 628 408 MS

229 422 243 445 ²
257 439 325 462 ma:
332 424 476 473 sortasse
489 439 528 462 α
540 436 574 461 et
588 438 671 461 corr.
687 425 751 461 MS

230 475 242 497 ³
256 476 339 514 furo
351 487 435 514 ante
446 490 600 514 numero
612 475 675 513 del.
691 477 755 513 MS

132 534 191 568 95.
231 528 241 550 ¹
256 544 333 567 non
341 541 418 579 post
431 542 466 567 et
477 528 540 566 del.
558 531 621 566 MS

229 579 243 601 ²
256 581 342 619 Vale
352 592 429 630 post
442 583 571 618 Vostra
584 580 646 618 del.
664 582 727 618 MS

132 639 191 672 97.
231 633 241 654 ¹
256 634 363 672 Nelle
376 649 456 672 cose
471 637 509 671 in
524 648 629 682 marg.
645 648 684 671 α
697 636 745 671 Le
758 647 838 671 cose
853 647 935 670 corr.
952 635 1016 670 MS

132 690 191 724 98.
232 685 241 706 ¹
256 687 284 724 si
296 697 379 723 ante
390 685 540 734 pigliero
553 685 616 723 del.
633 687 696 723 MS

229 737 243 759 ²
257 740 536 776 revocationem:
551 739 780 776 revocatione
792 740 855 775 MS

135 795 215 829 104.
231 789 241 811 ¹
256 790 579 829 observandissimi:
596 790 860 839 singularissimi
876 791 963 827 Miss

229 842 242 865 ²
257 846 372 882 maior
385 844 434 882 ob
444 855 519 893 post
533 856 584 881 est
596 843 658 881 del.
674 845 762 881 Miss

229 894 242 917 ³
256 898 374 934 etiam:
391 909 425 934 et
441 895 529 944 (del.)
544 897 776 933 veneratione
788 897 894 933 etiam
908 896 995 933 Miss

228 949 243 970 ⁴
256 949 403 988 obferri:
418 949 466 987 ob
479 961 635 998 suprascr.
653 964 692 986 ex
704 961 744 986 ut
758 963 840 986 corr.
858 950 944 986 Miss

229 1000 242 1022 ⁵
256 1002 464 1039 commodo:
480 1013 637 1050 suprascr.
654 1016 694 1038 ex
706 1001 892 1050 quomodo
909 1015 991 1038 corr.
1008 1002 1095 1038 Miss

134 1059 215 1093 105.
231 1054 240 1075 ¹
256 1058 358 1093 Bona
368 1066 452 1092 ante
462 1055 615 1092 domino
629 1054 692 1092 del.
709 1056 772 1092 MS

228 1105 242 1128 ²
255 1107 369 1157 deque
383 1120 445 1145 tua
458 1122 567 1156 opera
578 1119 735 1156 suprascr.
752 1108 816 1144 MS

229 1159 241 1181 ³
256 1176 354 1198 nunc
366 1173 522 1210 suprascr.
541 1163 604 1198 MS

134 1217 215 1251 108.
231 1211 240 1233 ¹
254 1214 346 1250 Dice
359 1212 517 1250 anchora
528 1212 594 1250 che
608 1212 632 1249 li
646 1212 764 1250 volete
772 1223 848 1261 post
862 1213 1072 1261 compagnia
1084 1211 1147 1249 del.
1164 1214 1227 1249 MS

228 1264 242 1286 ²
255 1265 386 1316 perche
399 1266 436 1303 lo
445 1277 522 1315 post
534 1278 634 1315 parte
646 1265 708 1303 del.
726 1267 789 1303 MS

228 1316 241 1339 ³
255 1322 298 1355 72
313 1330 414 1367 repet
424 1318 487 1355 del.
504 1320 568 1355 MS

227 1371 242 1392 ⁴
255 1387 302 1409 xv
315 1387 354 1409 ex
366 1373 426 1408 xvi
439 1386 522 1409 corr.
539 1373 602 1409 MS

133 1428 214 1462 115.
230 1422 240 1444 ¹
255 1438 392 1461 mezzo:
411 1426 425 1461 ?
439 1423 536 1461 lectio
549 1423 655 1461 dubia

133 1481 214 1515 118.
230 1475 240 1497 ¹
255 1477 459 1515 Falcinello:
474 1477 663 1514 Falcinella
674 1479 738 1514 MS

133 1533 214 1566 119.
230 1527 239 1549 ¹
255 1529 459 1567 Falcinello:
475 1528 663 1566 Falcinella
674 1530 738 1566 MS

227 1580 241 1602 ²
254 1582 302 1620 di:
315 1582 437 1620 addidi

228 1632 240 1655 3
255 1637 306 1672 Lu
319 1637 383 1672 MS

133 1692 214 1725 120.
230 1686 240 1708 ¹
254 1701 289 1725 et
301 1699 384 1725 ante
396 1703 419 1725 o
431 1688 494 1725 del.
512 1690 575 1725 MS

133 1738 239 1777 121.-¹
255 1740 498 1777 manderemo:
516 1740 735 1777 mandereno
749 1742 812 1777 MS

227 1791 241 1813 ²
254 1794 386 1831 saettia:
401 1794 532 1842 saeptia
546 1795 610 1830 MS

132 1849 213 1883 123.
230 1843 239 1865 ¹
254 1846 486 1883 vicinitatem:
501 1846 694 1882 vicinatem
707 1847 771 1882 MS

133 1902 214 1936 131.
229 1897 239 1918 ¹
254 1898 480 1936 exaltatione:
493 1913 532 1935 ex
545 1898 796 1935 exhortatione
808 1913 890 1935 corr.
908 1900 971 1936 MS

226 1948 240 1970 ²
254 1950 357 1988 exalt.
370 1961 454 1987 ante
465 1950 764 1987 universalmente
776 1950 838 1987 del.
855 1952 919 1987 MS

133 2007 213 2041 132.
229 2001 238 2023 ¹
253 2018 300 2040 se:
315 2004 343 2041 si
358 2005 421 2040 MS

255 2056 302 2092 io:
315 2067 472 2104 suprascr.
491 2057 554 2092 MS

254 2123 375 2146 essere:
390 2121 546 2157 suprascr.
565 2111 628 2146 MS

133 2164 213 2198 133.
255 2162 302 2198 io:
315 2172 472 2209 suprascr.
491 2163 554 2198 MS

132 2217 213 2251 134.
253 2215 301 2251 vi:
316 2215 366 2251 mi
381 2216 444 2251 MS

132 2269 213 2303 135.
229 2264 238 2285 ¹
254 2266 409 2303 Credere
423 2281 487 2315 per
500 2266 629 2303 alcuno
643 2266 709 2303 che
723 2266 831 2303 habbi
846 2267 976 2303 notitia
987 2266 1077 2303 della
1090 2278 1216 2303 natura
1228 2278 1348 2303 vostra
1361 2266 1426 2304 che
1439 2267 1533 2315 possi
1549 2266 1741 2315 procedere
1753 2266 1835 2303 dall*

255 2334 365 2368 opera
377 2319 468 2356 della
481 2321 611 2356 Vostra
625 2320 786 2368 Signoria
799 2319 890 2356 altro
904 2319 970 2357 che
983 2334 1125 2357 sommo
1142 2319 1233 2357 bene
1246 2332 1280 2357 et
1293 2334 1432 2357 somma
1447 2319 1598 2357 honesta
1609 2330 1691 2357 ante
1702 2319 1738 2357 di
1751 2319 1814 2357 del.
1831 2321 1894 2357 MS

226 2369 240 2391 ²
254 2372 338 2408 maii
351 2386 391 2408 ex
404 2371 513 2420 aprile
526 2386 609 2408 corr.
626 2373 690 2408 MS

132 2427 213 2461 136.
229 2422 239 2444 ¹
255 2425 358 2461 inter:
374 2425 409 2461 in
425 2426 488 2462 MS

227 2473 240 2495 ²
253 2476 374 2513 videar
387 2491 426 2513 mc
438 2476 577 2513 videam
592 2491 675 2514 corr.
692 2478 755 2514 MS

132 2532 213 2566 137.
229 2527 238 2548 ¹
254 2529 297 2566 el:
311 2529 368 2566 col
383 2532 449 2566 Mo

132 2584 213 2618 142.
229 2579 238 2601 ¹
253 2581 435 2618 vedremo:
451 2581 609 2619 vedreno
623 2583 687 2619 MS

132 2638 213 2671 147.
229 2632 238 2654 ¹
253 2634 376 2683 d'ogni
391 2636 466 2672 mio
482 2649 521 2672 ex
533 2635 568 2672 di
583 2636 658 2672 mio
674 2650 756 2672 corr.
774 2637 836 2672 MS

132 2690 213 2723 153.
229 2684 238 2706 ¹
254 2699 459 2723 avventura:
473 2687 668 2724 adventura
681 2690 747 2724 Mo

226 2737 240 2758 ²
255 2740 480 2788 importanza
493 2742 571 2776 Mo:
586 2741 819 2788 importantia
832 2741 912 2777 Min

227 2788 239 2810 ³
254 2792 501 2840 approposito:
517 2791 548 2828 al
563 2792 752 2840 proposito
767 2794 832 2829 Mo

226 2843 240 2863 ⁴
253 2856 299 2881 te:
314 2859 357 2881 ve
371 2847 449 2888 Mo;
459 2848 583 2893 passim
594 2844 724 2893 plurali
737 2848 847 2882 utitur
851 2844 972 2893 forma

227 2894 240 2916 ⁵
255 2897 304 2933 in:
319 2911 422 2933 come
437 2899 503 2934 Mo

227 2947 240 2969 ⁶
254 2949 331 2986 che:
345 2964 412 2986 om.
429 2952 469 2986 M

227 2052 240 2233 uuum

227 2998 241 3020 ⁷
254 3015 386 3050 presso:
402 3016 568 3050 appresso
583 3004 649 3038 Mo

227 3052 240 3074 ⁸
255 3055 343 3091 Evvi
358 3057 436 3091 Mo:
451 3057 478 3091 E
492 3056 527 3091 vi
542 3056 622 3091 Min

226 3103 241 3125 ⁹
254 3107 429 3143 Vinitiani
442 3121 481 3143 ex
494 3106 539 3155 gli
554 3106 740 3143 adversarii
754 3121 836 3143 corr.
854 3109 919 3144 Mo

230 3156 257 3179 ¹⁰
269 3158 370 3196 costi:
386 3158 458 3196 cosi
475 3161 541 3196 Mo
