2124 3458
133 172 314 205 EssAYs
1838 168 1928 209 335

132 327 180 356 ea
204 327 381 369 quoque
409 310 546 356 verita
569 309 804 369 aliquando
832 310 890 356 ita
914 310 1173 356 instructum
1202 324 1330 370 atque
1355 311 1596 357 animatum
1626 311 1796 358 hostem
1825 312 1936 359 calli-

132 377 325 437 dumque
346 391 387 423 et
405 375 706 423 confidentem
726 376 1039 432 insidiatorem,
1060 378 1280 437 incognita
1296 395 1420 438 saepe
1439 393 1480 425 et
1496 378 1740 426 sordidiore
1760 394 1933 436 ornatu,

132 444 270 491 modo
288 444 386 500 huc,
405 444 542 491 modo
560 444 674 500 illuc,
692 444 861 504 trepida
875 443 1129 504 diffugiebat
1147 459 1323 506 eratque
1336 445 1609 506 plerumque,
1630 446 1791 493 nedum
1808 448 1935 494 susci·

130 526 309 573 peretur
323 511 609 572 hospitaliter,
627 513 758 559 etiam
773 511 965 559 ludibrio
983 512 1232 559 inconditae
1246 512 1508 573 plebeculae.
1527 515 1748 574 Principes
1762 529 1935 562 tantum

130 580 309 641 quidam
331 581 559 627 civitatum
581 594 622 626 et
640 579 910 640 populorum
938 581 1118 627 minime
1143 580 1254 628 illius
1277 596 1567 641 aspernantes,
1590 582 1931 629 contubernium

128 662 411 708 susceperunt
437 662 566 707 atque
588 662 635 694 ut
658 647 774 707 apud
795 665 838 694 se
862 662 968 694 esset
993 647 1154 695 diutius
1176 648 1478 708 precabantur.
1504 649 1679 708 Quibus
1706 650 1930 710 respondit

132 715 287 776 hospes
312 729 493 775 accepto
513 714 744 762 beneficio:
770 715 982 776 Locuples
1004 733 1110 762 vero
1132 716 1221 776 ipsa
1241 716 1333 763 sola
1354 734 1463 763 sum.
1491 716 1722 764 Referetur
1739 719 1887 778 gratia.

905 856 970 898 92.
996 852 1162 899 Invidia

128 954 457 1001 Grammaticus
486 953 539 1000 de
567 954 759 1001 Invidiae
787 955 967 1002 nomine
999 973 1099 1002 cum
1130 955 1367 1016 disputaret
1397 957 1576 1012 acutius,
1607 953 1760 1003 cum²¹2
1793 957 1934 1004 ocula-

127 1037 218 1069 tam
243 1023 386 1078 nimis,
413 1036 508 1069 tum
535 1023 664 1069 nimis
690 1022 807 1069 illam
833 1041 1004 1070 caecam
1027 1022 1210 1071 faciebat
1233 1038 1295 1080 ut,
1318 1024 1385 1071 vel
1411 1023 1593 1084 fingeret
1618 1025 1708 1085 ipsa
1730 1025 1939 1086 praeclar-

127 1091 220 1137 iora
238 1091 370 1137 etiam
387 1108 519 1150 quam
539 1108 582 1137 re
600 1090 746 1137 forent
765 1109 873 1151 quae
891 1091 1072 1147 videret,
1087 1091 1154 1138 vel
1174 1107 1288 1139 certe
1305 1092 1412 1138 nihil
1431 1092 1612 1140 videret.
1631 1097 1726 1140 Cur
1742 1094 1802 1140 ita
1817 1093 1935 1140 affici

128 1158 239 1205 male
260 1159 304 1203 in
327 1158 555 1204 hominem
577 1158 657 1204 sibi
679 1173 914 1218 cognatum
935 1159 1154 1206 debuerit?
1174 1164 1222 1205 In
1241 1177 1336 1206 eam
1357 1160 1536 1207 demum
1557 1161 1825 1208 concedebat
1843 1179 1934 1208 sen-

116 1227 311 1273 tentiam
334 1240 382 1272 ut
408 1225 622 1272 Invidiam
647 1226 746 1273 ideo
770 1226 931 1273 dictam
954 1224 1197 1283 duceret,213
1224 1227 1344 1288 quod
1367 1228 1463 1288 plus
1489 1246 1619 1288 quam
1645 1229 1799 1276 inesset
1825 1229 1932 1276 boni

127 1295 171 1340 in
206 1293 345 1340 aliena
377 1293 569 1350 fortuna,
604 1295 737 1341 tristis
770 1295 940 1341 animus
974 1295 1154 1342 videret.
1189 1296 1337 1342 ‘Sinite
1371 1300 1502 1356 ergo,'
1539 1297 1732 1357 inquam,
1769 1294 1931 1344 ‘meam

127 1361 264 1408 invidi
287 1361 444 1421 legant:
469 1361 651 1408 meliora
674 1366 830 1409 erunt.’

874 1503 939 1545 93.
964 1499 1186 1546 Nobilitas

124 1603 256 1645 Forte
279 1614 577 1646 convenerant
601 1600 645 1645 in
667 1617 806 1646 unum
830 1599 978 1647 locum
1002 1600 1191 1657 divitiae,
1213 1600 1451 1658 clientelae,
1473 1601 1684 1658 militaris,
1709 1604 1931 1663 equestris,

125 1668 399 1723 mercatoria,
414 1668 620 1724 oratoria,
636 1667 784 1715 civilis.
802 1672 1024 1728 Agrorum
1042 1687 1217 1730 quoque
1233 1669 1476 1717 interfuisse
1494 1670 1710 1717 culturam
1726 1671 1930 1718 nonnulli

122 1734 415 1795 prodiderunt
433 1750 562 1796 atque
577 1737 885 1783 armentariam
901 1751 942 1783 et
955 1751 1178 1797 stegmata.
1197 1742 1245 1783 In
1261 1756 1449 1785 coronae
1465 1739 1610 1799 itaque
1626 1738 1810 1786 modum
1829 1758 1929 1786 cum

124 1804 435 1859 constitissent,
457 1803 509 1850 de
528 1803 756 1851 nobilitate
776 1805 966 1852 inierunt
985 1823 1248 1853 sermonem.
1270 1807 1467 1853 Maxima
1484 1806 1709 1854 altercatio
1726 1808 1770 1853 in
1790 1807 1931 1868 dispu-

123 1870 261 1918 tando
283 1870 365 1918 fuit
385 1871 563 1931 singulis
587 1871 757 1919 trahere
779 1872 833 1919 ad
851 1890 894 1919 se
916 1872 1192 1920 nobilitatem
1216 1874 1526 1921 annitentibus.
1553 1879 1606 1921 Et
1627 1876 1820 1922 oratoria
1841 1876 1931 1936 qui-

124 1938 239 1995 dem,
263 1957 376 1995 reor,
399 1939 520 1999 quod
541 1954 679 1986 artem
700 1940 790 2000 ipsa
812 1940 985 1987 dicendi
1007 1941 1160 1988 melius
1181 1941 1368 1998 calleret,
1389 1941 1640 1989 disserendo
1662 1942 1866 1990 effecerat
1884 1958 1932 1990 ut

122 2025 222 2054 suae
255 2007 340 2054 iarn
372 2022 516 2067 partes
549 2007 750 2055 meliores
783 2007 905 2055 facile
938 2008 1202 2056 viderentur.
1236 2009 1566 2070 Indignantibus
1600 2025 1746 2058 autem
1780 2012 1933 2058 ceteris

124 2093 265 2135 neque
296 2075 653 2132 concedentibus,
685 2091 935 2136 opportune
967 2078 1117 2124 Virtus
1148 2078 1383 2125 intervenit
1411 2093 1452 2125 et
1480 2079 1667 2126 Virtutis
1695 2079 1931 2140 pedisequa

122 2142 359 2189 Nobilitas.
386 2143 647 2199 Multitudo,
671 2142 885 2200 autem,²¹⁵
911 2162 1019 2204 quae
1042 2144 1096 2191 ad
1115 2145 1421 2205 disputationis
1445 2146 1742 2206 spectaculum
1764 2165 1932 2207 perma-

121 2228 205 2270 gna
227 2210 515 2258 confluxerat:
541 2215 675 2258 ‘Itane
696 2215 805 2268 nos‚'
832 2213 988 2273 inquit,
1014 2213 1206 2260 ‘tandem
1229 2213 1519 2275 relinquimur
1543 2214 1789 2275 ignobiles?’

891 2354 956 2396 94.
983 2350 1168 2396 Beatitas

121 2453 343 2510 Frequens
366 2449 499 2497 fiebat
522 2450 576 2497 ad
596 2450 867 2498 Felicitatem
889 2451 941 2498 ab
965 2453 1088 2499 omni
1112 2471 1250 2513 prope
1277 2453 1472 2500 humano
1497 2471 1652 2514 genere
1676 2472 1927 2511 concursus,

122 2517 242 2578 quod
275 2535 337 2573 ea,
371 2536 481 2578 quos
515 2518 745 2579 complexa
778 2519 906 2575 foret,
939 2519 1159 2567 ditissimis
1193 2521 1479 2581 locupletaret
1513 2522 1767 2569 muneribus
1803 2537 1933 2583 atque

121 2585 314 2646 expleret
344 2585 485 2633 bonis.
521 2586 768 2634 Multitudo
801 2602 946 2635 autem
979 2589 1204 2649 octoginta
1234 2604 1338 2636 octo
1369 2588 1505 2636 ferme
1538 2605 1579 2637 et
1610 2590 1818 2637 ducentas
1846 2590 1928 2637 sibi

120 2656 267 2700 sectast
294 2655 414 2714 quasi
442 2655 552 2701 acies
578 2656 851 2702 constituisse
880 2656 1018 2703 videri
1042 2654 1267 2716 poterat²¹⁶
1295 2659 1655 2718 competitorum,
1685 2659 1759 2719 qui
1787 2659 1930 2705 candi-

121 2720 210 2768 dati
237 2721 469 2769 ambirent.
500 2726 729 2781 Quattuor
758 2739 879 2770 erant
905 2724 972 2771 vel
1002 2739 1117 2771 certe
1144 2725 1281 2772 tribus
1311 2725 1426 2772 haud
1451 2727 1678 2786 pauciores
1706 2726 1930 2786 praefecti,

121 2788 387 2836 familiarum
407 2790 537 2837 duces
555 2805 596 2838 et
612 2792 824 2851 gentium,
844 2793 918 2852 qui
938 2793 1051 2839 inter
1066 2811 1109 2839 se
1129 2793 1238 2840 adeo
1254 2811 1435 2840 suorum
1457 2809 1660 2841 acuerant
1677 2794 1819 2841 studia
1838 2795 1927 2840 irri-

121 2871 351 2917 tarantque
380 2858 593 2905 acerbiter
619 2858 671 2905 ab
702 2860 796 2919 ipso
825 2878 963 2920 prope
994 2860 1176 2907 condito
1207 2861 1312 2907 orbe
1343 2876 1384 2907 et
1414 2879 1558 2907 rerum
1592 2862 1654 2921 (ut
1684 2863 1743 2908 ita
1770 2862 1927 2922 dicam)

121 2925 409 2981 incunabulis,
432 2940 479 2972 ut
499 2925 746 2973 confudisse
767 2945 814 2973 ac
832 2928 1154 2975 commiscuisse
1177 2929 1327 2975 omnia
1345 2929 1492 2989 potius
1513 2947 1644 2989 quam
1663 2928 1791 2976 fuisse
1812 2930 1928 2990 quic-

200 3174 209 3190 ⁸
229 3171 286 3209 Cf.
307 3174 355 3210 St.
374 3174 479 3221 Aug,
502 3175 585 3211 CD.
608 3176 740 3218 XIX‚1‚
758 3174 829 3212 and
844 3176 899 3212 De
912 3178 1004 3212 sectis
1023 3175 1068 3223 (V
1071 3175 1114 3223 :1)
1136 3175 1260 3219 above,
1279 3187 1365 3213 note
1382 3175 1429 3224 d),
1450 3177 1601 3224 quoting
1618 3179 1744 3214 Varro.
