2118 3444
139 151 328 184 PUBLIC
356 150 583 184 LETTERS
1847 147 1934 188 201

139 289 414 349 magistratus
438 288 540 336 hinc
562 303 772 350 repugnat
794 303 923 350 atque
943 289 1179 337 insectatur
1198 289 1413 351 lapidibus
1434 289 1716 352 parricidas,¹⁸
1736 292 1940 353 populus,

138 356 268 404 caede
288 357 463 417 cognita
483 357 645 404 civium
668 375 849 404 suorum
873 371 914 404 et
936 359 1157 404 Laurentii
1177 358 1355 406 vulnere
1378 373 1419 406 et
1438 360 1529 405 vim
1553 359 1704 406 inferri
1725 361 1943 420 magistra-

138 425 216 481 tui,
248 422 474 485 percitus¹⁹
507 423 655 472 furore
690 424 933 472 incredibili
966 440 1007 472 et
1038 424 1227 473 dolore²⁰
1260 444 1379 473 arma
1412 425 1571 487 rapit,21
1606 428 1650 473 in
1683 429 1863 484 curiam,
1896 443 1943 475 ut

138 493 407 552 magistratui
429 507 698 548 succurrant,
722 491 1011 540 convolant.²²
1035 494 1256 554 Principes
1278 512 1454 555 quoque
1478 495 1664 542 civitatis
1684 510 1813 556 atque
1834 497 1944 556 opti-

137 574 275 607 mates
293 560 441 607 cuncti
460 560 577 607 idem
597 559 810 608 factitant.
830 560 903 608 Ad
921 560 1046 608 aedes
1062 561 1282 609 Mediceas
1298 562 1494 622 sugendo
1514 562 1685 610 vulneri
1706 563 1763 611 ob
1785 565 1944 611 veneni

135 629 430 689 suspicionem
457 629 586 675 amici
609 628 714 676 dant
735 646 927 690 operam.
953 629 1026 676 Ad
1046 629 1256 690 palatium
1280 630 1334 678 ad
1355 629 1683 691 effringendas²³
1706 631 1944 680 trabalibus

137 696 299 744 crebris
322 696 478 744 ictibus
501 711 630 758 atque
653 697 741 758 igni
764 698 972 758 appositis
997 699 1184 746 accensis
1205 697 1427 746 fascibus²4
1450 698 1566 747 fores
1588 701 1808 748 acerrimis
1830 701 1942 748 insu-

136 764 266 812 datur
286 764 451 812 studiis.
478 766 563 812 Vix
588 766 802 826 integram
827 765 982 813 horam
1007 765 1327 828 occupatores²⁵
1351 767 1680 816 substinuerunt
1710 769 1940 830 impetum.

134 833 253 880 Victi
280 851 397 893 ergo,
423 834 585 894 partim
611 834 759 894 primo
787 835 955 895 impetu
984 836 1107 891 caesi,
1132 836 1295 896 partim
1320 836 1409 883 vivi
1436 834 1586 897 capti²⁶
1613 851 1655 884 et
1681 838 1871 885 coniecti
1897 839 1942 884 in

134 901 322 958 vincula,
336 916 436 962 post
454 903 730 962 quaestiones
744 902 895 949 breves
907 903 1145 963 perierunt.
1163 903 1378 951 Iohannes
1394 905 1587 965 Baptista
1598 905 1651 952 de
1664 907 1943 953 Montesicco

135 984 283 1016 erutus
314 969 494 1017 tandem
526 988 548 1017 e
579 968 803 1027 latebris,²⁷
834 989 914 1031 per
944 989 1049 1032 quas
1077 990 1240 1032 paucos
1272 972 1362 1019 dies
1392 972 1639 1033 diffugerat,
1673 991 1782 1034 quae
1812 992 1942 1035 supra

133 1052 234 1085 sunt
261 1038 418 1099 posita,
447 1056 548 1085 cum
575 1056 651 1085 sua
679 1057 812 1086 manu
839 1040 1167 1100 perscripsisset‚
1197 1055 1238 1088 et
1263 1059 1307 1088 se
1334 1041 1393 1088 ita
1416 1042 1631 1102 scripsisse
1661 1057 1702 1089 et
1728 1060 1830 1090 vera
1854 1061 1942 1090 esse

134 1124 243 1167 quae
268 1107 504 1167 scripsisset
529 1106 727 1167 pluribus
755 1107 974 1155 clarorum
998 1109 1197 1156 virorum
1225 1110 1576 1157 attestationibus
1600 1111 1939 1158 corroboratum

135 1174 198 1234 (ut
225 1173 322 1220 fieri
349 1175 438 1234 ipse
465 1174 621 1234 voluit)
651 1175 841 1231 vidisset,
867 1194 1134 1236 quamquam
1162 1178 1207 1222 in
1232 1179 1522 1238 suprascripta
1549 1178 1823 1225 confessione
1853 1180 1942 1226 eius

133 1241 348 1302 quaedam
378 1240 542 1289 bonis²⁸
575 1242 628 1289 de
657 1243 792 1290 causis
821 1243 1042 1290 subtracta
1069 1242 1220 1300 sunt,29
1252 1259 1294 1292 et
1323 1263 1373 1292 ea
1399 1260 1573 1292 tantum
1603 1247 1802 1307 apposita
1832 1265 1941 1307 quae

133 1309 188 1356 ad
207 1310 379 1357 Sixtum
400 1309 664 1370 pontificem
689 1325 818 1371 atque
838 1311 1050 1359 Ecclesiae
1073 1311 1420 1372 gubernatores³⁰
1442 1314 1681 1374 pertinent,
1704 1315 1856 1375 capitis
1879 1330 1941 1362 est

133 1377 377 1425 damnatus.
408 1379 476 1425 Sic
503 1379 618 1425 cives
646 1379 882 1440 civitasque
911 1394 952 1427 et
979 1379 1154 1427 libertas
1179 1380 1461 1441 proditorum
1493 1400 1647 1429 manus
1677 1381 1939 1443 effugerunt.

131 1449 253 1493 Nam
275 1460 318 1493 et
336 1445 553 1493 Iohannes
573 1447 825 1494 Franciscus
844 1446 1166 1505 Tolentinas,g³¹
1190 1449 1265 1509 qui
1284 1449 1422 1497 Imola
1442 1448 1626 1497 abiens³²
1647 1468 1748 1498 cum
1771 1451 1942 1512 expedi-

131 1514 186 1561 tis
209 1514 318 1561 Sixti
338 1532 476 1575 papae
502 1514 727 1572 militibus,
755 1516 890 1563 iussus
917 1516 971 1563 ad
992 1516 1257 1564 destinatum
1282 1517 1402 1565 caedi
1424 1517 1541 1565 diem
1566 1518 1677 1566 ferre
1700 1520 1939 1567 coniuratis

132 1581 357 1638 auxilium,
382 1583 543 1643 quique
563 1584 649 1630 iam
670 1584 715 1629 in
736 1583 1039 1644 Mugellanum
1062 1603 1212 1645 agrum
1235 1585 1529 1643 descenderat,
1550 1605 1594 1634 re
1616 1588 1803 1648 cognita,
1826 1588 1942 1635 unde

132 1648 330 1697 abierat³³
364 1651 610 1698 revertitur.
643 1651 764 1699 Idem
796 1651 897 1700 facit
928 1667 970 1700 et
1001 1654 1257 1701 Laurentius
1288 1649 1568 1715 Tiphernas,¹¹
1600 1656 1675 1716 qui
1706 1655 1788 1703 alia
1816 1671 1939 1717 parte

131 1718 284 1765 eadem
300 1718 352 1766 de
368 1737 494 1766 causa
509 1737 533 1766 a
549 1720 741 1767 Civitate
757 1720 936 1768 Castelli
952 1739 1135 1769 movens
1153 1737 1194 1769 et
1208 1740 1288 1783 per
1302 1741 1453 1783 agrum
1471 1723 1716 1771 discurrens
1733 1739 1936 1772 nostrum

131 1786 186 1833 ad
201 1789 410 1834 Senenses
429 1786 539 1835 fines
556 1803 813 1836 accurrerat.
832 1788 1024 1850 Raphael
1043 1789 1283 1847 cardinalis,
1303 1809 1435 1852 quem
1451 1810 1645 1852 praeesse
1662 1793 1792 1839 sacris
1808 1811 1938 1854 supra

131 1854 334 1912 diximus,
364 1856 424 1903 sic
449 1856 788 1917 procurantibus
816 1857 1013 1918 pluribus
1044 1858 1209 1906 civibus
1238 1857 1315 1906 et³⁴
1344 1861 1581 1907 Laurentio
1606 1860 1781 1908 Medice
1809 1862 1939 1922 inpri-

131 1924 226 1979 mis,
257 1924 332 1984 qui
361 1924 406 1970 in
435 1939 561 1971 tanto
587 1925 785 1985 periculo
813 1944 907 1982 suo,
938 1927 983 1972 in
1012 1941 1079 1973 tot
1108 1925 1360 1988 tantisque³5
1390 1929 1575 1988 negotiis
1603 1943 1645 1976 et
1672 1929 1936 1977 tumultibus

130 2005 260 2052 atque
277 1992 402 2038 omni
421 1991 681 2039 confusione
702 2011 862 2050 rerum,
882 1993 1008 2041 huius
1029 2012 1204 2055 quoque
1222 1995 1362 2043 officii
1379 2014 1471 2043 non
1489 2011 1551 2043 est
1570 1996 1745 2053 oblitus,
1766 1998 1811 2043 in
1828 1997 1941 2058 pala-

129 2059 242 2106 tium
259 2059 511 2120 perductus,
530 2061 603 2107 vix
622 2060 814 2109 furentes
830 2061 983 2122 populi
1005 2080 1158 2110 manus
1177 2059 1335 2111 evasit.i
1352 2068 1557 2112 Moverat
1573 2064 1736 2112 scilicet
1754 2069 1939 2113 Lauren-

129 2127 242 2174 tium
265 2127 554 2176 cardinalatus
574 2128 759 2189 dignitas
778 2144 819 2177 et
838 2145 1009 2177 sanctae
1029 2135 1254 2179 Romanae
1273 2132 1486 2180 Ecclesiae
1507 2134 1751 2181 reverentia
1768 2149 1816 2181 ut
1836 2152 1937 2181 eum

130 2195 345 2243 intactum
370 2196 719 2258 inviolatumque
745 2213 928 2255 curaret3
950 2199 1026 2246 ubi
1051 2217 1152 2247 cum
1175 2218 1338 2261 paucos
1363 2200 1453 2248 dies
1473 2201 1660 2262 publicis
1685 2202 1933 2263 sumptibus

130 2263 576 2312 honorificentissime
615 2265 777 2323 fuisset,
815 2265 996 2328 quoad³⁶
1030 2268 1184 2329 populi
1222 2268 1347 2317 furor
1382 2269 1699 2331 elanguesceret
1736 2286 1778 2318 et
1813 2270 1938 2319 fieret

129 2333 363 2389 remissior,
387 2337 578 2381 Romam
599 2334 704 2382 abiit
726 2335 970 2383 incolumis.
996 2340 1123 2396 Quae
1144 2352 1292 2385 tamen
1310 2338 1378 2385 vel
1398 2339 1443 2384 in
1463 2339 1617 2399 primis
1636 2339 1941 2400 praetenditur

128 2418 267 2456 causa,
303 2399 416 2448 cur37
453 2402 768 2450 interdicamur
799 2404 927 2451 sacris
962 2419 1003 2451 et
1037 2404 1387 2453 communione38
1429 2406 1627 2454 fidelium
1662 2411 1934 2468 separemur?

128 2472 191 2515 Ita
210 2468 263 2515 de
281 2468 404 2516 bono
427 2488 559 2530 opere
579 2470 837 2531 lapidamus,
859 2487 900 2519 et
919 2472 994 2519 ubi
1015 2474 1170 2533 gratias
1189 2489 1428 2535 reportasse
1450 2476 1663 2536 oportuit,
1688 2477 1934 2523 immeritis-

126 2537 234 2583 sime
258 2536 532 2585 damnamur.
557 2538 757 2586 Tandem
780 2540 900 2600 quod
923 2539 1051 2588 foeda
1069 2541 1322 2602 proditione
1347 2561 1438 2589 non
1460 2544 1676 2600 successit,
1700 2543 1931 2591 tentatur39

126 2604 434 2652 Ecclesiasticis
455 2607 645 2654 censuris
666 2622 794 2668 atque
814 2604 970 2655 armis.j
990 2609 1158 2656 Bellum
1181 2609 1368 2657 infertur
1386 2629 1410 2658 a
1427 2612 1550 2658 Sixto
1568 2612 1783 2672 pontifice
1803 2614 1935 2660 maxi-

207 2831 222 2853 Β
239 2828 366 2865 Count
383 2828 569 2866 Giovanni
585 2831 776 2867 Francesco
793 2829 838 2867 da
856 2829 1064 2875 Tolentino,
1082 2845 1101 2869 a
1115 2831 1218 2880 papa]
1236 2832 1453 2877 condoctiere,
1471 2847 1541 2871 was
1560 2848 1741 2882 governor
1756 2834 1798 2872 of
1813 2834 1935 2878 Imola,

127 2882 304 2924 Lorenzo,
322 2883 461 2925 Lettere,
481 2884 538 2926 ΙΠ,
556 2886 589 2926 4,
608 2894 695 2920 note
712 2886 744 2920 2.

207 2931 223 2956 ¹²
244 2940 409 2976 Lorenzo
433 2939 594 2976 Gimtini
614 2939 655 2977 of
675 2939 773 2977 Citta
793 2939 831 2978 di
851 2940 1019 2985 Castello,
1043 2942 1249 2980 contracted
1270 2956 1304 2980 as
1326 2957 1345 2980 a
1365 2943 1574 2982 condottiere
1594 2944 1643 2992 by
1662 2944 1725 2982 the
1748 2947 1845 2993 Pope
1867 2945 1937 2983 and

128 2992 294 3028 Ferrante
310 3004 362 3029 on
380 2995 399 3029 5
418 2991 546 3030 March
566 2995 664 3036 1478,
685 2992 767 3037 ibid,
787 2997 864 3038 7-8,
884 3006 970 3032 note
988 2998 1020 3032 2.

206 3043 214 3067 ³
237 3050 296 3086 He
317 3062 388 3086 was
412 3048 495 3087 held
517 3050 556 3087 in
576 3049 638 3088 the
661 3050 807 3089 Palazzo
830 3050 921 3089 della
942 3052 1103 3100 Signoria
1124 3052 1204 3097 and,
1227 3052 1316 3091 after
1337 3053 1391 3092 his
1413 3053 1550 3099 release,
1574 3055 1614 3092 in
1635 3056 1936 3100 SS.Annunziata,

125 3100 265 3149 leaving
283 3101 455 3140 Florence
472 3117 524 3140 on
543 3106 584 3140 12
598 3106 701 3150 June,
722 3104 815 3148 ibid„
836 3109 890 3149 54,
910 3117 995 3143 note
1016 3109 1067 3150 16,
1086 3106 1157 3144 and
1174 3110 1228 3151 69,
1247 3119 1333 3145 note
1352 3112 1383 3145 5.

206 3153 214 3185 5
232 3158 329 3196 Scala
346 3159 453 3197 refers
471 3172 511 3197 to
530 3159 593 3198 the
613 3161 717 3209 Papa]
737 3161 812 3199 bull
829 3161 933 3200 dated
956 3166 970 3199 1
989 3166 1091 3210 June,
1111 3163 1359 3212 promulgated
1377 3179 1429 3202 on
1446 3170 1468 3202 4
1484 3168 1575 3212 June
1594 3165 1665 3203 and
1681 3165 1826 3214 printed
1845 3166 1893 3214 by
1913 3170 1933 3204 9
