2124 3458
104 164 277 198 POEMs
1807 154 1898 195 429

226 299 330 347 Inde
349 299 429 347 sub
453 298 683 347 obscuram
708 312 886 346 noctem
908 297 1164 359 depellimus
1187 297 1374 345 umbras.

223 372 432 428 Namque
454 366 571 414 diem
594 365 787 414 referunt
809 365 972 414 faculae
992 365 1222 427 lucemque
1244 365 1472 422 reducunt,

223 440 277 483 Et
298 435 453 496 longae
477 434 705 482 redimunt>
722 435 845 495 operi
867 433 1093 494 dispendia
1113 434 1268 490 noctis,

224 502 364 562 Quod
384 516 547 563 prestat
569 519 686 549 nunc
709 519 806 549 cera
824 501 905 549 tibi
926 516 1055 562 atque
1075 519 1297 562 expressus
1321 501 1436 548 oliva

224 575 405 618 Humor
427 585 469 617 et
490 588 514 617 a
534 569 628 617 lino
650 584 697 631 et,
712 569 896 617 nucibus
919 569 1057 616 modo
1078 568 1298 630 lampades
1319 568 1485 617 ardent.
1725 584 1785 615 120

224 639 345 686 Hinc
365 656 467 699 sapa
487 637 762 699 decoquitur,
785 637 887 685 hinc
909 636 1081 685 defruta
1101 636 1323 698 multaque
1346 637 1503 684 Bacchi

222 711 412 754 Munera
430 720 545 754 sunt.
570 705 704 753 Cellis
726 705 904 767 quidam
926 705 1092 753 mellita
1112 705 1358 753 recondunt

221 775 349 831 Vina,
373 774 530 836 quibus
553 773 678 822 dulce
700 788 762 822 est
784 773 929 822 fontes
950 788 1136 822 mutasse
1159 778 1281 834 Lyeo

222 847 370 904 Atque
391 843 509 890 sitim
531 843 686 903 pressis
707 841 921 903 pepulisse
945 860 970 889 a
990 841 1185 889 faucibus
1206 842 1312 889 uvis.

221 911 462 958 Mitescunt
482 911 595 957 sicca
616 910 797 957 decocta
816 910 976 957 cibaria
994 909 1114 966 silva,
1724 925 1782 956 125

220 979 289 1026 Sic
309 979 454 1025 ventri
475 977 658 1024 infirmo
682 977 835 1024 melius
858 977 1109 1038 morbisque
1134 977 1378 1024 medentur.

222 1050 323 1107 Igne
345 1060 542 1106 coquunt
567 1045 720 1092 herbas
742 1059 784 1092 et
805 1063 906 1092 cum
929 1044 1145 1092 radicibus
1167 1045 1267 1106 ipsis

222 1117 427 1174 Cumque
451 1112 558 1160 favis
578 1130 718 1160 unum
742 1113 788 1159 in
810 1130 982 1173 corpus,
1006 1126 1102 1160 tum
1124 1112 1305 1160 vulnera
1324 1126 1490 1160 sanant.

220 1182 426 1242 Denique
448 1180 587 1228 multa
607 1180 718 1228 adeo
738 1180 852 1227 fiunt
874 1180 1166 1228 medicamina
1185 1179 1238 1227 ab
1260 1181 1362 1240 igni,

221 1252 349 1308 Quae
370 1248 447 1296 lita
466 1266 591 1309 saepe
614 1248 766 1295 fovent
788 1247 1068 1309 relevantque
1089 1248 1273 1295 iacentia
1292 1247 1491 1295 membra
1723 1263 1784 1294 130

221 1321 271 1363 In
292 1334 536 1378 corpusque
560 1315 706 1363 valent
727 1317 897 1363 animos
920 1333 1124 1363 revocare
1143 1315 1348 1377 sepultos:

219 1386 337 1432 Mira
358 1402 483 1441 cano,
506 1384 655 1432 multis
677 1399 826 1432 tamen
848 1384 954 1431 haec
973 1398 1145 1432 cantata
1160 1385 1314 1445 poetis.

219 1457 273 1500 Et
296 1452 514 1500 dubitabis
537 1451 679 1500 adhuc
700 1453 875 1500 meritas
896 1451 1149 1513 impendere
1171 1470 1293 1499 curas

219 1521 480 1577 Arboribus,
506 1535 629 1568 tanta
648 1535 709 1568 est
731 1520 847 1568 unde
869 1520 1139 1581 indulgentia
1160 1520 1308 1568 nobis?

219 1662 351 1705 Mora
369 1672 527 1718 petunt
547 1671 697 1718 putres
719 1671 853 1704 terras
873 1657 1070 1718 coelique
1091 1671 1278 1718 tepores,
1722 1672 1781 1703 1³5

187 1766 191 1767 γ
220 1726 345 1772 Citra
366 1743 542 1786 quoque
565 1739 607 1772 et
629 1724 775 1772 dulces
795 1724 904 1772 ficos
924 1725 1140 1785 plantabis
1162 1725 1324 1772 eisdem

220 1797 269 1840 In
289 1793 417 1840 sulcis
437 1793 676 1854 pinguique
700 1792 812 1840 fimo
834 1793 1021 1854 rivisque
1045 1793 1223 1840 iuvabis.

219 1861 452 1908 Abietibus
474 1875 557 1908 stat
579 1879 681 1908 cura
701 1862 863 1918 minor,
887 1879 996 1922 quae
1018 1862 1064 1907 in
1086 1861 1312 1908 montibus
1335 1861 1455 1908 ultro

219 1929 490 1976 Proveniunt
515 1930 629 1990 ipsae
650 1928 805 1976 melius
824 1947 1093 1990 proceraque
1116 1928 1248 1990 fagus3

219 1996 574 2058 Glandiferisque
596 1996 748 2044 eadem
768 1997 898 2044 cerris
919 2011 1048 2058 atque
1069 1996 1237 2044 ilicibus
1260 1996 1329 2044 lex
1722 2012 1782 2043 140

217 2069 554 2126 Nascenturque
577 2066 684 2126 iugis
707 2065 842 2112 laetae
861 2080 904 2113 et
924 2080 1136 2112 montana
1158 2065 1401 2126 replebunt.

218 2133 411 2194 Populus
436 2148 478 2181 at
498 2133 655 2194 gaudet
675 2133 820 2181 fluviis
843 2148 884 2181 et
904 2133 1022 2181 lenta
1040 2133 1188 2181 salicta

218 2205 286 2249 Ac
304 2216 466 2263 potura
486 2203 573 2249 suis
595 2201 760 2249 undam
783 2201 999 2249 radicibus
1021 2201 1155 2249 alnus.

218 2273 457 2317 Castaneae
478 2285 593 2317 terra
613 2284 655 2317 et
675 2288 859 2331 quercus
881 2285 1119 2318 nascuntur
1140 2271 1186 2317 in
1208 2271 1333 2318 omni

216 2342 412 2399 Nuxque
435 2338 600 2399 iuglans
623 2338 853 2399 laurusque
875 2339 1020 2386 virens
1042 2338 1266 2399 malusque
1287 2339 1508 2399 pirusque,
1721 2354 1780 2385 1⁴5

217 2406 405 2453 Pullulat
429 2421 471 2453 et
492 2406 666 2467 corylus
688 2407 831 2467 spissis
854 2406 1086 2454 laetissima
1104 2406 1278 2467 plantis,

217 2474 380 2521 Sorbus
403 2475 510 2521 item
530 2475 665 2534 surgit
688 2474 807 2521 nulla
828 2474 981 2521 tellure
1004 2474 1184 2535 repulsa.

218 2541 347 2589 Plura
366 2541 510 2589 solum
533 2541 677 2589 sterile
699 2543 906 2589 evincunt
929 2542 1071 2590 radice
1090 2543 1265 2603 procaci

218 2610 404 2666 Arbuta‚
428 2611 650 2670 iuniperus
674 2611 863 2670 cupressi
886 2610 1147 2671 humilisque
1171 2611 1347 2671 genista.

217 2677 301 2724 Sed
322 2677 490 2724 dictum
511 2695 645 2738 genus
667 2692 744 2734 est;
764 2695 844 2738 per
862 2677 1029 2738 singula
1052 2677 1211 2734 ducite,
1232 2682 1398 2725 Musae.
1721 2692 1781 2724 150

218 2812 453 2860 Debentur
470 2813 637 2874 primae
659 2812 807 2860 laudes
828 2827 870 2860 et
889 2814 1025 2874 gratia
1043 2812 1180 2869 lauro,

219 2885 363 2928 Lauro
383 2885 612 2928 Musarum
636 2881 798 2937 decori,
820 2899 951 2942 quam
973 2899 1154 2942 magnus
1177 2880 1343 2942 Apollo

219 2949 445 3009 Contegit,
469 2949 601 2996 iratus
622 2949 747 2996 terris
768 2967 869 2996 cum
892 2948 1095 2996 fulminat
1119 2948 1279 2996 aether.

219 3020 350 3063 Hanc
371 3016 479 3063 olim
501 3016 718 3073 Phoebus,
742 3016 932 3078 Daphne
953 3035 1054 3064 cum
1077 3017 1184 3064 vitat
1206 3034 1389 3073 amores,

219 3085 468 3145 Insequitur
489 3085 693 3131 iuvenem
716 3099 773 3141 et,
795 3102 896 3132 cum
919 3085 1005 3132 iam
1026 3085 1204 3145 vestigia
1225 3085 1441 3144 inurgent,
1721 3098 1779 3130 155

220 3156 270 3198 In
291 3169 436 3199 ramos
457 3152 588 3199 vertit
610 3151 768 3213 digitos
790 3167 831 3199 et
851 3152 1028 3200 brachia
1049 3151 1210 3209 firmat,
