2124 3458
231 183 321 223 418
1820 188 1958 221 PART
1983 188 2035 221 VI

439 329 567 372 Posse
590 340 762 386 putant,
786 325 990 381 Melibee,
1013 324 1093 372 tibi
1114 325 1148 371 si
1171 339 1306 372 certet
1326 324 1504 385 Apollo.

438 397 585 453 Surge,
610 411 698 453 age,
721 392 828 453 quid
849 395 1000 440 restas?
1023 392 1178 453 cupide
1200 407 1242 439 te
1263 392 1449 453 appellat
1472 396 1666 439 Anance.

439 466 629 509 Munera
650 460 900 522 dependent
922 461 1007 508 iam
1030 460 1228 508 cantibus
1251 475 1379 521 atque
1400 460 1583 517 choreis,

440 534 531 577 Iam
553 530 670 577 Paris
692 530 780 590 ipse
803 529 922 576 sedet
945 528 1074 576 iudex
1096 547 1341 589 aequusque
1364 528 1586 575 Palemon.

438 602 576 645 Nunc
599 597 758 645 frustra
779 611 979 658 expectas
999 615 1108 657 quae
1129 598 1214 645 sint
1239 615 1287 644 ea
1305 597 1499 657 praemia
1520 596 1676 653 dicam,
1880 612 1921 642 30

438 671 631 726 Nanque
654 683 809 712 moror
832 666 1034 721 nimium,
1061 665 1167 725 quid
1187 679 1235 712 tu
1258 679 1507 725 expectatus
1528 666 1687 712 inertes

439 739 538 781 Esse
561 735 665 781 sinis
689 733 892 790 calamos,
917 751 1080 794 quaeve
1102 733 1207 780 haec
1225 733 1427 780 socordia
1448 735 1589 780 tanta?

438 803 516 850 Eia
537 820 625 862 age,
649 820 702 849 ne
726 816 870 858 restes,
893 820 1066 862 nanque
1090 801 1194 848 haec
1215 819 1340 848 mora
1359 802 1521 862 premit
1543 805 1770 848 Anancen.

354 939 572 986 Melibeus
595 943 698 985 Heu
722 956 775 985 ne
798 956 868 985 me
890 953 1064 985 tantum
1087 956 1212 998 cogas
1233 937 1430 998 proferre
1453 937 1668 994 dolorem,

440 1011 553 1054 Care
575 1011 770 1063 Menete,
792 1024 974 1063 novum,
998 1007 1089 1053 sine
1114 1024 1183 1053 me
1205 1021 1450 1067 torpescere
1473 1007 1518 1052 in
1542 1005 1688 1062 herba,
1880 1021 1920 1052 35

439 1080 740 1136 Languentem
763 1074 1038 1135 calamosque
1061 1075 1146 1122 situ
1166 1089 1414 1136 putrescere
1436 1075 1566 1135 turpi.

352 1217 560 1260 Menetus
583 1212 708 1272 Quid
730 1211 923 1269 tandem,
945 1211 1150 1269 Melibee,
1173 1211 1289 1269 mali,
1314 1230 1422 1273 quae
1445 1230 1546 1259 cura
1568 1211 1808 1259 iocundum

438 1283 501 1328 Te
524 1296 680 1338 mutat,
703 1281 850 1328 turbat
873 1280 1067 1328 frontem
1090 1281 1379 1342 obscuratque
1401 1283 1619 1328 serenam?

439 1349 565 1409 Quid
586 1349 668 1396 sibi
690 1364 781 1396 tam
804 1350 946 1396 tristes
968 1367 1095 1410 rugae
1118 1364 1159 1397 et
1179 1350 1360 1410 suspiria
1383 1352 1524 1397 tanta?

438 1422 504 1463 En
526 1417 762 1464 lachrimae
785 1432 963 1478 turpant
987 1417 1137 1464 oculos
1162 1436 1302 1478 neque
1325 1432 1372 1464 tu
1394 1432 1543 1464 tamen
1563 1435 1773 1478 unquam,
1880 1433 1921 1463 40

437 1485 656 1532 Subnixus
680 1485 832 1533 cubito
855 1486 1069 1532 cervicem
1091 1485 1289 1533 attollere
1310 1500 1497 1546 temptas

438 1558 558 1601 Aure
581 1576 607 1600 ‹.
627 1593 634 1601 .
652 1576 678 1601 .›

352 1689 570 1737 Melibeus
593 1694 667 1736 An
691 1708 799 1750 quae
822 1691 908 1737 iam
931 1708 1200 1751 quercusque
1223 1690 1374 1737 dolent
1398 1690 1668 1751 humilesque
1694 1691 1869 1738 miricae

436 1763 490 1805 Et
514 1758 646 1805 durae
667 1758 819 1814 silices,
843 1758 923 1805 tibi
944 1773 1044 1805 sunt
1069 1759 1291 1819 incognita
1312 1758 1413 1806 soli?

437 1831 568 1873 Estne
593 1826 746 1887 aliquis
769 1826 948 1874 tandem
970 1827 1129 1874 nostris
1153 1828 1198 1873 in
1221 1827 1446 1874 montibus
1471 1845 1654 1888 usquam
1878 1842 1918 1873 45

438 1894 664 1942 Omnibus
690 1913 738 1942 ac
757 1894 873 1942 silvis
897 1913 1085 1956 nequam
1108 1896 1182 1956 qui
1204 1896 1374 1956 ignoret
1397 1896 1589 1943 Eritum?

436 1964 479 2010 Si
501 1963 596 2023 quis
618 1964 799 2010 Eriteias
818 1978 970 2024 pastor
991 1981 1083 2010 non
1104 1963 1284 2024 pertulit
1306 1963 1412 2011 ullas

437 2031 629 2088 Insidias,
655 2031 821 2078 habitat
844 2031 1002 2079 alienas
1022 2031 1193 2092 longius
1217 2050 1325 2079 oras.

437 2099 511 2146 Ille
534 2100 699 2146 etenim
721 2114 820 2147 toto
842 2118 960 2147 nunc
983 2100 1035 2147 de
1055 2118 1179 2160 grege
1202 2115 1337 2148 certat
1358 2115 1399 2148 et
1420 2100 1574 2157 aufert,

435 2172 572 2214 Nunc
595 2167 773 2228 laqueos
796 2167 937 2214 tendit
958 2169 1104 2224 tauris,
1129 2168 1266 2215 modo
1287 2186 1444 2229 pascua
1465 2168 1626 2225 turbat,
1876 2183 1918 2214 50

435 2236 582 2282 Vicini
603 2236 788 2296 pecoris,
813 2250 1047 2282 contentus
1068 2235 1207 2283 limite
1230 2236 1366 2292 nullo,

437 2303 734 2364 Quin—quod
759 2303 883 2350 valde
905 2308 1055 2351 Iovem
1078 2305 1216 2351 miror
1238 2304 1440 2352 tolerasse
1462 2304 1715 2365 benignum,

436 2375 503 2418 Ac
526 2389 617 2418 non
642 2372 801 2418 iratum
822 2372 970 2432 potius
994 2373 1180 2432 tetigisse
1203 2372 1442 2419 nefandum

436 2443 540 2486 Hoc
564 2454 828 2495 monstrum,
854 2454 902 2486 ut
923 2439 1061 2487 lueret
1082 2439 1318 2487 scelerosus
1341 2440 1524 2487 fulmine
1546 2458 1709 2501 poenas
1731 2469 1758 2474 —

436 2508 596 2554 Invasit
620 2525 760 2568 nuper
781 2522 954 2568 septum
977 2509 1194 2555 Damonis
1219 2523 1260 2555 et
1282 2508 1400 2555 illinc
1875 2523 1915 2554 55

435 2578 558 2621 Dum
582 2589 770 2635 temptat
790 2575 1013 2635 gravidam
1033 2577 1204 2636 pecoris
1225 2594 1347 2636 spem
1371 2576 1481 2623 ferre
1503 2576 1726 2636 capellam,

436 2642 685 2689 Ostendere
707 2661 832 2690 canes
854 2642 1011 2699 furem,
1034 2658 1130 2690 tum
1154 2643 1271 2691 dirus
1293 2645 1437 2691 Eritus

436 2715 485 2756 In
507 2728 674 2757 cassum
698 2710 936 2758 abstractae
955 2726 1155 2759 ventrem
1178 2711 1276 2759 ferit
1298 2726 1339 2759 et
1361 2726 1485 2759 necat
1507 2712 1643 2759 hedos

434 2778 664 2825 Nondum
681 2793 816 2835 ortos,
841 2797 941 2826 cum
965 2794 1103 2827 matre
1123 2779 1251 2827 simul
1274 2781 1441 2841 periere
1462 2780 1646 2840 gemelli.

434 2847 614 2907 Tityrus
638 2848 726 2907 ipse
751 2846 935 2894 domum
961 2847 1131 2895 rediens
1152 2847 1263 2895 male
1284 2847 1459 2908 vapulat
1482 2849 1642 2895 insons.
1875 2862 1916 2894 60

435 2914 554 2960 Proh
575 2914 724 2961 scelus!
751 2914 983 2962 incolumis
1007 2914 1116 2975 fugit
1139 2915 1208 2962 ille
1231 2933 1279 2962 ac
1300 2917 1481 2962 numina
1505 2916 1628 2963 ridet.

349 3053 556 3096 Menetus
578 3049 665 3105 Ah,
690 3064 939 3097 monstrum
964 3049 1115 3097 infelix
1135 3068 1326 3106 saevum,
1349 3050 1584 3098 scelerosus
1606 3051 1750 3098 Eritus

434 3119 546 3163 Tam
569 3117 756 3164 Charito
778 3117 929 3164 similis
952 3132 1125 3178 patruo,
1149 3136 1280 3178 quem
1303 3119 1506 3165 novimus
1531 3136 1684 3165 omnes

435 3184 562 3231 Olim
584 3199 779 3245 pastores
802 3199 931 3245 atque
953 3186 1247 3232 execravimus
1269 3203 1434 3233 omnes.
