2118 3444
117 157 1921 214 Qs—-ss———AE

119 303 238 350 mina
256 303 377 363 quasi
395 319 497 349 cum
515 302 658 362 prima
677 301 810 348 herba
825 300 1110 348 suffocantur.
1131 301 1271 360 Quod
1287 301 1322 348 si
1340 301 1464 348 aliter
1478 302 1671 348 eveniret
1689 302 1924 349 excitaren-

117 386 275 431 turque
294 371 339 416 in
357 369 484 417 nobis
502 369 837 430 studiorumque
857 368 1065 416 fomentis
1084 383 1337 416 nostrorum
1357 370 1656 416 enutrirentur
1673 369 1810 416 divini
1828 387 1919 416 mu·

118 439 232 486 neris
251 437 441 498 igniculi,
460 436 664 498 profecto
684 436 837 484 melius
856 454 921 483 res
939 436 1153 483 humanae
1175 451 1438 497 regerentur,
1458 455 1597 497 neque
1615 451 1683 484 tot
1703 438 1921 498 tantisque

117 505 337 553 erroribus
362 504 700 565 implicaremur,
725 518 772 551 ut
793 521 918 564 saepe
940 522 1030 564 quo
1051 522 1229 564 proram
1253 504 1486 564 dirigamus
1509 505 1589 565 ipsi
1613 505 1865 552 nesciamus.

200 577 264 620 Ex
287 590 377 634 quo
399 571 450 619 fit
471 587 534 629 ut,
555 573 590 619 si
613 572 708 633 quis
730 589 821 619 non
843 571 1065 632 vulgarem
1087 572 1200 619 vitae
1221 573 1337 619 viam
1358 573 1582 633 ingressus,
1609 573 1811 620 avaritiae
1833 574 1923 634 qui-

116 641 217 689 dem
233 640 540 701 frugalitatem,
558 640 790 687 ambitioni
809 639 1080 700 dignitatem,
1098 641 1458 701 intemperantiae
1475 641 1810 697 continentiam,
1828 640 1920 688 libi-

115 709 208 757 dini
236 708 603 764 moderationem,
631 708 894 769 turpitudini
922 708 1109 769 denique
1136 707 1411 756 honestatem
1437 708 1702 765 antetulerit,
1729 723 1770 756 et
1796 710 1916 770 quasi

114 776 434 838 perfectionem
466 776 686 837 quandam
717 776 931 824 humanae
963 790 1141 824 naturae
1170 777 1390 824 continuis
1421 776 1654 824 sudoribus
1687 795 1735 824 ac
1763 777 1918 838 vigiliis

115 844 245 893 fuerit
267 859 678 892 consecutus-nam
701 844 831 905 plena
852 862 997 892 rerum
1020 859 1081 892 est
1105 844 1356 892 huiusmodi
1381 844 1436 892 ad
1454 846 1664 893 virtutem
1684 846 1767 902 via,
1789 860 1837 893 ut
1859 846 1917 893 ait

115 912 732 960 Hesiodus¹—immortalitate
770 912 974 974 profecto
1011 912 1285 974 dignissimus
1326 931 1413 961 esse
1451 911 1681 961 videatur.²
1721 917 1916 975 Quoque

111 982 294 1043 propius
320 981 374 1028 ad
393 980 713 1042 perfectionem
738 982 974 1037 accesserit,
997 981 1118 1042 quod
1140 982 1254 1029 vitae
1277 981 1540 1029 diuturnitas
1562 997 1746 1043 propter
1770 1001 1917 1030 rerum

112 1067 239 1097 usum
272 1048 415 1105 affert,
443 1067 497 1096 eo
526 1050 660 1109 magis
690 1049 866 1110 indigna
895 1049 1070 1096 videtur
1097 1067 1162 1097 res
1190 1064 1253 1106 ut,
1282 1068 1383 1097 curn
1414 1051 1603 1098 maxime
1632 1051 1728 1111 quis
1755 1066 1916 1112 potest,

113 1132 238 1165 aucta
254 1118 340 1164 iarn
358 1135 406 1164 ac
421 1131 726 1164 consummata
744 1116 832 1164 fere
850 1117 1041 1164 humana
1056 1118 1279 1178 sapientia,
1299 1133 1405 1165 tunc
1421 1136 1528 1165 vero
1542 1119 1596 1166 sit
1614 1118 1775 1180 absque
1793 1119 1915 1166 dubi-

112 1186 279 1232 tatione
296 1185 439 1245 aliqua
453 1185 749 1241 moriendum,
768 1199 960 1246 tuncque
977 1185 1260 1233 deserendam
1275 1186 1509 1233 hominum
1527 1187 1797 1243 societatem,
1814 1205 1916 1234 cum

112 1252 194 1300 fuit
215 1270 388 1300 summa
411 1270 512 1299 curn
534 1252 722 1300 utilitate
741 1254 960 1300 societatis
982 1253 1196 1301 humanae
1218 1254 1601 1314 supervivendum.

195 1325 259 1368 Ut
293 1321 411 1368 enim
446 1335 589 1368 cetera
618 1322 838 1377 omittam,
872 1322 980 1382 quis,
1013 1336 1153 1382 putas,
1188 1336 1250 1369 est
1282 1322 1426 1369 senilis
1460 1323 1698 1370 memoriae
1734 1322 1914 1379 fructus,

111 1407 275 1450 quaeve
295 1407 441 1436 rerum
465 1389 511 1435 in
532 1390 623 1436 vita
639 1403 856 1449 gestarum
880 1389 1195 1437 recordationis
1215 1390 1391 1447 utilitas,
1415 1390 1572 1451 quibus
1594 1409 1695 1438 cum
1720 1391 1785 1439 his
1808 1410 1917 1452 quae

111 1458 156 1503 in
174 1457 264 1504 dies
279 1457 482 1504 accidunt
498 1457 679 1513 collatis,
699 1457 784 1505 hoc
801 1457 978 1518 quidem
994 1458 1287 1519 deligendum,
1305 1458 1413 1506 illud
1429 1477 1535 1506 vero
1551 1458 1807 1520 fugiendum
1827 1478 1915 1507 esse

111 1525 254 1573 multo
272 1525 415 1573 hercle
432 1540 652 1573 noverunt
669 1525 835 1574 facilius
852 1544 983 1587 quam
1000 1527 1075 1587 qui
1090 1526 1217 1574 rudes
1233 1527 1374 1575 adhuc
1390 1545 1536 1575 rerum
1553 1542 1682 1589 atque
1698 1529 1914 1589 inexperti

110 1593 324 1641 iudicant?
348 1598 508 1655 Neque
535 1595 653 1641 enim
680 1595 739 1642 ita
761 1595 852 1642 nati
874 1613 1023 1642 sumus
1050 1610 1098 1642 ut
1121 1596 1269 1643 statim
1294 1614 1395 1643 curn
1420 1595 1516 1643 luce
1541 1597 1631 1657 ipsa
1654 1597 1913 1658 sapientiam

110 1663 424 1718 nanciscamur;
443 1662 519 1709 sed
535 1680 584 1710 ea
598 1662 746 1710 studio
764 1681 813 1710 ac
828 1663 1051 1724 diligentia
1067 1678 1216 1711 nostra
1234 1682 1315 1712 nec
1332 1665 1476 1712 minus
1495 1666 1609 1712 vitae
1626 1665 1914 1713 diuturnitate

109 1745 401 1791 comparatur.
432 1731 744 1778 Democritum
773 1732 918 1779 virum
948 1733 1113 1792 egregie
1140 1733 1381 1793 sapientem
1411 1732 1572 1790 ferunt,
1602 1752 1702 1781 curn
1733 1734 1914 1795 expletis

107 1813 275 1859 septem
294 1816 424 1859 supra
444 1813 622 1846 centurn
646 1800 727 1859 (tot
748 1800 867 1846 enim
886 1800 1009 1860 vixit)
1033 1801 1169 1857 annis,
1192 1802 1307 1848 mori
1326 1819 1370 1848 se
1390 1801 1663 1862 intelligeret,
1684 1802 1832 1850 dolere
1853 1802 1912 1850 di-

106 1867 215 1913 xisse
238 1866 359 1927 quod
381 1881 488 1913 tunc
509 1867 786 1927 egrederetur
804 1886 826 1914 e
846 1868 936 1915 vita
955 1868 1133 1929 quando
1154 1887 1301 1930 sapere
1324 1864 1584 1930 incepisset.b
1606 1874 1660 1917 Et
1683 1871 1844 1918 Critias
1866 1872 1910 1917 in

112 1936 254 1981 Timeo
276 1934 470 1981 Platonis
491 1934 622 1982 refert
644 1935 960 1983 Atheniensem
981 1936 1190 1984 Solonem
1215 1937 1450 1998 aliquando
1472 1953 1513 1985 et
1534 1938 1847 1999 reprehensum
1871 1954 1913 1986 et

107 2002 281 2048 irrisum
305 2002 358 2048 ab
380 2003 603 2062 Aegyptio
624 2003 848 2050 sacerdote
869 2004 1072 2060 extitisse,
1095 2004 1215 2064 quod
1235 2006 1360 2065 pueri
1381 2023 1554 2066 semper
1575 2021 1715 2053 essent
1738 2008 1911 2063 Graeci,

107 2086 248 2130 neque
269 2070 499 2130 quisquam
519 2084 627 2117 esset
646 2070 762 2131 apud
781 2070 877 2118 illos
895 2089 1038 2119 senex.
1058 2072 1250 2120 Novella
1268 2073 1386 2120 enim
1405 2091 1578 2134 semper
1596 2072 1723 2121 esset³
1743 2092 1908 2122 memo-

106 2138 181 2193 ria,
204 2155 345 2198 neque
367 2137 454 2185 ulla
476 2138 592 2199 apud
613 2156 687 2186 eos
708 2157 903 2200 unquam
927 2157 1033 2187 cana
1051 2141 1291 2201 sapientia.c
1314 2144 1409 2189 Cur
1430 2142 1562 2202 igitur
1581 2160 1673 2190 non
1697 2143 1788 2190 iure
1811 2161 1910 2204 que-

106 2220 259 2252 rantur
282 2205 484 2253 homines
511 2221 798 2268 naturamque
825 2223 1025 2256 accusent
1049 2226 1185 2265 suam,
1212 2210 1286 2270 qui
1311 2224 1379 2257 tot
1403 2211 1621 2271 tantisque
1647 2211 1908 2259 utilitatibus

104 2274 305 2334 vitaeque
325 2274 573 2322 commodis
595 2289 701 2323 tunc
720 2277 909 2324 maxime
930 2291 1073 2324 morte
1091 2278 1322 2338 priventur
1341 2278 1519 2339 quando
1541 2279 1605 2326 his
1626 2280 1691 2327 uti
1710 2297 1906 2327 commo-

104 2341 278 2389 dissime
308 2357 551 2403 potuerunt
585 2358 626 2390 et
658 2344 749 2391 iure
781 2344 1047 2392 debuerunt?
1080 2346 1204 2405 Quid
1237 2347 1355 2393 enim
1388 2346 1505 2394 aliud
1534 2347 1710 2395 videtur
1740 2347 1907 2395 causae⁴

104 2409 232 2457 fuisse
251 2411 333 2457 nisi
351 2411 554 2458 invidisse
573 2426 774 2459 naturam
791 2414 937 2472 generi
955 2413 1188 2461 hominurn
1210 2413 1575 2476 fortunarumque
1595 2416 1726 2476 ipsius
1747 2417 1905 2477 inquis-

102 2478 258 2524 simam
280 2496 324 2525 se
346 2493 572 2526 auctorem
592 2480 859 2540 praebuisse?

187 2546 280 2602 His,
301 2560 349 2593 ut
367 2561 492 2607 puto,
516 2547 749 2595 rationibus
769 2547 853 2595 fere
875 2564 1107 2596 moventur
1124 2549 1327 2626 plerique,
1348 2565 1388 2598 et
1409 2550 1514 2598 dum
1535 2569 1619 2598 sese
1642 2553 1921 2613 inertiamque

101 2630 224 2660 suam
254 2631 456 2661 excusare
484 2615 699 2671 nituntur,
729 2630 929 2663 naturam
957 2618 1093 2678 ipsam
1122 2619 1424 2678 aequissimam
1451 2620 1901 2681 sapientissimamque

103 2681 371 2741 iniquissime
394 2697 608 2729 accusant.
630 2684 720 2730 Etsi
742 2685 859 2730 enim
880 2684 998 2732 nulla
1019 2700 1126 2732 esset
1146 2704 1254 2746 quae
1275 2701 1430 2733 contra
1449 2686 1595 2734 afferri
1613 2689 1726 2734 ratio
1744 2703 1904 2748 posset,

102 2762 224 2795 tanta
245 2763 306 2795 est
330 2763 479 2796 tamen
500 2764 678 2810 tamque
701 2750 965 2799 admirabilis
988 2767 1166 2800 naturae
1188 2754 1394 2801 omnibus
1419 2755 1465 2800 in
1489 2754 1616 2801 rebus
1637 2756 1906 2815 sagacissima

180 2998 359 3043 ²Hoeiod,
385 2999 502 3037 Works
517 3000 592 3038 and
604 3002 707 3049 Daeys,
726 3004 871 3046 788-9o;
891 3001 935 3039 cf.
954 3004 991 3040 St
1010 3002 1110 3047 BasiL
1129 3005 1244 3041 Sermo
1260 3003 1303 3041 de
1319 3003 1464 3052 legendis
1481 3004 1575 3042 libris
1592 3005 1639 3042 ad
1653 3005 1878 3044 adolescentes.

103 3112 165 3146 109
179 3049 195 3074 ¹³
210 3057 317 3093 Not
299 3070 352 3153 ¹4¹3
361 3057 469 3105 Diog.
472 3060 569 3095 Laer
593 3061 696 3096 Vuae.
715 3058 919 3108 According
932 3072 972 3097 to
990 3060 1230 3109 Hipparchus,
1248 3063 1478 3099 Democritus
1493 3061 1588 3100 lived
1603 3062 1696 3100 until
1710 3062 1772 3100 the
1788 3077 1848 3111 age
1866 3063 1907 3101 of

180 3109 323 3210 ἕίζίἒιὶῖο,
345 3109 499 3205 i'imaeus
515 3171 560 3204 22
578 3171 616 3212 B;
634 3168 679 3206 cf.
698 3169 877 3213 Eusebius,
897 3172 952 3208 De
963 3182 1193 3219 praepevang.
