2124 3458
195 178 284 218 362
1806 176 1943 210 PART
1969 176 1999 208 V

195 337 345 370 tamen
368 320 465 368 fieri
485 337 610 381 posse
636 320 744 380 quin
767 331 1068 366 exterreantur
1088 317 1149 364 rei
1170 315 1469 377 magnitudine
1494 333 1586 362 non
1609 315 1961 362 existimaverim.

279 389 408 437 Nihil
433 403 494 436 est
518 389 636 435 enim
662 402 753 434 tam
775 386 961 434 arduum
985 404 1081 432 mea
1101 385 1317 432 sententia
1336 399 1513 445 tamque
1535 383 1803 430 laboriosum
1831 397 1873 430 et
1894 381 2008 430 diffi-

197 459 276 506 cile
308 476 440 518 quam
470 475 513 504 se
544 471 770 503 auctorem
801 469 842 502 et
871 455 1131 515 scriptorem
1163 471 1309 500 rerum
1339 452 1553 513 profiteri.
1586 453 1784 498 Primum
1816 469 2005 511 namque

197 545 308 587 opus
332 540 394 573 est
419 524 558 571 multa
580 539 621 571 et
643 541 799 583 magna
821 523 1072 582 cognitione
1098 522 1300 568 omnium
1327 538 1487 576 rerum,
1511 534 1583 567 aut
1608 537 1756 566 earum
1777 518 1931 566 saltem
1953 518 2006 565 de

197 594 355 655 quibus
384 590 583 640 futura120
614 592 757 639 oratio
785 605 861 647 est3
890 591 933 636 in
963 590 1119 651 quibus
1148 590 1182 636 si
1210 589 1277 636 vel
1304 588 1525 636 tantillum
1555 587 1660 648 quid
1687 586 1816 634 fuerit
1845 587 2010 634 aberra-

197 678 308 718 tum,
331 661 403 709 illa
425 662 557 708 etiam
579 678 687 721 quae
711 674 826 707 recte
845 659 1063 719 scripseris
1086 658 1215 705 errati
1235 657 1413 704 fortuna
1433 674 1580 703 secum
1602 655 1735 703 trahit
1757 656 1802 701 in
1824 654 2008 702 eandem

198 731 465 792 ignominiae
490 729 783 776 calamitatem
803 729 1101 788 ignoratarum
1124 744 1283 774 rerum.
1306 724 1479 773 Deinde
1501 743 1610 786 quae
1631 724 1902 785 cognoveris,
1926 724 2007 771 nisi

197 799 342 856 docte,
366 799 448 846 nisi
472 798 678 854 breviter,
703 798 784 844 nisi
810 796 967 844 diserte
990 810 1229 856 ornateque
1253 794 1407 842 litteris
1430 793 1716 850 mandaveris,
1740 793 1812 840 vix
1836 793 1911 854 qui
1933 807 2009 840 tua

196 868 301 916 velit
320 868 460 928 legere
482 868 680 928 reperias.
703 871 766 913 Ita
785 865 906 926 quod
925 864 1181 925 vigilaveris,
1203 863 1323 925 quod
1343 863 1576 919 sudaveris,
1598 861 1718 923 quod
1739 861 1883 909 alseris
1905 861 2010 909 frus-

196 952 264 984 tra
289 951 364 984 est.
394 940 527 996 Saepe
557 950 656 982 ante
683 949 909 982 auctorem
936 951 1063 981 suum
1095 932 1320 980 incondita
1346 946 1502 993 poetae
1531 932 1724 978 carmina
1750 945 1791 978 et
1820 931 2007 978 oratoris

196 1007 370 1066 ineptae
396 1019 525 1064 atque
549 1004 839 1050 inconcinnae
865 1003 1086 1049 orationes
1108 1002 1345 1062 perierunt.
1371 1000 1454 1047 Sed
1479 1001 1558 1061 ipsi
1581 1018 1670 1046 sese
1694 999 1867 1046 rabulae
1891 1017 2008 1046 corn-

194 1073 464 1134 plectuntur,
494 1090 537 1119 se
568 1071 801 1119 observant
833 1085 961 1131 atque
991 1070 1276 1126 admirantur;
1306 1070 1475 1130 scriptis
1506 1069 1585 1129 ipsi
1615 1069 1700 1115 suis
1731 1068 1936 1115 nituntur
1964 1068 2009 1114 in

197 1142 347 1198 causis,
371 1146 626 1188 Romanum
651 1141 715 1187 ius
738 1158 791 1186 ne
812 1139 960 1199 legunt
985 1138 1177 1199 quidem,
1200 1156 1280 1185 nec
1301 1137 1407 1198 quid
1427 1152 1499 1184 aut
1521 1136 1751 1197 quomodo
1774 1136 2004 1197 Ulpianus,

195 1210 410 1270 Sulpitius‚
424 1208 589 1264 Paulus,
602 1207 850 1263 Marcellus,
865 1206 1083 1263 Scaevola,
1098 1206 1331 1253 Africanus
1346 1206 1502 1266 aliique
1515 1205 1844 1265 prudentissimi
1861 1204 2006 1264 legum

197 1292 397 1324 auctores
419 1281 728 1323 Romanorum
754 1290 882 1335 atque
904 1274 1249 1334 eloquentissimi
1274 1271 1574 1334 scripserint¹21
1602 1290 1704 1319 cura
1725 1287 1800 1319 est.
1826 1272 2009 1332 Ineptia-

197 1363 296 1392 rum
327 1344 466 1392 modo
496 1358 625 1404 atque
655 1343 969 1404 argutiolarum
1002 1342 1171 1398 harum,
1203 1341 1359 1403 quibus
1390 1342 1470 1402 ipsi
1502 1340 1591 1388 dies
1619 1355 1738 1388 totos
1770 1354 2007 1401 noctesque

197 1412 473 1461 conterendo
505 1412 807 1468 involvuntur,
840 1412 1044 1472 peritiam
1076 1411 1192 1457 nacti
1222 1409 1501 1457 confundunt
1535 1408 1631 1456 fora
1661 1408 2003 1469 obtunduntque

197 1481 477 1537 clamoribus,
496 1481 617 1541 quasi
634 1479 840 1527 nebulam
857 1479 1077 1540 quandam
1094 1478 1492 1539 obscuritatemque
1510 1477 1678 1524 iudiciis
1692 1491 2007 1538 praetexentes.

197 1555 261 1598 Ita
275 1549 385 1596 mihi
402 1549 742 1610 haudquaquam
761 1548 879 1609 digni
895 1547 1102 1595 videntur
1116 1548 1191 1609 qui
1206 1548 1383 1594 veniant
1400 1547 1444 1593 in
1461 1546 1693 1607 collegium
1713 1544 2007 1593 iurisconsult-

197 1637 340 1666 orum:
365 1636 493 1679 grave
514 1636 614 1665 sane
635 1636 783 1678 genus,
806 1616 1053 1664 venerabile
1076 1635 1123 1664 ac
1141 1631 1355 1673 sanctum,
1378 1634 1568 1677 quorum
1593 1633 1672 1662 nos
1694 1633 1828 1676 opera
1849 1633 1940 1661 non
1963 1615 2008 1661 in

194 1688 376 1748 privatis
397 1686 536 1734 modo
558 1686 699 1743 rebus,
723 1685 798 1733 sed
819 1687 862 1732 in
883 1685 1082 1746 publicis,
1105 1685 1180 1732 sed
1200 1686 1245 1731 in
1269 1685 1426 1732 divinis
1448 1702 1548 1731 cum
1570 1684 1714 1744 legum
1737 1683 1946 1744 dignitate
1966 1697 2008 1730 et

197 1757 421 1803 maiestate
438 1756 618 1802 utimur.
640 1759 800 1815 Neque
818 1755 936 1801 enim
956 1772 1087 1814 quam
1106 1753 1158 1800 ab
1178 1753 1242 1800 his
1262 1753 1415 1800 melius
1433 1771 1656 1800 sacrorum
1675 1753 1782 1799 ritus
1801 1753 2008 1799 caerimo-

198 1825 375 1884 niasque
404 1824 698 1884 percipiemus
725 1822 997 1883 profanaque
1027 1840 1050 1869 a
1078 1821 1285 1882 religiosis
1315 1821 1644 1882 segregabimus.
1676 1820 1816 1880 Quod
1845 1838 1926 1867 nos
1955 1819 2008 1867 de

197 1892 411 1939 industria
439 1891 493 1939 ad
518 1891 603 1938 hoc
631 1891 718 1938 loci
744 1891 1011 1938 servavimus
1038 1905 1086 1937 ut
1113 1909 1213 1937 cum
1243 1890 1370 1937 rebus
1397 1889 1554 1937 divinis
1583 1890 1831 1936 orationem
1860 1903 1902 1935 et
1927 1889 2007 1949 ipsi

197 1975 395 2008 nostram
419 1960 732 2007 clauderemus.

282 2032 457 2075 Partem
475 2029 593 2075 enim
611 2027 777 2088 publici
798 2045 885 2074 esse
904 2028 1007 2074 iuris
1026 2027 1281 2087 religionem
1302 2027 1609 2073 constituimus
1628 2040 1676 2072 ut
1695 2025 1810 2081 hinc,
1830 2025 1937 2086 quid
1954 2024 2008 2072 ad

195 2114 421 2143 sacrorum
444 2095 661 2152 ordinem,
685 2095 792 2156 quid
811 2095 865 2142 ad
883 2095 1153 2156 templorum
1177 2113 1340 2151 curam,
1362 2094 1468 2155 quid
1487 2093 1541 2141 ad
1558 2093 1836 2141 sacerdotum
1857 2092 2007 2140 officia

195 2166 428 2225 pertineat,
445 2164 689 2225 petendum
707 2165 774 2211 sit.
795 2168 916 2211 Nam
936 2163 1057 2224 qu0d
1073 2163 1311 2224 profanum
1332 2163 1492 2210 dicitur
1506 2162 1670 2223 publici
1691 2176 1732 2209 et
1750 2163 1892 2223 ipsum
1911 2179 2010 2222 pars

197 2234 314 2289 iuris,
343 2251 493 2280 curam
515 2233 664 2293 potius
689 2233 797 2293 gerit
822 2233 1167 2292 magistratuum,
1194 2246 1322 2292 atque
1345 2231 1454 2278 adeo
1479 2231 1531 2278 ab
1556 2230 1763 2291 religione
1788 2229 1937 2277 differt
1959 2244 2007 2277 ut

197 2302 402 2349 interesse
433 2319 525 2348 non
556 2301 751 2348 initiatos
781 2300 1041 2362 quibusdam
1073 2301 1202 2348 sacris
1230 2299 1291 2347 fas
1321 2299 1546 2361 quondam
1577 2317 1668 2346 non
1700 2298 1843 2346 fuerit.
1873 2298 2006 2346 Unde

197 2370 313 2431 apud
332 2370 575 2430 Vergilium
598 2369 774 2430 Sibylla,
799 2388 899 2416 cum
922 2384 1029 2416 esset
1050 2368 1241 2416 facturus
1261 2368 1467 2416 Manibus
1489 2372 1672 2424 Aeneas,
1695 2367 1862 2429 ‘procul
1888 2367 2003 2424 hinc,

194 2438 350 2498 procul
382 2436 537 2494 este,¹22
568 2437 774 2498 profani,'
808 2438 1053 2484 conclamat
1083 2452 1214 2493 vates,
1246 2441 1445 2497 ‘totoque
1475 2437 1665 2484 absistite
1694 2436 1864 2483 luco.’'‘'‘
1895 2435 2006 2483 Reli-

195 2507 337 2566 gionis
358 2521 506 2553 autem
524 2506 640 2553 unde
659 2507 713 2552 sit
732 2505 897 2553 factum
918 2524 1083 2552 nomen
1103 2524 1194 2552 non
1214 2523 1300 2552 una
1317 2506 1533 2552 sententia
1550 2519 1624 2551 est.
1645 2505 1806 2551 Cicero
1826 2505 1869 2550 in
1888 2503 2003 2550 libro

193 2578 261 2621 De
287 2588 443 2621 natura
467 2574 686 2620 deorumyy
714 2592 736 2620 a
763 2574 994 2633 relegendo
1021 2573 1182 2620 dictam
1206 2588 1330 2634 putat
1356 2573 1477 2633 quod
1503 2590 1551 2619 ea
1576 2590 1684 2633 quae
1711 2572 1764 2619 ad
1788 2572 2005 2619 culturam

194 2643 419 2702 pertinent
440 2642 626 2688 deorum
648 2656 866 2698 retractet3
886 2656 926 2688 et
946 2642 1065 2702 quasi
1087 2641 1275 2701 relegant
1296 2642 1370 2701 qui
1390 2640 1576 2701 religiosi
1598 2639 1885 2700 appellantur,
1908 2644 2007 2686 Lac-

196 2711 360 2756 tantius
385 2728 433 2756 ea
459 2709 661 2756 homines
690 2707 1003 2756 condicione123
1033 2724 1158 2756 natos
1183 2723 1308 2769 putat
1334 2723 1381 2755 ut
1408 2709 1576 2755 auctori
1600 2709 1728 2764 vitae,
1752 2711 1867 2763 Deo,
1895 2708 2005 2754 iusta

197 2795 245 2824 ac
266 2777 413 2824 debita
431 2778 606 2837 pietatis
627 2777 835 2837 obsequia
858 2776 1102 2832 reddamus,
1125 2780 1273 2823 Deum
1297 2777 1562 2831 noverimus,
1587 2779 1735 2822 Deum
1756 2792 2003 2835 sequamur,

276 3036 307 3051 '⁰‘
325 3034 519 3079 VergAen.
538 3035 746 3075 V1‚258-59.

277 3095 309 3116 W
335 3091 476 3134 Cicero,
499 3092 554 3127 De
578 3090 750 3135 nandeor„
766 3093 863 3133 11,72‚
888 3089 931 3127 cf.
957 3088 1026 3134 Ri⁴,
1050 3089 1113 3127 fol.
1139 3093 1211 3127 84r:
1236 3089 1385 3137 ‘Religio
1410 3103 1429 3126 a
1452 3087 1631 3136 religando
1656 3102 1698 3125 eo
1723 3087 1821 3136 quod
1845 3088 1911 3136 ipsi
1933 3086 2001 3125 deo

198 3142 411 3190 religemur,'
442 3146 478 3180 in
509 3144 734 3190 marg.:‘Lege
763 3143 997 3185 Lactantium‚
1025 3141 1121 3179 Scala
1147 3141 1191 3179 de
1218 3141 1352 3189 legibus
1382 3153 1416 3178 et
1444 3140 1580 3178 iudiciis
1609 3141 1700 3177 circa
1726 3139 1839 3177 finem
1866 3138 1935 3177 late
1961 3138 2005 3177 de

198 3194 369 3242 religione
387 3194 483 3232 unde
500 3194 655 3232 dicitur.'
766 3198 769 3202 '
