2118 3444
205 162 294 204 318
1814 170 1952 203 PART
1977 171 2008 203 v

206 312 325 354 Inter
349 306 544 353 eundum
571 307 748 366 patroni
776 307 895 353 venit
923 307 967 351 in
996 320 1190 352 mentem
1217 307 1291 366 qui
1317 306 1398 353 sibi
1425 306 1587 353 adesset
1614 308 1658 352 in
1685 307 1849 367 agenda
1873 325 2009 355 causa.

205 378 323 422 Cum
346 389 492 421 autem
513 373 660 420 fuisset
685 373 965 420 historiarum
989 373 1164 422 obviam
1185 375 1372 434 scriptor
1393 388 1434 420 et
1453 389 1674 421 oratorem
1692 389 1898 435 putasset,
1921 376 2011 422 eius

205 460 386 503 operam
429 441 705 502 implorabat.
749 442 841 500 Qui
883 441 1120 502 respondit:
1163 445 1330 488 ‘Parem
1371 441 1593 498 habemus,
1634 442 1790 498 villice,
1829 457 2012 504 uterque

205 529 391 558 causam.
423 511 622 556 Historia
651 509 760 556 mihi
786 510 1037 570 pomarium
1069 524 1144 566 est,
1174 527 1238 556 res
1264 524 1403 570 gestae
1429 524 1470 556 et
1496 511 1713 557 variarum
1742 511 2008 571 conquisitio

205 578 534 639 disciplinarum
571 577 720 625 multis
754 577 910 638 adepta
938 577 1159 625 laboribus
1193 592 1292 625 sunt
1327 577 1514 625 bellaria.
1549 581 1634 625 Pro
1665 581 1865 626 Pomona
1899 578 2008 625 mihi

203 647 341 707 gloria
364 661 426 693 est
450 647 494 692 in
518 646 667 693 medio
691 660 731 693 et
751 664 835 706 pro
859 647 993 692 muris
1016 645 1223 693 studium.
1250 646 1389 705 Quod
1411 664 1535 707 saepe
1559 664 1684 698 curae
1706 646 1823 693 bello
1847 646 2015 694 indicto

205 729 465 775 exsuperant
492 729 534 761 et
558 715 747 774 pomarii
776 713 978 761 auferunt
1006 713 1189 770 divitias,
1217 715 1304 774 ipse
1332 714 1510 761 tandem
1537 732 1642 774 egeo
1665 729 1868 775 patrono.
1897 717 2011 762 Tute

204 783 284 830 tibi
307 782 441 830 alium
465 782 729 829 advocatum
750 785 882 842 para?

961 923 1026 965 39.
1052 919 1261 965 Amicitia

204 1023 426 1082 Litigium‚
453 1039 584 1081 quern
607 1026 715 1068 Nox
742 1036 881 1068 mater
902 1021 1043 1068 filium
1069 1021 1261 1068 ediderat
1283 1022 1452 1068 incerto
1474 1036 1610 1081 patre,
1633 1039 1900 1082 quamquam
1923 1021 2010 1082 ple-

204 1091 326 1150 rique
345 1090 389 1135 in
407 1090 561 1135 Ditem
580 1088 791 1135 referrent
807 1106 954 1149 genus,
974 1107 1074 1135 cum
1093 1088 1362 1144 adolevisset,
1379 1088 1518 1135 libido
1536 1090 1706 1135 incessit
1724 1090 1896 1149 imperii
1912 1107 2011 1149 pro-

204 1157 399 1217 rogandi.
426 1161 575 1217 Itaque
595 1156 754 1204 arduus
776 1174 890 1217 equo
912 1156 1101 1203 insidens
1124 1157 1336 1217 cristaque
1356 1171 1397 1203 et
1418 1156 1595 1203 thorace
1615 1171 1744 1217 atque
1764 1174 1863 1204 ense
1885 1157 2008 1217 insig-

204 1226 270 1272 nis
301 1225 521 1272 ductabat.
551 1225 838 1271 Centurionis
869 1239 1017 1271 tamen
1046 1239 1087 1271 et
1118 1224 1266 1271 militis
1296 1225 1428 1271 etiam
1457 1225 1638 1285 impigre
1670 1242 2007 1285 nonnumquam

204 1293 355 1340 obibat
380 1310 575 1340 munera.
601 1292 746 1340 Multa
767 1310 846 1353 per
865 1310 908 1339 se
931 1292 1105 1352 gerebat
1127 1292 1239 1339 bella
1262 1310 1341 1339 nec
1361 1293 1568 1353 pauciora
1590 1310 1669 1353 per
1690 1292 1864 1353 legatos
1891 1296 2010 1340 Cum

203 1362 415 1408 Amicitia
449 1376 596 1408 autem
634 1361 772 1407 maius
809 1375 898 1407 erat
936 1361 1174 1421 negotium.
1216 1364 1333 1407 Cum
1371 1357 1490 1421 qua⁹⁶
1529 1360 1707 1421 quidem
1742 1360 1795 1407 ab
1833 1361 2011 1408 ineunte

203 1444 342 1477 aetate
366 1429 475 1475 nihil
500 1447 696 1489 unquam
724 1430 957 1489 quicquam
981 1429 1156 1489 penitus
1181 1443 1460 1485 convenerat,
1483 1428 1558 1476 sed
1582 1428 1848 1489 quotidianis
1870 1446 2010 1490 prope

201 1497 380 1559 proeliis
404 1498 509 1544 victi
531 1498 806 1558 victoresque
829 1498 944 1544 inter
965 1493 1042 1544 se97
1065 1498 1253 1544 invicem
1276 1511 1647 1544 concertaverant.
1670 1500 1788 1544 Cum
1813 1496 2009 1544 inclinas-

202 1581 265 1613 set
294 1566 348 1613 ad
373 1566 608 1612 Amicitiae
633 1562 811 1626 partes⁹⁸
840 1566 1037 1621 victoria,
1063 1566 1129 1612 sui
1157 1565 1452 1612 deseruerunt.
1482 1569 1608 1624 Quae
1636 1583 1741 1612 mox
1768 1566 1938 1612 secessit
1965 1566 2011 1611 in

203 1634 385 1682 caelum.
426 1633 558 1681 Unde
597 1634 932 1681 commiseratus
968 1647 1140 1680 tantum
1178 1633 1393 1680 humanos
1432 1633 1615 1689 labores,
1653 1647 1694 1680 at
1730 1632 1841 1680 ferre
1876 1651 2008 1694 opem

203 1702 373 1750 deserta
394 1721 485 1749 non
507 1717 666 1763 potest.

962 1843 1028 1885 40.
1054 1821 1258 1898 Iurgium*¹

204 1940 378 1987 Orbem
408 1958 508 1987 cum
536 1955 800 2001 peragrasset
829 1958 1010 1986 omnem
1042 1940 1247 2000 Iurgium,
1279 1939 1399 2000 quod
1427 1954 1533 1986 esset
1561 1939 1685 1986 vultu
1714 1937 1900 2000 aspero⁹9
1929 1953 2013 1986 tae-

203 2023 362 2069 troque
381 2023 510 2068 atque
528 2009 706 2068 genuini
726 2026 777 2055 ex
796 2026 870 2054 ore
890 2007 1069 2068 oblongi
1090 2007 1274 2064 [dentes]
1289 2008 1596 2068 praeacutique
1614 2021 1845 2063 exstarent,
1861 2006 2008 2067 lingua

203 2091 351 2124 autem
366 2095 469 2137 prae
487 2094 530 2124 se
548 2076 679 2123 ferret
694 2091 957 2137 serpentem,
978 2094 1067 2137 quo
1084 2075 1262 2123 tandem
1278 2075 1379 2123 loco
1399 2076 1667 2132 consisteret,
1685 2076 1763 2123 etsi
1782 2074 2012 2136 hospitalia

204 2146 297 2193 iura
330 2145 600 2206 imploraret,
636 2163 727 2192 non
761 2144 1022 2192 inveniebat.
1057 2144 1268 2192 Talassius
1302 2145 1345 2191 in
1378 2162 1505 2192 suum
1540 2162 1695 2205 agmen
1728 2144 1889 2205 recepit
1919 2143 2010 2191 tha-

202 2213 414 2274 lamisque
459 2213 668 2274 praefecit
712 2231 760 2260 ea
802 2213 1063 2260 condicione
1107 2228 1170 2269 ut,
1212 2214 1246 2260 si
1293 2213 1392 2260 inde
1437 2210 1752 2268 abscesserit,¹⁰⁰
1795 2211 2007 2273 profugus

201 2299 376 2342 semper
396 2282 488 2328 sine
511 2282 651 2342 patria
673 2295 714 2328 et
735 2281 821 2328 lare
845 2282 1203 2341 circumvagetur.

965 2422 1031 2464 41.
1056 2419 1249 2478 Tempus

202 2520 389 2581 Delphis
410 2538 663 2567 marmoreo
683 2521 727 2566 in
746 2521 910 2580 pariete
927 2520 981 2567 ad
998 2520 1217 2580 Apollinis
1238 2519 1454 2580 templum
1474 2519 1629 2567 litteris
1646 2520 1857 2580 scriptum
1878 2522 2011 2566 Grae-

203 2590 262 2635 cis
284 2588 379 2635 fuit:
403 2592 767 2648 Sapientissimum
791 2602 962 2648 tempus.
988 2588 1035 2634 Id
1056 2606 1156 2634 cum
1178 2588 1359 2648 legisset,
1383 2588 1457 2648 qui
1479 2587 1905 2634 administrationem
1926 2586 2007 2633 sibi

204 2657 264 2703 rei
285 2656 485 2717 publicae
509 2657 660 2703 animo
683 2670 986 2716 proposuerat,
1011 2655 1178 2702 visendi
1202 2656 1291 2702 eius
1314 2670 1355 2702 et
1378 2654 1670 2715 cognoscendi
1693 2654 1875 2715 cupidus
1901 2653 2008 2701 mul-

202 2739 299 2771 tum
319 2739 535 2771 terrarum
553 2724 764 2771 sollicitus
786 2723 1009 2770 ambierat.
1029 2724 1265 2770 Praeterita
1279 2741 1454 2784 quoque
1476 2737 1516 2770 et
1534 2722 1693 2778 futura,
1710 2722 1847 2769 sicubi
1868 2721 2009 2769 occul—

203 2793 288 2839 tius
330 2789 615 2847 latitarent,¹0¹
661 2791 986 2851 diligentissime
1029 2792 1267 2851 vestigavit.
1310 2794 1427 2838 Cum
1470 2805 1615 2838 autem
1658 2790 1779 2837 nullo
1823 2789 1867 2836 id
1907 2789 2009 2836 loco

203 2875 353 2907 tamen
368 2860 625 2920 repperisset
645 2874 839 2920 essetque
857 2860 981 2906 omni
1000 2858 1088 2906 fere
1104 2859 1158 2906 ad
1171 2874 1445 2919 postremum
1463 2876 1537 2919 spe
1555 2873 1602 2905 ut
1620 2858 1805 2904 inveniri
1824 2856 2009 2918 amplius

202 2924 416 2988 posset,¹⁰²
458 2927 703 2983 destitutus,
741 2927 1030 2988 philosophus
1073 2928 1117 2973 in
1157 2941 1251 2974 rota
1290 2926 1395 2973 illud
1433 2926 1637 2973 ostendit.
1676 2930 1815 2973 Rotae
1851 2924 2007 2981 orbita,

284 3170 290 3193 ¹
310 3174 371 3212 Ed.
392 3174 463 3212 and
479 3174 600 3212 transl.
621 3176 696 3218 Par,
719 3178 792 3212 117.
