2118 3444
126 176 407 210 ORATIONS
1835 168 1925 209 243

126 315 336 376 aperiant3
355 332 464 375 quae
483 332 584 361 cum
604 314 764 361 intueri
782 313 840 361 ob
859 313 1061 361 locorum
1083 312 1308 361 intervalla
1324 331 1415 360 non
1434 313 1574 370 liceat,
1592 328 1787 361 oratores
1805 313 1859 361 ad
1874 328 1917 361 te

125 383 343 430 venimusc
365 397 413 429 ut
435 382 578 429 verbis
599 396 641 429 et
663 382 862 428 oratione
884 396 1033 428 nostra
1055 380 1100 428 id
1119 381 1240 442 quod
1262 381 1386 428 aliter
1404 382 1449 427 in
1468 382 1712 442 praesentia
1733 381 1934 429 demons-

125 451 230 497 trari
262 451 414 510 nequit
444 467 528 510 pro
559 449 724 496 viribus
757 449 1086 496 declararemus.
1118 453 1190 496 Est
1226 463 1372 496 autem
1405 449 1489 496 hoc
1522 450 1770 496 iniunctum
1805 449 1932 496 nobis

126 536 286 565 munus
305 532 353 564 ut
369 517 545 564 videtur
560 518 743 564 minime
761 516 955 573 difficile,
972 516 1150 577 quando
1168 516 1346 577 quidem
1363 516 1417 564 ad
1431 518 1742 564 amicissimum
1764 532 1806 564 et
1822 518 1933 578 opti-

125 603 195 633 me
226 585 436 633 affectum
464 586 630 632 civitati
659 599 832 632 nostrae
862 602 1006 645 regem
1037 599 1078 632 et
1107 584 1159 632 de
1188 584 1315 632 rebus
1344 585 1623 645 apertissimis
1655 599 1697 632 et
1723 603 1929 645 persuasu

125 653 342 700 facillimis
364 667 426 700 est
449 652 699 700 dicendum.

210 725 294 768 Res
310 721 429 767 enim
448 720 557 767 duae
572 735 688 776 sunt,
707 721 988 767 invictissime
1007 724 1114 776 Rex,
1131 738 1240 780 quae
1257 719 1435 780 quidem
1452 719 1507 767 ad
1519 738 1563 767 se
1580 719 1704 767 facile
1720 720 1932 768 inclinant

125 788 360 835 hominum
404 788 654 835 voluntates
692 787 990 849 videnturque·
1025 787 1360 849 quodammodo
1401 789 1615 848 imperare
1656 788 1928 835 mortalibus:

123 855 375 911 utilitatem,
406 855 520 912 dico,
549 870 591 903 et
621 856 910 903 honestatem.
941 857 1032 903 Etsi
1060 870 1160 903 sunt
1192 855 1396 903 nonnulli
1428 856 1503 916 qui
1531 873 1580 903 ea
1607 857 1723 903 inter
1748 874 1792 903 se
1821 856 1930 902 nihil

124 923 302 971 differre
319 918 543 979 asserant,d
560 938 710 970 tamen
728 941 808 970 nos
829 924 873 969 in
890 925 1134 984 praesentia
1149 923 1439 984 vulgatiorem
1458 938 1500 970 et
1515 923 1775 984 popularem
1798 925 1933 984 magis

123 993 384 1053 opinionem
405 993 631 1052 sequimur
648 1006 777 1053 atque
793 993 1020 1039 asserimus
1037 991 1225 1039 utilitate
1240 1006 1369 1053 atque
1387 991 1614 1039 honestate
1631 993 1850 1039 contineri
1867 1010 1933 1039 res

124 1060 336 1107 humanas
365 1060 517 1121 hisque
546 1060 712 1107 duabus
741 1060 793 1107 de
820 1061 955 1107 causis
980 1061 1260 1121 potissimum
1292 1060 1392 1107 duci
1419 1060 1620 1121 trahique
1647 1060 1849 1107 homines
1879 1060 1933 1108 ad

122 1128 469 1175 deliberandum.
500 1132 564 1175 Ut
593 1146 685 1175 non
713 1128 857 1175 solum
888 1127 1066 1175 foedera
1091 1143 1133 1175 et
1158 1129 1386 1176 societates
1412 1128 1470 1175 ob
1500 1146 1568 1175 eas
1596 1130 1759 1185 ineant,
1786 1128 1863 1175 sed
1889 1143 1931 1176 et

122 1195 235 1243 bella
268 1214 591 1257 nonnunquam
627 1197 877 1257 suscipiant,
913 1197 1187 1257 gravissimos
1223 1214 1419 1258 quosque
1454 1196 1624 1244 labores
1659 1215 1707 1244 ac
1737 1196 1932 1257 pericula

120 1264 319 1320 subeant,
359 1264 430 1311 alii
468 1264 648 1325 quidem
683 1264 968 1311 vitandorum
1008 1283 1133 1311 causa
1170 1264 1540 1312 detrimentorum
1578 1279 1620 1312 et
1657 1265 1821 1321 damni,
1860 1265 1932 1312 alii

122 1332 287 1392 nequid
305 1332 358 1379 de
376 1332 587 1392 dignitate
605 1347 734 1393 atque
753 1333 1012 1379 auctoritate
1029 1333 1307 1380 imminuant.
1330 1334 1373 1380 Si
1392 1333 1570 1393 quando
1590 1348 1737 1380 autem
1758 1333 1931 1380 honest-

122 1414 238 1447 atem
264 1418 366 1447 cum
393 1399 581 1447 utilitate
608 1401 891 1447 coniunctam
918 1400 1070 1447 vident
1095 1415 1143 1447 ut
1169 1400 1288 1448 nulla
1313 1402 1449 1461 possit
1480 1400 1699 1448 dubitatio
1723 1401 1926 1458 suboriri,

122 1467 231 1514 nihil
252 1482 314 1515 est
336 1469 524 1515 omnino
546 1468 668 1528 quod
688 1468 930 1515 deliberent
950 1468 1152 1516 homines
1173 1468 1420 1529 faciantque
1438 1469 1645 1516 libentius
1667 1470 1932 1530 cupiantque

121 1550 163 1583 et
183 1535 379 1583 stabilius
403 1554 491 1583 esse
514 1551 555 1583 et
576 1537 711 1596 magis
734 1536 1006 1583 diuturnum.

204 1603 377 1651 Foedus
395 1622 502 1651 vero
519 1604 635 1651 istud
652 1619 868 1661 nostrum,
888 1604 1009 1665 quod
1027 1623 1128 1652 cum
1147 1604 1417 1652 felicissimae
1436 1606 1675 1653 memoriae
1694 1605 1930 1667 Alphonso

119 1686 242 1732 patre
262 1686 342 1718 tuo
365 1673 503 1719 ictum
525 1679 604 1719 este
626 1687 755 1733 atque
775 1673 1053 1733 integerrime
1075 1674 1121 1719 in
1144 1673 1256 1720 hanc
1276 1691 1412 1734 usque
1435 1673 1553 1720 diem
1573 1675 1929 1735 sanctissimeque

119 1755 355 1796 servatum,
379 1741 439 1787 ita
459 1741 677 1788 existimat
697 1740 977 1788 Florentinus
999 1741 1189 1802 populus
1214 1757 1287 1790 aut
1306 1743 1521 1803 peperisse
1545 1757 1618 1790 aut
1640 1757 1756 1790 certe
1776 1761 1933 1803 magna

120 1826 172 1856 ex
200 1823 324 1869 parte
352 1827 627 1856 conservasse
658 1809 757 1856 urbi
788 1824 961 1857 nostrae
990 1825 1081 1857 tam
1111 1810 1364 1858 diuturnam
1393 1829 1548 1872 pacem
1576 1826 1624 1859 ut
1655 1829 1709 1859 ne
1738 1812 1928 1872 suspicio

120 1876 300 1937 quidem
317 1876 460 1937 aliqua
477 1877 695 1924 bellorum
715 1878 1017 1925 interturbarit
1034 1879 1189 1926 otium.
1211 1883 1318 1939 Age,
1336 1897 1456 1935 vero,
1475 1879 1581 1940 quid
1598 1879 1823 1927 honestius
1842 1898 1929 1927 esse

117 1959 264 2005 potest
283 1947 411 2005 pace?
434 1945 559 2004 Quid
581 1945 750 1992 utilius?
775 1945 915 2005 Quod
936 1964 1037 1993 cum
1061 1947 1120 1993 ita
1137 1961 1263 2007 putet
1284 1946 1564 1994 Florentinus
1586 1947 1776 2008 populus
1802 1962 1932 2008 atque

119 2013 247 2059 istam
278 2013 473 2073 quietem
505 2013 761 2060 avidissimis
796 2015 951 2061 animis
982 2015 1036 2061 sit
1068 2014 1336 2075 complexus,
1369 2016 1637 2062 sanctissime
1670 2015 1849 2076 quidem
1883 2017 1928 2062 in

119 2079 296 2127 foedere
320 2098 601 2140 perseverans
628 2081 686 2128 ob
713 2099 947 2142 prosperos
976 2100 1194 2130 successus
1223 2098 1322 2130 tuos
1350 2084 1723 2144 victoriarumque
1752 2098 1929 2131 tuarum

118 2147 417 2208 longissimam
454 2166 503 2195 ac
532 2167 773 2209 perennem
806 2151 977 2206 seriem,
1013 2150 1070 2197 ob
1106 2152 1225 2211 regni
1257 2151 1436 2198 tandem
1468 2152 1533 2198 tui
1566 2151 1849 2199 stabilitatem
1882 2170 1931 2199 ac

116 2217 473 2276 perpetuitatem,
493 2235 625 2277 quam
645 2218 808 2264 virtute
826 2217 1118 2279 felicitateque
1136 2233 1211 2266 tua
1230 2234 1530 2280 comparatam
1548 2219 1682 2276 videt,
1703 2221 1818 2267 miro
1839 2221 1926 2267 ani-

119 2301 297 2330 morum
319 2283 479 2344 gaudio
501 2284 680 2341 exultat,
711 2285 1082 2346 vehementerque
1101 2286 1301 2343 confidit,
1333 2305 1382 2334 ac
1398 2305 1482 2348 pro
1502 2302 1624 2334 certo
1644 2287 1774 2335 habet
1792 2288 1925 2348 pluri—

197 2594 210 2608 ⁰
222 2592 325 2639 Luigi
339 2591 584 2630 Guicciardini
595 2592 666 2630 and
680 2592 854 2631 Pandolfo
870 2593 1075 2631 Pandolfini
1086 2593 1156 2632 had
1169 2594 1260 2632 been
1272 2594 1406 2633 elected
1418 2595 1658 2633 ambassadom
1675 2608 1714 2634 to
1728 2595 1862 2645 Napl&
1877 2610 1929 2634 on

116 2645 160 2679 27
179 2642 307 2680 March
331 2646 416 2680 1465
438 2643 518 2687 and,
539 2643 629 2681 after
646 2644 734 2692 long
751 2644 963 2683 discussions
987 2647 1027 2682 in
1041 2646 1202 2694 pratiche,
1220 2650 1355 2695 Jacopo
1379 2647 1624 2685 Guicciardim'
1642 2662 1712 2685 was
1734 2647 1868 2686 elected
1887 2660 1927 2686 to

115 2695 193 2741 join
208 2694 384 2732 Pandolfo
403 2694 501 2742 (who
519 2695 589 2733 had
603 2696 785 2734 remained
802 2697 841 2733 in
855 2697 1001 2746 Naploe)
1020 2711 1072 2735 on
1090 2701 1104 2734 1
1123 2700 1262 2746 August
1283 2702 1368 2736 1465
1386 2699 1462 2746 (LC
1479 2702 1531 2743 15,
1548 2699 1611 2737 fol.
1631 2703 1772 2743 145r-v,
1790 2702 1852 2737 LC
1872 2703 1924 2743 16,

115 2745 179 2783 fol.
199 2750 251 2790 7r‚
272 2746 448 2784 Consulte
469 2761 487 2784 e
507 2747 669 2785 Pratiche
687 2751 741 2792 58,
762 2747 842 2786 fols.
866 2749 1043 2797 12v-18r).
1065 2749 1151 2787 This
1171 2751 1316 2788 oration
1333 2765 1404 2789 was
1423 2750 1602 2799 probably
1623 2752 1769 2789 written
1785 2751 1845 2789 for
1863 2751 1926 2789 the

114 2798 249 2837 second
264 2798 422 2847 legation
438 2799 571 2844 which,
587 2800 761 2849 although
777 2801 974 2850 ostensibly
990 2814 1031 2840 to
1047 2802 1195 2841 honour
1207 2803 1270 2841 the
1285 2805 1456 2852 marriage
1473 2803 1515 2842 of
1529 2804 1683 2853 Ippolita
1699 2804 1822 2842 Sforza
1839 2804 1930 2842 with

116 2853 313 2888 Ferrante's
329 2865 399 2889 son
417 2851 586 2896 Alfonso,
603 2852 699 2890 duke
717 2853 758 2891 of
776 2853 950 2898 Calabria,
969 2868 1040 2892 was
1060 2855 1100 2891 in
1115 2854 1186 2892 fact
1202 2867 1242 2892 to
1262 2867 1402 2893 cement
1418 2855 1629 2904 diplomatic
1648 2856 1817 2894 relations
1836 2856 1927 2894 with

115 2902 261 2950 Naplae,
281 2903 468 2951 especially
486 2903 576 2941 after
591 2903 654 2942 the
670 2905 948 2953 imprisonment
967 2905 1038 2943 and
1052 2905 1159 2944 death
1176 2906 1217 2944 of
1229 2910 1363 2955 Jacopo
1383 2908 1567 2945 Piccinino
1585 2909 1624 2944 in
1639 2907 1774 2956 Naples
1793 2909 1833 2945 in
1844 2908 1928 2956 July

117 2954 184 3001 (see
204 2957 229 2991 I:
247 2958 303 2998 21,
322 2966 409 2992 note
428 2954 477 3003 (b)
497 2955 635 3004 above).

195 3006 212 3031 ἀ
230 3014 372 3057 Cicero,
389 3015 445 3051 De
460 3013 589 3062 officiis,
612 3017 687 3058 11‚9.

196 3075 208 3089 ‘
226 3070 383 3109 Alfonso
401 3071 550 3110 acceded
568 3084 608 3110 to
626 3072 689 3110 the
707 3075 813 3111 Peace
831 3073 872 3111 of
890 3074 990 3118 Lodi,
1009 3074 1131 3112 which
1148 3074 1217 3113 had
1234 3075 1326 3113 been
1343 3075 1542 3114 concluded
1561 3076 1725 3114 between
1743 3076 1925 3121 Florence‚

115 3123 249 3160 Venice
264 3122 335 3161 and
349 3123 466 3161 Milan
480 3124 519 3161 in
536 3127 634 3168 1454,
652 3125 691 3161 in
707 3128 804 3169 1455,
820 3139 876 3163 see
894 3126 1096 3171 GNebbia,
1115 3129 1175 3164 ‘La
1189 3126 1264 3175 lega
1278 3127 1393 3165 italica
1406 3127 1463 3165 del
1482 3131 1579 3166 1455:
1595 3142 1657 3166 sue
1674 3128 1820 3166 vicende
1836 3142 1854 3166 e
1867 3143 1931 3166 sua

116 3174 379 3213 rinnovazione
395 3175 454 3213 nel
474 3178 586 3220 1470,‘
602 3176 768 3214 Archivio
784 3181 906 3215 storico
924 3177 1116 3222 lombardo,
1134 3192 1197 3216 ns.
1217 3184 1239 3216 4
1257 3179 1383 3227 (1939),
1407 3183 1551 3217 118—19.
