2124 3458
115 172 298 207 ESSAYS
1823 161 1913 202 349

116 310 296 358 militiae
327 307 483 357 ducis⁶⁹
513 308 629 369 apud
659 326 738 355 nos
768 313 1024 363 oratorem,z
1053 324 1228 367 gravem
1256 324 1357 354 sane
1387 307 1530 353 virum
1561 321 1690 367 atque
1720 306 1764 352 in
1794 307 1918 353 omni

115 378 342 426 doctrinae
363 394 519 437 genere
544 375 844 431 excellentem,
867 376 995 422 nosti.
1023 374 1071 422 Id
1093 374 1201 421 mihi
1227 374 1347 435 quod
1372 374 1559 421 riderem
1583 374 1740 421 nudius
1766 375 1920 421 tertius

115 446 347 501 enarravit,
367 462 468 492 cum
491 462 560 491 me
582 443 696 491 forte
717 458 894 490 euntem
916 443 961 489 in
982 443 1147 490 curiam
1169 460 1259 503 quo
1280 457 1321 489 et
1342 443 1430 503 ipse
1450 439 1846 503 proficiscebatur⁷0
1868 441 1922 489 ad

115 512 502 574 archiepiscopales
530 511 655 559 aedes
682 512 969 566 convenisset,
998 525 1127 571 atque
1155 511 1269 557 inter
1294 510 1489 557 eundum
1521 509 1585 557 his
1614 509 1667 557 de
1694 510 1834 566 rebus,
1865 509 1918 557 de

114 581 272 642 quibus
297 598 415 627 nunc
436 580 720 640 disputamus,
744 596 904 635 sermo,
926 596 949 625 a
971 596 1039 626 me
1062 579 1254 639 quaesita
1272 579 1499 625 occasione
1522 592 1570 625 ut
1591 579 1681 625 eius
1702 595 1833 638 super
1854 578 1919 625 his

113 649 377 696 sententiam
401 662 712 708 pertentarem,
736 646 967 694 incidisset:
993 647 1206 693 ventitare
1227 645 1389 693 scilicet
1413 663 1456 692 se
1480 645 1716 706 aliquando
1739 645 1919 693 solitum

114 718 159 763 in
177 716 410 777 ampullosi
430 715 655 762 cuiusdam
674 729 803 775 atque
819 715 935 761 avari
950 715 995 760 in
1010 715 1163 774 primis
1183 714 1388 770 hominis,
1409 714 1483 774 qui
1498 731 1542 760 se
1558 728 1707 760 tamen
1724 714 1920 760 iurecon-

112 784 398 831 sultissimum
426 783 574 830 haberi
595 782 740 838 vellet,
762 782 982 828 librariam
1006 781 1247 837 tabernam,
1270 782 1658 842 conspicatumque
1682 780 1810 828 fuisse
1833 796 1920 828 tres

112 851 329 899 librorum
355 852 400 897 in
424 868 473 898 ea
493 850 682 906 ordines;
706 867 806 897 cum
830 864 976 897 autem
1000 849 1106 910 quid
1127 867 1175 896 ea
1193 849 1274 896 sibi
1298 848 1427 896 vellet
1449 849 1672 896 diversitas
1694 850 1918 910 investiga-

112 934 196 968 sset
222 919 484 980 diligentius,
514 933 793 979 compertum
820 932 969 965 tamen
994 935 1018 965 a
1039 935 1082 965 se
1109 916 1236 965 fuisse
1263 932 1331 965 tot
1357 917 1409 965 ab
1436 917 1512 964 illo
1538 916 1676 965 factos
1701 917 1917 964 librorum

113 988 303 1044 ordines,
324 1002 433 1048 quot
453 1004 541 1034 esse
558 1001 741 1048 possunt
764 986 964 1033 advocati
980 1001 1137 1047 partes3
1157 1000 1285 1047 atque
1305 1003 1378 1033 eos
1398 985 1577 1046 quidem
1597 986 1671 1046 qui
1688 1003 1772 1046 pro
1793 1004 1918 1033 causa

113 1071 268 1112 essent,
296 1073 436 1103 unum
469 1054 745 1115 eundemque
776 1055 821 1101 in
850 1054 998 1102 locum
1030 1054 1281 1110 collocatos3
1313 1055 1358 1100 in
1389 1053 1574 1101 alterum
1602 1072 1709 1101 vero
1739 1072 1813 1101 eos
1843 1054 1918 1114 qui

113 1139 268 1172 contra
285 1141 411 1171 causa
426 1124 653 1179 sentirent;
670 1141 866 1170 seorsum
887 1123 962 1183 qui
977 1123 1306 1183 suspensionem
1330 1140 1479 1169 causae
1495 1122 1917 1183 perplexitatemque

113 1192 386 1248 inducerent3
412 1192 685 1238 consuevisse
713 1209 820 1238 vero
845 1190 1072 1246 adducere,
1096 1208 1197 1238 cum
1223 1190 1347 1238 litem
1373 1191 1418 1236 in
1442 1208 1486 1237 se
1510 1191 1763 1251 suscepisset
1789 1205 1919 1251 atque

112 1261 344 1321 accepisset
363 1259 415 1306 de
432 1277 556 1306 more
578 1277 812 1306 nummum
835 1277 1028 1315 aureum,
1049 1277 1073 1306 a
1089 1277 1133 1306 se
1149 1273 1370 1319 susceptae
1389 1258 1476 1306 litis
1493 1259 1689 1319 primum
1708 1259 1916 1319 pretium,

113 1329 158 1375 in
178 1327 493 1375 bibliothecam
512 1328 748 1375 ternariam
766 1327 971 1374 clientem
990 1341 1052 1383 ut,
1071 1328 1130 1374 ita
1147 1327 1390 1388 conspectis
1409 1326 1650 1383 ordinibus,
1672 1327 1718 1373 in
1737 1344 1813 1374 sua
1831 1344 1919 1374 esse

112 1415 246 1444 manu
267 1396 526 1456 intelligeret
543 1410 638 1443 tota
655 1395 919 1443 iudiciorum
941 1395 1179 1443 fortunam:
1200 1396 1289 1443 sive
1309 1395 1472 1443 diluere
1492 1395 1630 1442 aliena
1649 1410 1690 1442 et
1709 1394 1916 1442 confirm-

112 1483 183 1512 are
203 1479 279 1511 tua
298 1465 387 1511 sive
409 1464 663 1524 ambiguum
690 1463 829 1510 facere
851 1463 1039 1510 iudicem
1061 1478 1190 1524 atque
1211 1464 1346 1510 animi
1367 1481 1623 1524 suspensum
1650 1463 1785 1510 malis.

195 1532 349 1579 Talem
366 1531 494 1578 fuisse
513 1531 738 1592 quondam
755 1532 959 1578 Minoem
977 1531 1236 1578 crediderim
1252 1546 1325 1578 aut
1341 1535 1537 1578 Aeacum
1554 1546 1627 1578 aut
1644 1531 1919 1578 Rhadaman·

112 1615 222 1657 tum,
246 1599 368 1661 quod
390 1600 522 1647 etiam
544 1599 660 1660 apud
680 1598 843 1646 inferos
866 1600 1024 1647 Graeci
1045 1599 1102 1646 ob
1127 1600 1335 1647 iustitiam
1359 1600 1623 1646 constitutos
1646 1617 1733 1646 esse
1756 1598 1918 1646 iudices

111 1668 369 1716 umbrarum
399 1667 542 1729 lepide
572 1665 934 1715 confinxerunt.⁷¹
968 1669 1121 1729 Atqui,
1151 1682 1199 1715 ut
1230 1669 1288 1715 ait
1318 1672 1590 1725 Homerus,¹²
1620 1668 1771 1715 Minos
1803 1668 1917 1715 Iovis

111 1736 194 1784 fuit
214 1736 331 1784 filius
354 1755 603 1798 novemque
627 1754 765 1784 annos
786 1736 943 1797 quibus
967 1740 1125 1784 Cretae
1146 1737 1375 1798 imperavit
1398 1736 1652 1798 frequenter
1670 1755 1771 1784 cum
1793 1751 1916 1798 patre

110 1805 297 1861 locutus,
325 1805 370 1852 id
392 1819 454 1852 est
478 1823 579 1852 cum
606 1805 774 1852 ratione
798 1819 839 1852 et
863 1819 1029 1852 natura.
1055 1804 1179 1864 Quid
1204 1820 1266 1852 est
1290 1806 1407 1852 enim
1433 1806 1629 1866 Iuppiter
1653 1805 1790 1852 aliud?
1815 1809 1922 1866 Reg-

111 1873 245 1921 nandi
280 1873 333 1920 ab
367 1891 421 1920 eo
454 1888 686 1934 praecepta
719 1873 909 1920 edidicit.
944 1873 1076 1920 Unde
1110 1891 1290 1921 aureum
1327 1888 1480 1920 tenens
1511 1888 1733 1934 sceptrum
1773 1874 1835 1934 (ut
1871 1874 1916 1919 in

113 1941 285 1989 Odissea
307 1941 424 1989 idem
442 1956 576 2002 poeta
597 1942 769 2002 cecinit)
793 1941 922 1988 iudex
943 1956 1005 1989 est
1026 1959 1180 1989 eorum
1204 1943 1279 2002 qui
1299 1941 1402 1989 hinc
1424 1942 1632 1989 abeuntes
1652 1941 1731 1989 sub
1754 1956 1916 1989 terram

108 2009 331 2070 proficisci
365 2009 605 2056 creduntur
635 2009 690 2056 ad
720 2027 880 2056 manes.
917 2010 1010 2069 Qui
1043 2024 1085 2056 et
1115 2009 1232 2057 solus
1265 2028 1461 2057 seorsum
1495 2010 1648 2057 sedens
1683 2011 1745 2070 (ut
1778 2010 1836 2057 ait
1868 2011 1914 2056 in

113 2080 273 2138 Gorgia
315 2071 497 2137 Plato)bb
541 2078 675 2124 Aeaci
717 2077 1097 2138 Rhadamantique
1137 2079 1372 2125 sententias
1415 2077 1634 2139 expendit.
1677 2077 1915 2139 Numquid

110 2145 328 2201 Aristidis,
352 2163 453 2192 cum
477 2146 592 2192 iusto
615 2145 812 2193 fecerunt
833 2161 1194 2206 cognomentum,
1219 2161 1291 2193 aut
1314 2147 1512 2202 Catonis,
1536 2147 1657 2194 cuius
1680 2161 1742 2194 est
1763 2147 1917 2194 severi-

109 2214 209 2260 tatis
228 2228 270 2260 et
290 2214 477 2260 iustitiae
497 2213 613 2274 apud
632 2232 713 2261 nos
734 2213 850 2261 fama
869 2215 1059 2274 insignis,
1084 2214 1129 2261 id
1147 2214 1341 2261 studium
1362 2214 1540 2261 tandem
1562 2214 1665 2261 fuit?
1686 2218 1914 2262 Persarum

107 2282 247 2341 pueri,
269 2295 318 2328 ut
341 2296 403 2328 est
425 2281 541 2341 apud
562 2281 910 2342 Xenophontem
936 2282 981 2328 in
1006 2281 1312 2342 Cyropaedia,cc
1336 2282 1390 2329 ad
1410 2283 1638 2342 magistros
1662 2282 1916 2329 ediscendae

110 2349 296 2396 iustitiae
321 2367 447 2396 causa
470 2350 722 2406 mittuntur,
747 2364 1069 2411 conterantque
1094 2349 1211 2397 diem
1234 2351 1279 2396 in
1304 2350 1478 2411 agendis
1501 2365 1630 2411 atque
1652 2351 1697 2397 in
1722 2350 1917 2398 dicendis

109 2418 257 2464 causis.
290 2418 384 2476 Qui
414 2416 528 2464 forte
559 2432 621 2464 est
652 2418 846 2465 criminis
876 2419 1103 2465 convictus
1134 2433 1206 2465 aut
1237 2417 1345 2465 falso
1375 2419 1605 2475 accusavit,
1635 2418 1708 2466 dat
1735 2437 1912 2479 poenas.

107 2488 305 2532 Naturae
320 2484 523 2532 videlicet
537 2486 704 2532 semina
722 2500 764 2532 et
780 2486 974 2542 rationis,
992 2504 1101 2547 quae
1116 2501 1217 2533 sunt
1235 2487 1280 2532 in
1299 2487 1457 2534 nostris
1476 2486 1697 2534 mentibus
1716 2486 1915 2534 fundam·

108 2567 210 2600 enta
226 2553 427 2609 iustitiae,
446 2554 633 2600 excitare
646 2571 726 2614 per
742 2572 785 2601 se
803 2554 974 2610 volunt,
995 2554 1251 2615 habitusque
1271 2554 1476 2602 inducere
1496 2555 1541 2601 in
1560 2556 1731 2602 animos
1751 2556 1912 2602 iunior-

108 2638 185 2667 um
204 2620 362 2681 quibus
381 2620 538 2668 deinde
554 2621 713 2668 iudicia
728 2622 914 2669 rectiora
928 2621 1036 2669 fiant
1055 2640 1186 2683 quam
1204 2622 1269 2669 his
1285 2637 1376 2669 tam
1393 2622 1584 2670 confusis
1601 2624 1786 2683 scriptis,
1804 2641 1913 2683 quae

107 2703 240 2748 poeta
261 2689 306 2734 in
328 2692 474 2748 Satyra
497 2689 641 2749 legum
664 2704 792 2736 vocat
813 2684 1109 2750 aenigmata.dd

189 2944 203 2960 ²
221 2942 287 2978 On
304 2940 479 2979 Pandolfo
499 2941 746 2986 Collenuccio,
763 2956 819 2980 see
838 2945 863 2986 Ι,
880 2941 986 2980 letter
1001 2946 1078 2987 225,
1097 2955 1183 2980 note
1199 2942 1235 2991 d)
1255 2943 1380 2981 above.

189 3004 215 3018 ¹²
232 3002 385 3043 Homer,
408 2999 525 3048 Odyss.
544 3003 605 3044 XI,
625 3003 702 3044 568,
720 3000 764 3038 cf.
784 3000 895 3045 Plato,
912 3004 1025 3038 Minos
1042 3004 1108 3039 319
1128 3004 1165 3045 B,
1182 3004 1279 3039 Laws
1298 3004 1392 3039 1.624
1411 3005 1448 3038 B.

188 3051 220 3076 '³¹’
240 3057 352 3101 Plato,
373 3059 515 3106 Gorgias
534 3061 600 3096 524
617 3060 663 3096 A.

189 3119 216 3133 ‘³⁰
232 3115 455 3165 Xenophon,
475 3116 686 3165 Cyropaedia
704 3118 825 3155 I.ii.l4.

188 3167 221 3192 Μ
234 3173 395 3220 Juvenal,
414 3175 632 3227 Sat.V111,5Q.
