2072 3450
179 160 270 199 542
411 190 413 193 .
847 158 904 198 V:
935 159 957 198 3
1532 165 1784 200 TEXTUAL
1808 166 1984 202 NoTl-:s
2067 143 2069 148 ’

263 299 276 321 ³
290 313 488 350 putaretur:
503 313 709 350 putaremus
725 303 788 338 MS

263 352 277 373 ⁴
290 355 449 391 SCALA
465 353 634 396 tit.add1d‚
650 364 682 390 et
690 364 804 402 postea

263 405 275 427 ⁵
291 408 439 456 inquam
453 418 610 456 suprascr.
629 408 692 444 MS

263 457 276 480 ⁶
291 460 402 497 aiunt:
418 472 478 497 aut
492 461 556 497 MS

263 511 276 533 ⁷
289 514 421 550 vivam:
437 514 562 550 vivum
576 515 639 550 MS

263 563 275 585 ⁸
290 565 344 602 fit:
359 566 403 602 sit
417 567 481 602 MS

262 616 276 638 ⁹
290 620 492 656 COSMUS
508 621 545 655 in
561 618 747 667 margadd.
765 620 828 655 MS
842 629 875 655 et
882 629 996 667 postea

265 669 291 691 ¹⁰
305 670 418 708 edere:
435 685 506 708 esse
521 672 585 708 MS

264 723 289 744 ¹¹
304 724 557 762 consideranti:
572 724 800 762 considerans
816 726 878 762 MS

264 775 290 797 ¹²
305 777 422 814 abesse
435 776 558 814 addidi

264 828 289 851 ¹³
305 830 418 868 illurn:
435 830 524 868 illud
537 832 600 868 MS

264 881 290 903 ¹⁴
304 895 364 920 aut
373 894 450 932 post
465 883 621 932 impulsu
635 882 747 920 delevi

264 935 289 957 ¹⁵
304 938 508 974 Zoroaster:
523 937 713 974 zoroastes
729 939 792 974 MS

264 987 289 1009 ¹⁶
303 989 471 1026 detestor:
487 988 639 1026 detester
654 991 718 1026 MS

264 1041 290 1062 ¹⁷
304 1045 532 1080 Euemerum:
550 1045 791 1080 Euementum
807 1044 870 1080 MS

263 1093 288 1114 ¹⁸
304 1094 492 1132 inducunt:
509 1094 717 1132 inducentes
731 1097 794 1131 MS

263 1146 289 1168 ¹⁹
303 1149 543 1185 nominantur
553 1147 676 1185 addidi

260 1198 290 1221 ²0
303 1215 434 1238 sensus:
452 1201 543 1238 sensi
559 1202 622 1238 MS

260 1252 287 1274 ²¹
303 1254 534 1303 cartilagines:
549 1254 777 1303 cathilagines
791 1256 854 1291 MS

260 1304 288 1326 ²²
303 1319 337 1343 et
346 1317 423 1355 post
437 1306 552 1354 Quod
565 1306 677 1343 delevi

260 1357 287 1380 ²³
302 1374 337 1397 se
351 1359 474 1396 addidi

259 1409 289 1431 ²⁴
302 1411 450 1449 morbis:
467 1411 630 1449 moribus
646 1414 710 1449 MS

259 1463 287 1485 ²⁵
303 1465 518 1502 obnoxium:
534 1465 716 1502 obnoxios
730 1467 793 1502 MS

259 1515 288 1537 ²⁶
302 1517 533 1566 Amphiarai&
548 1517 748 1566 Amphirae
762 1519 825 1555 MS

259 1569 288 1590 ²⁷
302 1571 400 1609 dum:
417 1571 575 1620 dumque
592 1573 655 1608 MS

259 1621 287 1643 ²⁸
302 1638 378 1661 non
391 1635 474 1661 ante
486 1624 630 1661 sensisse
645 1623 757 1661 delevi

259 1675 288 1697 ²⁹
301 1678 458 1726 stuporis
475 1678 523 1715 in:
539 1678 576 1714 in
591 1678 747 1726 stuporis
763 1679 826 1715 MS

260 1728 288 1750 ³⁰
302 1730 539 1767 honestatem:
556 1729 723 1767 honestas
738 1732 800 1767 MS

259 1781 286 1803 ³¹
302 1784 365 1820 etsi
378 1794 461 1820 ante
473 1796 556 1820 sunt
569 1783 647 1820 add.
665 1785 728 1820 MS

260 1833 287 1855 ³²
302 1837 450 1872 otiosos:
467 1834 598 1872 otiosas
614 1838 678 1873 MS

259 1886 286 1909 ³³
302 1888 442 1938 quibus:
459 1890 515 1926 cui
530 1891 594 1926 MS

259 1939 287 1961 ³⁴
301 1944 474 1990 Anystus:
490 1944 652 1979 Anustus
668 1943 731 1979 MS

259 1993 286 2015 ³⁵
301 1995 509 2044 spectacula:
525 1995 715 2044 spectanda
730 1997 793 2033 MS

259 2045 287 2068 ³⁶
301 2047 477 2085 aberrent:
493 2047 631 2085 aberret
646 2050 709 2085 MS

259 2099 287 2121 ³⁷
300 2101 507 2150 voluptatis:
522 2101 688 2150 voluptas
702 2103 765 2138 MS

258 2151 286 2173 ³⁸
301 2154 543 2202 insanamque:
561 2154 805 2202 insaniamque
821 2155 884 2191 MS

258 2204 286 2227 ³⁹
301 2206 553 2256 quodcunque:
571 2222 788 2256 quocunque
803 2209 866 2244 MS

257 2256 287 2279 ⁴⁰
300 2258 485 2296 fateamur:
502 2258 656 2296 fatemur
671 2261 734 2296 MS

257 2310 284 2332 ⁴¹
300 2312 508 2350 admodum:
527 2313 683 2350 admodo
701 2315 764 2350 MS

257 2362 286 2385 ⁴²
300 2377 334 2402 te
347 2364 470 2402 addidi

257 2416 285 2439 ⁴³
299 2434 383 2456 vera
391 2430 467 2467 post
481 2418 757 2468 praeclarissima
770 2419 832 2456 del.
849 2421 912 2457 MS

257 2469 286 2491 ⁴⁴
300 2471 419 2508 Milita
432 2501 439 2508 .
456 2501 462 2508 .
478 2501 485 2508 .
502 2471 661 2509 hominis
675 2486 714 2509 ex
727 2471 897 2509 Militiam
911 2484 961 2509 est
976 2471 1141 2509 humanis
1155 2487 1236 2509 corr.
1255 2474 1317 2509 MS

257 2522 284 2544 ⁴⁵
299 2525 469 2573 vagitum:
486 2525 622 2573 vagitus
638 2527 701 2562 MS

256 2574 285 2597 ⁴⁶
300 2589 495 2614 moventur
507 2576 630 2614 addidi

257 2628 285 2650 ⁴⁷
299 2643 333 2667 et
348 2661 355 2667 .
371 2661 378 2667 .
396 2661 402 2667 .
417 2645 505 2679 quae
521 2645 559 2667 ex
572 2630 843 2680 delusionesque
859 2634 987 2668 correxi

256 2680 284 2702 ⁴⁸
299 2697 382 2719 cum
396 2682 518 2719 addidi

256 2734 285 2756 ⁴⁹
299 2737 476 2785 Hegesias:
495 2737 662 2785 Hagesias
679 2738 742 2774 MS

257 2786 286 2808 ⁵⁰
299 2788 385 2837 quid
395 2799 471 2837 post
485 2789 759 2836 Hieronymum
772 2788 883 2826 delevi

257 2839 283 2861 ⁵¹
299 2843 359 2890 qui
375 2871 381 2878 .
399 2871 406 2878 .
422 2872 429 2878 .
445 2841 692 2879 iudicaverunt
707 2856 745 2879 ex
757 2842 812 2879 vel
827 2872 928 2879 .....
943 2842 1198 2879 iudicaverunt.
1214 2843 1290 2890 Qui

257 2891 284 2913 ⁵²
298 2905 489 2942 propterea
501 2904 584 2930 ante
596 2893 695 2942 quod
708 2893 819 2930 delevi

257 2944 284 2966 ⁵³
298 2948 403 2995 tergis
418 2948 536 2984 versis:
553 2948 660 2984 versis
674 2948 778 2995 tergis
793 2949 856 2984 MS

257 2996 285 3018 ⁵⁴
300 3013 317 3035 a
331 2998 405 3035 dea:
422 2998 465 3035 ab
479 2998 547 3035 deo
564 3000 638 3042 MS,
654 3002 782 3035 correxi

257 3049 284 3071 ⁵⁵
298 3051 410 3088 dulcis
426 3066 464 3088 ex
477 3052 591 3088 suavis
606 3066 689 3088 corr.
707 3054 770 3088 MS

257 3101 285 3123 ⁵⁶
299 3103 517 3140 consoletur:
533 3103 740 3140 consolatur
754 3105 817 3140 MS

257 3154 285 3176 ⁵⁷
300 3171 328 3193 a:
344 3157 387 3194 ab
402 3159 465 3194 MS
