2118 3444
240 165 331 205 222
1827 174 1965 207 PART
1990 175 2043 208 111

325 310 503 371 Duplex
524 324 670 357 autem
689 309 865 357 videtur
881 328 933 357 ex
954 310 1032 357 hac
1050 310 1362 358 deliberatione
1382 326 1523 358 vestra
1539 329 1626 358 esse
1646 311 1700 358 ad
1716 330 1808 358 rem
1826 312 2048 373 publicam

240 393 430 426 vestram
448 392 720 438 proventura
741 378 917 434 utilitas,
938 392 985 425 ut
1008 378 1200 434 militiae,
1221 393 1267 425 ut
1289 378 1411 425 domi
1433 379 1597 426 fructus
1619 397 1670 426 ex
1690 397 1738 427 ea
1757 380 2046 440 amplissimos

240 444 496 494 bellorum⁵⁰
523 461 564 493 et
586 447 703 506 pacis
724 446 1017 506 pulcherrime
1042 447 1301 506 percipiatis.
1328 451 1417 493 Iam
1442 448 1559 493 enim
1584 447 1780 494 militaris
1806 447 1876 495 illa
1897 447 2048 495 Sforti—

240 533 322 562 ana
349 515 463 561 avita
489 514 717 574 disciplina
742 515 958 560 severiore
987 514 1133 574 aliquo
1161 515 1362 561 omnium
1393 533 1531 575 prope
1560 533 1773 562 consensu
1802 533 1981 563 censore
2009 530 2050 563 et

240 597 490 630 correctore
509 597 616 643 eget.
636 582 786 629 Multo
807 583 924 629 enim
945 583 1214 643 conspicitur
1235 583 1375 630 maior
1393 584 1507 630 intra
1525 598 1662 630 castra
1680 602 1825 630 rerum
1845 585 2047 631 omnium

239 652 416 698 licentia
433 669 565 712 quam
587 651 697 698 bene
719 652 940 698 institutae
963 650 1141 698 militiae
1162 652 1407 698 conveniat.
1429 655 1469 697 A
1490 670 1575 712 qua
1593 652 1786 712 quidem,
1807 653 1841 699 si
1862 652 1942 700 diis
1961 652 2048 713 pla-

240 734 322 775 cet,
338 721 423 766 iam
442 737 522 765 nos
540 719 749 765 habemus
766 737 850 779 pro
867 719 1094 765 severitate
1109 720 1287 779 antiqua
1302 734 1550 766 castrorum>
1563 720 1945 776 incontinentiam3
1962 739 2046 781 pro

238 788 448 847 parcitate
470 786 702 842 luxuriam,
727 804 811 847 pro
834 786 1096 833 abstinentia
1117 805 1264 833 earum
1290 805 1435 834 rerum
1459 805 1567 847 quae
1592 787 1783 835 militum
1807 803 1907 835 sunt
1933 806 2050 835 corn-

239 856 368 902 missa
402 854 505 902 fidei
539 855 708 915 rapinas
743 854 1132 915 aedificiorumque
1167 855 1367 902 incendia
1399 870 1440 902 et
1471 855 1738 916 direptiones
1771 857 2050 904 vastationes-

239 921 357 984 que⁵¹
389 941 594 983 agrorum
624 937 879 970 nostrorum
911 937 1039 983 atque
1065 923 1306 979 socialium3
1337 923 1493 984 quibus
1523 923 1700 984 quidem
1730 924 1837 970 nihil
1868 939 1930 972 est
1958 923 2047 972 fere

238 991 359 1052 quod
380 991 597 1038 crudelius
616 991 668 1038 ab
689 991 886 1038 hostibus
907 1006 979 1038 aut
999 991 1283 1039 miserandius
1302 992 1700 1052 pertimescendum
1720 993 1878 1040 veniat.
1897 997 2049 1040 Mores

237 1075 337 1107 sunt
360 1061 446 1106 iam
466 1059 737 1115 restituendi,
758 1060 994 1106 Constanti
1014 1059 1188 1116 Sfortia,
1206 1061 1370 1120 priscae
1389 1060 1630 1107 Sfortianae
1650 1060 1843 1117 militiae,
1863 1079 1911 1108 ac
1927 1079 2046 1122 prae-

238 1142 364 1188 cepta
381 1127 494 1174 illius
515 1127 766 1188 disciplinae
787 1142 964 1174 auctore
984 1129 1068 1174 iam
1089 1142 1130 1175 te
1148 1146 1195 1175 ac
1212 1128 1320 1175 duce
1339 1128 1602 1175 renovanda.
1624 1129 1763 1188 Quod
1780 1147 1859 1176 vos
1876 1147 2047 1190 sperare

238 1196 405 1243 debetis
425 1195 643 1256 profecto,
667 1195 926 1251 Florentini‚
948 1196 982 1242 si
1005 1214 1158 1242 verum
1183 1196 1226 1242 id
1247 1211 1307 1243 est
1331 1196 1451 1256 quod
1472 1196 1603 1257 vulgo
1627 1196 1772 1244 ferunt
1795 1212 1836 1244 et
1854 1197 2046 1258 philoso-

235 1264 314 1324 phi
345 1263 639 1324 comprobant
673 1278 714 1310 et
742 1263 914 1310 Plato:rn
942 1263 1046 1310 tales
1075 1279 1116 1310 et
1145 1265 1259 1324 ipsos
1291 1282 1377 1311 esse
1407 1279 1611 1324 oportere
1641 1266 1715 1325 qui
1745 1279 1966 1325 reguntur,
1996 1280 2044 1312 ut

238 1350 393 1379 eorum
416 1346 517 1379 sunt
540 1332 771 1392 principes.

323 1405 412 1447 Iam
434 1418 541 1447 vero
562 1400 695 1447 altera
715 1400 841 1447 huius
864 1400 949 1447 loci
971 1418 1069 1461 pars
1091 1400 1413 1448 evidentissima
1433 1415 1508 1448 est.
1530 1401 1758 1448 Dividitur
1779 1402 1923 1448 omnis
1945 1402 2048 1458 vita,

236 1468 476 1515 Aristotele
499 1476 644 1524 teste,¹¹
664 1469 709 1514 in
733 1469 875 1515 otium
899 1483 940 1515 et
962 1469 1203 1528 negotium,
1226 1468 1477 1529 bellumque
1501 1484 1542 1516 et
1562 1487 1730 1530 pacem;
1753 1484 1794 1516 et
1815 1470 2042 1529 negotium

237 1536 417 1597 quidem
441 1537 699 1596 suscipimus
726 1551 910 1596 propter
936 1537 1092 1592 otium,
1121 1536 1284 1583 bellum
1313 1538 1500 1597 gerimus
1526 1551 1709 1598 propter
1732 1555 1901 1598 pacem,
1926 1552 1974 1584 ut
2001 1538 2046 1584 in

235 1604 333 1652 utili
364 1623 540 1665 quoque
572 1604 692 1665 quod
719 1619 903 1665 propter
933 1604 1167 1652 honestum
1200 1619 1261 1652 est
1291 1606 1463 1652 evenire
1491 1606 1730 1653 consuevit.
1763 1605 1888 1665 Quid
1917 1606 2049 1666 igitur

236 1673 500 1729 decrevistis,
522 1672 782 1729 Florentini‚
806 1674 850 1719 in
870 1675 997 1734 pace?
1018 1677 1194 1734 Nempe
1217 1673 1337 1734 quod
1360 1673 1413 1721 ad
1431 1673 1793 1734 tranquillitatem
1815 1673 2048 1721 defenden-

236 1741 337 1788 dam
366 1756 407 1788 et
433 1759 587 1802 pacem
613 1742 894 1802 potissimum
924 1742 1128 1802 pertinet.
1155 1746 1275 1789 Nam
1305 1743 1378 1803 qui
1407 1743 1466 1789 ita
1491 1743 1739 1799 instructos,
1769 1743 1828 1790 ita
1853 1757 2044 1790 armatos

235 1810 494 1870 intelligent,
529 1809 780 1857 efficientur
810 1810 1105 1871 proculdubio
1141 1810 1195 1858 ad
1226 1810 1522 1858 lacessendum
1556 1812 1734 1872 vimque
1770 1811 2043 1859 inferendam

235 1893 365 1939 atque
386 1876 626 1925 iniuriam-‘³2
652 1878 877 1926 tardiores.
900 1879 1067 1926 Illatam
1088 1897 1194 1926 vero
1215 1879 1357 1926 multo
1377 1881 1578 1940 poteritis
1599 1880 1852 1940 propulsare
1877 1879 2043 1927 facilius

235 1961 276 1993 et
303 1947 544 2002 restituere,
570 1946 709 1993 aliena
735 1965 827 1993 non
852 1961 994 1994 vestra
1018 1947 1144 2007 culpa
1167 1948 1201 1994 si
1230 1947 1273 1994 id
1298 1947 1560 2008 quandoque
1587 1947 1805 2004 acciderit,
1829 1947 2043 1995 violatum

235 2015 378 2061 otium
404 2029 445 2061 et
467 2015 771 2074 quietudinem
798 2016 1062 2062 constituere
1087 2013 1163 2062 et53
1187 2033 1339 2075 pacem
1364 2017 1561 2062 civitatis.
1586 2016 1809 2076 Siquidem
1835 2034 1935 2063 cum
1961 2015 2046 2063 for-

234 2083 288 2129 tis
309 2097 500 2129 armatus
523 2082 713 2129 custodit
735 2084 895 2130 atrium
915 2101 1057 2139 suum,
1082 2084 1126 2129 in
1146 2101 1251 2144 pace
1271 2098 1371 2130 sunt
1396 2098 1552 2131 cuncta
1571 2102 1679 2144 quae
1699 2083 1905 2145 possidet,
1927 2098 1975 2131 ut
1997 2084 2043 2130 in

233 2166 507 2198 sacrosancta
536 2151 782 2212 evangelica
809 2151 1010 2199 doctrina
1037 2153 1248 2213 scriptum
1280 2160 1376 2209 est;⁰
1405 2167 1452 2200 ut
1483 2152 1567 2200 hoc
1597 2153 1838 2200 necessario
1867 2152 2046 2200 decreto

233 2234 394 2275 vestro,
415 2238 505 2280 quo
526 2219 642 2266 hunc
663 2221 979 2280 Constantium
999 2220 1206 2267 Sfortiam
1226 2220 1503 2268 Florentinae
1524 2220 1702 2268 militiae
1721 2220 2042 2268 administrato-

234 2305 326 2334 rem
346 2288 632 2334 constituistis
655 2302 696 2334 et
714 2287 885 2344 ducem,
907 2306 997 2334 non
1016 2289 1234 2348 sapienter
1252 2288 1389 2335 modo
1409 2290 1487 2335 Rei
1506 2303 1671 2336 vestrae
1687 2288 1885 2349 publicae
1907 2288 2042 2349 digni-

233 2356 312 2402 tati
335 2370 376 2402 et
400 2355 605 2412 libertati,
630 2374 739 2416 quae
764 2357 853 2403 vita
875 2374 1050 2416 quoque
1078 2357 1167 2417 ipsa
1191 2357 1357 2404 cariora
1381 2375 1467 2404 esse
1491 2357 1618 2404 bonis
1643 2358 1745 2404 viris
1771 2356 1946 2413 debent,
1969 2356 2046 2404 sed

232 2442 405 2470 summa
429 2425 561 2471 etiam
584 2442 685 2471 cum
708 2424 896 2471 utilitate
917 2424 1233 2472 consulueritis.

318 2491 459 2551 Quod
478 2492 683 2552 profecto
700 2492 890 2553 populus
915 2493 1058 2539 omnis
1081 2493 1359 2540 Florentinus
1383 2494 1547 2553 ingenti
1568 2511 1668 2540 cum
1690 2511 1764 2554 spe
1786 2511 2043 2540 conservan-

233 2559 311 2607 dae
326 2575 562 2620 perpetuae
580 2560 906 2621 tranquillitatis
923 2560 1165 2608 avidissime
1185 2562 1379 2622 accipiat‚
1396 2576 1437 2608 et
1453 2562 1527 2622 qui
1544 2579 1567 2608 a
1582 2561 1707 2608 vobis
1725 2561 2037 2622 gubernantur,

233 2646 343 2688 quos
364 2646 538 2688 semper
560 2628 737 2675 eaedem
758 2647 866 2689 quae
888 2647 966 2676 vos
988 2628 1190 2676 fortunae
1212 2644 1404 2685 manent,
1428 2644 1589 2690 quanta
1610 2648 1683 2676 eos
1704 2629 1866 2676 laetitia
1887 2627 2038 2676 hunc⁵⁴

233 2697 441 2742 nuntium
460 2711 719 2756 excepturos
734 2698 916 2756 putatis?
933 2698 1047 2743 Socii
1064 2715 1239 2757 quoque
1257 2712 1298 2743 et
1313 2697 1524 2744 foederati
1539 2698 1684 2753 vestri,
1700 2715 1890 2757 quorum
1909 2698 2040 2743 etiam

234 2764 303 2810 hic
338 2764 502 2824 legatos
536 2764 735 2811 sedentes
772 2764 1081 2825 laudantesque
1117 2765 1286 2821 videtis,
1320 2783 1403 2825 pro
1441 2783 1594 2812 eorum
1633 2766 1827 2825 ipsorum
1867 2782 2040 2811 summa

234 2831 506 2878 humanitate
526 2846 567 2878 et
582 2833 794 2892 sapientia
812 2850 902 2879 non
921 2832 1172 2892 probabunt
1194 2832 1344 2888 modo,
1363 2833 1438 2879 sed
1457 2834 1499 2878 in
1519 2850 1756 2879 commune
1777 2833 1908 2879 etiam
1926 2831 2041 2879 addi-

313 3070 337 3084 ¹¹¹
356 3065 467 3110 Plato,
486 3069 592 3109 Laws,
614 3067 725 3103 iv.711
749 3068 791 3110 C,
811 3065 944 3114 quoted
964 3066 1012 3114 by
1032 3067 1171 3110 Cicero,
1188 3066 1341 3114 Adsam.
1364 3069 1480 3110 1,9‚12.

314 3128 329 3142 ¹¹
346 3124 532 3168 Aristotle,
549 3124 694 3168 Politia,
715 3128 971 3168 VII‚14,1333a,
991 3128 1113 3162 30-31.

313 3186 328 3200 ⁰
346 3181 446 3218 Luke
467 3185 576 3218 11:21.
