2060 3450
101 185 274 219 POEMS

979 327 1024 368 11

1804 181 1895 222 449

180 398 453 437 CARMINA
474 398 540 436 IN
560 397 802 436 LAUDEM
823 398 967 445 EQUI
988 397 1467 438 PETRIFRANCISCI
1488 399 1564 438 DE
1583 400 1824 439 MEDICIS

456 487 543 537 (25³,
562 493 620 530 20:
642 489 884 530 ‘Banolomei
905 489 951 530 de
971 490 1107 530 Colle.'
1129 490 1191 531 Cf.
1209 491 1321 538 Scala,
1342 495 1411 531 272
1431 494 1544 540 [186].

220 621 282 662 Ex
306 634 351 663 re
373 618 442 663 cui
464 616 640 664 dederat
659 618 813 677 pernix
836 617 946 664 bene
969 635 1133 664 nomen
1158 618 1348 665 hirundo

218 756 271 799 Et

218 888 311 946 Qui
334 888 497 935 totiens
518 888 651 935 claras
672 888 771 935 tulit
794 889 839 934 in
861 890 1098 936 certamine
1116 889 1282 950 palmas

304 685 463 745 Aspice
486 702 618 745 quam
641 684 748 731 nihil
772 699 834 732 est
856 702 974 732 nunc
997 686 1077 732 nisi
1100 703 1296 733 marmor
1318 687 1445 743 iners;

292 767 466 813 poterat
488 752 713 813 quondam
736 752 903 800 levibus
925 753 1191 801 contendere
1211 755 1352 802 ventis

302 824 355 867 Et
376 838 456 881 par
475 838 576 867 cum
601 821 759 881 rapidis
782 839 953 868 currere
975 820 1245 878 fluminibus,

302 958 420 1002 Cum
443 955 572 1016 longe
595 971 695 1003 ante
716 955 822 1003 alios
843 956 1038 1004 cursibus
1062 957 1141 1004 iret
1162 975 1309 1018 equos.

650 1190 1130 1230 MISCELLANEOUS
1151 1192 1342 1230 POEMS

974 1314 1023 1354 12

753 1384 835 1421 AD
855 1385 1234 1422 MALUMBRAM

540 1471 610 1521 N⁵‚
631 1472 697 1513 fol.
721 1477 824 1514 102v:
846 1474 1081 1515 ‘Bart.Scalae
1102 1474 1147 1515 ad
1165 1475 1448 1516 Malumbram.’

296 1600 436 1660 Quod
457 1616 533 1648 tua
553 1601 825 1648 Castalidum
846 1602 1039 1663 pulchris
1061 1602 1202 1664 placet
1222 1603 1379 1651 umbra
1400 1604 1584 1661 choreis,

380 1668 753 1730 Bellorophontea
774 1670 895 1730 quod
916 1671 1027 1718 viret
1048 1672 1192 1718 omnis
1216 1689 1339 1732 aqua,

294 1736 461 1784 Debuit
484 1755 571 1784 esse
594 1737 711 1784 aliud
732 1756 897 1785 nomen
919 1738 1013 1795 tibi,
1037 1738 1165 1786 docte
1185 1739 1448 1787 Malumbra.

379 1805 551 1852 Umbra
572 1805 691 1852 bona
712 1820 774 1853 est
797 1824 976 1863 nomen,
1001 1825 1104 1867 ergo
1123 1807 1375 1855 Malumbra
1397 1808 1521 1855 male.

971 1972 1019 2013 13

467 2041 549 2078 AD
571 2041 772 2080 OMNES
793 2041 1011 2081 POETAS
1031 2043 1518 2082 MEDIOLANENSES

731 2131 801 2181 N⁵,
822 2133 888 2173 fol.
912 2137 1014 2174 102v:
1037 2134 1251 2175 ‘Eiusdem.’

294 2258 493 2305 Insubres
515 2277 596 2319 ego
616 2277 695 2306 vos
718 2277 895 2316 moneo,
921 2278 1038 2308 nunc
1059 2262 1238 2322 pergite,
1259 2277 1391 2318 vates,

377 2327 558 2386 Pergite:
583 2345 700 2374 nunc
721 2328 847 2375 vobis
872 2329 950 2375 ista
971 2329 1150 2376 terenda
1168 2330 1238 2376 via
1259 2345 1335 2386 est,

291 2397 370 2449 Ut,
394 2395 605 2454 quoniam
629 2395 747 2441 nulla
769 2410 831 2442 est
854 2397 987 2456 magis
1010 2396 1090 2443 hac
1111 2397 1407 2444 memorabilis
1430 2413 1558 2454 aetas,

375 2465 486 2508 Non
509 2461 637 2509 aliam
657 2463 793 2523 possit
818 2464 913 2524 quis
936 2481 1180 2511 memorare
1204 2466 1349 2525 magis.

291 2533 394 2576 Neu
419 2530 504 2576 iam
526 2530 825 2591 Dardaniique
847 2531 977 2578 duces
998 2533 1242 2593 Graiaeque
1261 2532 1495 2593 phalanges
1672 2549 1691 2580 5

377 2601 468 2644 Aut
488 2597 586 2658 plus
608 2598 841 2646 Dulichius
866 2599 1042 2660 impleat
1065 2618 1141 2647 ora
1160 2618 1305 2647 sonus.

291 2664 448 2712 Vadite
469 2665 654 2725 Virgilio
678 2667 861 2714 comites
884 2685 963 2714 nec
985 2667 1123 2715 cedite
1145 2672 1349 2715 Homero

376 2737 429 2779 Et
450 2734 484 2780 si
508 2734 603 2794 quis
624 2734 776 2794 grandi
798 2736 989 2782 carmine
1011 2735 1140 2796 digna
1160 2737 1288 2783 canit.

290 2801 457 2847 Sumite
482 2802 567 2847 iam
587 2819 753 2861 pennas
775 2802 1026 2863 clarumque
1047 2805 1203 2864 petatis
1224 2804 1488 2864 Olympum,

376 2869 583 2915 Materies
602 2869 727 2916 vobis
750 2870 866 2917 unde
887 2872 1043 2930 petatis
1064 2871 1195 2918 adest.
1654 2889 1692 2918 10

290 2934 533 2983 Sfortiados
556 2938 719 2983 etenim
740 2938 942 2998 princeps
965 2956 1044 2985 nec
1064 2956 1168 2999 pace
1192 2957 1271 2986 nec
1292 2941 1422 2986 armis

375 3003 615 3051 Nobilibus
638 3006 789 3065 priscis
811 3005 962 3052 cedere
982 3007 1105 3053 novit
1129 3008 1229 3054 avis.

292 3071 490 3129 Quando
513 3073 643 3131 igitur
665 3072 752 3119 dux
774 3088 835 3120 est
857 3073 924 3120 vel
946 3091 1122 3120 summo
1145 3076 1336 3121 carmine
1359 3075 1526 3135 dignus,

376 3139 544 3198 Pergite
566 3157 619 3186 ne
642 3139 782 3186 desint
804 3141 997 3187 carmina
1017 3141 1146 3201 digna
1167 3141 1279 3188 duci.
