2118 3444
144 189 327 224 ESSAYS
1850 177 1942 218 255

144 328 245 375 dern
279 345 327 374 ac
359 326 621 386 Pythagorei
656 342 811 372 omnes
844 339 885 371 et
918 324 1110 370 numeris
1144 338 1186 370 et
1220 322 1633 370 mathematicorum
1666 320 1944 383 principiis¹²⁹

144 396 295 443 omnia
317 394 551 442 tribuenda
571 407 846 440 censuerunt.

227 467 338 510 Non
362 480 439 509 ero
462 463 506 508 in
533 462 597 508 his
619 458 979 508 enumerandis¹³⁰
1003 460 1189 520 longior,
1215 477 1315 506 cum
1341 459 1446 506 haec
1468 460 1557 520 ipsa
1579 476 1688 520 quae
1712 458 1802 505 dixi
1823 458 1949 519 plura

143 529 376 579 fortasse¹³¹
411 531 497 578 sint
531 547 662 591 quam
695 546 865 576 necesse
898 527 993 575 fuit.
1025 525 1198 575 Nam¹³²
1234 528 1329 589 quis
1361 542 1438 583 est,
1472 545 1525 574 ne
1556 525 1750 574 dicam¹³³
1785 526 1949 573 medio-

143 601 276 647 criter
295 598 504 654 eruditus,
531 597 850 658 aliquantulum
876 596 1070 644 discendi
1093 596 1288 657 cupidus,
1314 596 1389 656 qui
1412 613 1504 642 non
1529 593 1668 642 iam¹³⁴
1691 594 1878 655 publicis
1903 596 1948 641 in

143 668 320 714 coronis
356 663 568 713 viderit¹³⁵
604 679 767 725 quanta
800 662 908 711 sit¹³⁶
945 665 1060 711 inter
1091 663 1380 724 philosophos
1420 663 1473 710 de
1505 681 1683 710 summo
1719 662 1856 718 bono,
1896 662 1949 709 de

143 734 317 790 officiis,
343 734 396 781 de
422 733 633 788 moribus,
662 747 910 793 quantaque
934 749 1034 779 cum
1062 731 1310 778 diversitate
1333 731 1577 786 contentio,
1602 745 1651 777 ut
1676 731 1711 777 si
1734 730 1841 777 velis
1864 748 1949 791 pro

143 803 408 864 opinionum
437 798 738 848 differentia¹³⁷
761 814 896 847 sectas
919 799 1073 856 facere,
1095 817 1188 846 non
1212 800 1297 846 iam
1320 799 1500 846 lxxxviii
1523 814 1565 846 et
1587 798 1799 846 ducentae
1823 816 1946 846 num-

142 870 327 918 erandae
354 871 440 917 sint
470 869 546 916 sed
559 867 606 894 ¹³⁸
635 886 773 929 paene
803 867 1014 915 infinitae.
1044 871 1314 928 Quanquam
1343 885 1436 915 non
1466 867 1545 914 hae
1572 865 1727 914 sunt¹³⁹
1758 882 1949 914 tantum-

143 936 334 986 modo¹⁴⁰
374 955 484 998 quae
522 936 760 984 nobiliores
798 951 1023 997 putantur,
1062 935 1114 983 de
1151 936 1393 996 quibusque
1431 934 1612 983 scribi¹⁴¹
1655 953 1679 982 a
1715 953 1784 982 me
1821 936 1947 996 petis,

142 1006 514 1054 Academicorum
534 1020 734 1052 veterum
754 1019 795 1052 et
814 1005 1219 1065 Peripateticorum,
1239 1004 1292 1051 de
1310 1004 1467 1065 quibus
1488 1018 1549 1051 est
1570 1005 1656 1051 iam
1675 1003 1858 1060 dictum3
1879 1003 1950 1051 ali-

142 1074 249 1136 quid
270 1089 311 1121 et
333 1074 504 1121 dicetur
523 1071 779 1134 deinceps¹⁴²
803 1073 1068 1129 Stoicorum,
1092 1090 1313 1119 novorum
1337 1072 1708 1119 Academicorum
1731 1087 1773 1119 et
1794 1073 1947 1133 Epicu-

142 1160 333 1190 reorum.
353 1146 446 1189 Has
461 1142 579 1189 enim
596 1156 787 1202 quatuor
801 1156 1017 1202 praestare
1031 1141 1210 1188 caeteris
1220 1155 1391 1202 putant.
1408 1145 1575 1188 Verum
1593 1140 1713 1188 addit
1726 1141 1949 1201 Diogenes

142 1212 187 1257 in
235 1214 341 1257 Vitis
376 1202 749 1270 Philosophorumi
788 1207 1122 1270 Cyrenaicos,¹⁴³
1169 1227 1359 1270 quorum
1402 1210 1652 1270 Aristippus
1695 1212 1949 1270 Cyrenaeus

139 1280 343 1340 princeps
365 1277 462 1334 fuit,
480 1278 663 1334 Eliacos,
687 1279 762 1339 qui
781 1293 1014 1325 manarunt
1036 1296 1060 1325 a
1078 1277 1311 1325 Phaedone
1330 1277 1514 1334 Eliense,
1534 1279 1779 1338 Megaricos
1799 1279 1875 1339 qui
1893 1278 1946 1325 ab

140 1346 319 1394 Euclide
340 1347 601 1406 Megarensi,
623 1347 832 1406 Cynicos,
854 1347 929 1406 qui
949 1345 1171 1393 fluxerunt
1194 1346 1246 1393 ab
1267 1346 1531 1393 Antisthene
1552 1346 1827 1402 Atheniensi,
1849 1350 1948 1393 Ere-

140 1413 340 1470 tricos¹⁴⁴‚
390 1432 581 1474 quorum
628 1413 716 1460 dux
761 1413 843 1460 fuit
885 1413 1175 1461 Menedemus
1218 1411 1503 1470 Eretricus,¹⁴⁵
1550 1413 1813 1470 dialecticos,
1858 1415 1949 1474 qui·

140 1481 273 1529 bus¹⁴⁶
298 1481 605 1529 Clitomachus
627 1479 870 1542 praefuit¹⁴⁷
893 1481 1198 1528 Calcedonius.

224 1550 308 1597 Sed
325 1550 390 1597 his
407 1550 453 1596 in
468 1550 713 1610 praesentia
726 1550 1052 1610 praetermissis,
1072 1549 1127 1596 ad
1140 1549 1429 1597 Academicos
1444 1564 1611 1597 veteres
1624 1550 1951 1611 Peripateticos-

140 1616 277 1679 que¹⁴⁸
312 1618 546 1665 reducatur
573 1619 728 1665 oratio.
762 1617 1049 1665 Aristotelem
1081 1618 1246 1665 audivit
1276 1618 1619 1679 Theophrastus,
1652 1619 1727 1679 qui
1759 1636 1851 1665 non
1882 1636 1947 1665 so-

139 1686 247 1742 lum,
281 1700 329 1733 ut
358 1690 501 1733 Varro
533 1685 649 1747 apud
680 1687 945 1733 Ciceronem
978 1681 1060 1742 ait,j
1091 1685 1285 1733 Platonis
1313 1685 1590 1733 labefactavit
1617 1687 1793 1747 species,
1827 1686 1948 1747 quod

140 1755 345 1815 magister
362 1753 537 1811 fecerat,
553 1754 630 1801 sed
647 1769 689 1802 et
707 1755 918 1802 virtutem
936 1773 1017 1802 suo
1037 1754 1193 1802 decore
1210 1754 1413 1816 spoliavit
1434 1754 1785 1816 imbecillemque
1808 1755 1947 1802 reddi-

139 1823 218 1878 dit,
239 1822 361 1883 quod
384 1823 555 1883 negavit
577 1823 622 1869 in
644 1841 693 1870 ea
710 1822 801 1870 sola
822 1824 1017 1883 positum
1041 1841 1127 1870 esse
1147 1823 1272 1870 beate
1290 1824 1449 1870 vivere.
1472 1824 1574 1870 Eius
1596 1838 1743 1871 autem
1764 1823 1948 1884 discipu·

138 1891 204 1938 lus
235 1894 382 1938 Strato
412 1889 785 1952 Lampsacenus¹⁴⁹
818 1891 871 1938 ab
902 1909 1057 1938 eorum
1091 1893 1317 1939 consortio
1350 1891 1621 1939 amovendus
1651 1892 1839 1949 videtur,
1872 1893 1947 1953 qui

136 1960 370 2020 praecipue
401 1960 684 2006 necessariam
714 1959 1019 2020 philosophiae
1052 1974 1223 2020 partem
1254 1960 1306 2007 de
1335 1961 1498 2007 virtute
1526 1975 1568 2007 et
1599 1961 1796 2008 moribus
1831 1960 1946 2008 dese·

139 2025 290 2074 rens¹⁵⁰
321 2025 608 2088 totumque¹⁵l
642 2046 685 2075 se
716 2027 770 2075 ad
798 2043 976 2075 naturae
1004 2029 1338 2089 vestigationem
1368 2028 1612 2085 conferens,
1630 2029 1779 2076 multis
1809 2030 1855 2075 in
1887 2047 1947 2076 re-

137 2095 218 2143 bus
247 2095 446 2142 dissentit
475 2114 499 2142 a
525 2097 623 2143 suis.
655 2100 776 2143 Nam
805 2097 1059 2143 Demetrius
1087 2096 1331 2153 Phalereus,
1362 2098 1440 2144 etsi
1469 2098 1645 2158 ingenio
1675 2112 1717 2144 et
1745 2097 1947 2145 doctrina

136 2164 368 2223 praestitit,
394 2178 543 2210 tamen
568 2165 629 2210 rei
653 2164 853 2224 publicae
880 2164 1306 2212 administrationem
1332 2166 1521 2212 maxime
1546 2180 1732 2212 sectatus
1758 2183 1781 2212 a
1805 2165 1948 2212 Theo-

136 2230 319 2291 phrasto
343 2232 552 2291 magistro
576 2231 801 2278 dissentire
826 2250 917 2279 non
941 2232 1127 2279 videtur.
1151 2233 1414 2293 Speusippus
1440 2248 1587 2280 autem
1611 2248 1653 2280 et
1675 2237 1947 2280 Xenocrates

138 2298 447 2355 Calcedonius,
471 2300 546 2360 qui
564 2300 697 2360 primi
719 2300 765 2346 in
786 2299 1025 2347 Academia
1041 2316 1338 2348 successerunt
1359 2300 1546 2357 Platoni,
1566 2301 1724 2348 deinde
1743 2301 1942 2358 Polemo,

138 2365 345 2414 Crates¹⁵2
367 2382 409 2414 et
428 2371 636 2424 Crantor,
658 2367 766 2414 nihil
787 2386 839 2415 ex
859 2368 924 2416 his
944 2387 1053 2430 quae
1074 2384 1333 2430 acceperunt
1351 2387 1375 2417 a
1391 2370 1688 2431 superioribus
1710 2371 1945 2417 immutan-

137 2433 267 2492 tes,¹⁵³
305 2433 403 2482 in¹⁵⁴
442 2437 650 2483 institutis
685 2437 1020 2497 quodammodo
1054 2438 1204 2498 patriis
1239 2438 1564 2499 diligentissime
1598 2454 1945 2499 perseverarunt,

139 2503 368 2565 nullusque
413 2503 552 2552 fuerat
591 2506 666 2565 qui
706 2523 730 2552 a
768 2506 854 2552 suis
895 2505 1037 2553 adhuc
1077 2506 1253 2554 auderet
1291 2504 1518 2567 penitus¹⁵⁵
1536 2507 1756 2554 rebellare.
1771 2508 1942 2554 Primus

138 2570 315 2619 Zeno¹⁵⁶
332 2590 434 2619 cum
450 2572 739 2620 Polemonem
756 2572 1055 2630 audivisset,¹⁵⁷
1070 2574 1242 2635 grandis
1257 2576 1343 2622 iam
1358 2590 1462 2622 natu
1495 2590 1536 2622 et
1568 2590 1773 2623 extranea
1804 2575 1943 2623 imbu-

137 2654 206 2687 tus
237 2640 478 2701 disciplina,
494 2640 720 2688 dissentire
751 2640 950 2702 aperte¹⁵⁸
981 2643 1126 2703 coepit
1156 2641 1460 2704 certamque¹⁵⁹
1490 2644 1697 2691 omnibus
1731 2643 1785 2691 de
1814 2644 1942 2691 rebus

135 2707 334 2768 proferre
349 2710 627 2756 sententiam.
645 2713 773 2768 Quae
790 2711 1000 2770 quoniam
1019 2711 1398 2758 accommodatior
1414 2711 1709 2759 multitudinis
1727 2727 1818 2759 erat
1835 2713 1943 2759 auri·

136 2775 230 2832 bus,
263 2776 371 2822 nihil
404 2777 522 2823 enim
553 2778 807 2825 removebat
837 2796 860 2825 a
886 2778 1093 2835 sensibus,
1128 2779 1236 2825 nihil
1266 2778 1492 2827 affirmans
1521 2797 1609 2827 esse
1635 2798 1761 2841 posse
1804 2781 1944 2827 incor-

135 2861 338 2904 poreum,
363 2862 504 2905 neque
527 2845 659 2892 deum
682 2846 838 2906 ipsum,
863 2864 994 2906 quem
1017 2846 1125 2894 dixit
1148 2865 1235 2894 esse
1258 2848 1416 2907 ignem,
1441 2847 1604 2895 multos
1629 2848 1780 2895 habuit
1802 2849 1937 2908 proti-

216 3129 421 3193 {Diogenes
441 3137 610 3180 Laetum,
634 3139 729 3174 Vuae
741 3136 1029 3186 philosophomm,
1050 3141 1389 3183 11,65,105‚106,125;
1410 3141 1621 3183 1v,⁶7;V1‚1.

216 3197 224 3219 ¹
242 3193 384 3237 Cicero,
400 3193 505 3231 Acad.
527 3196 609 3231 133.
