2124 3458
125 194 308 228 ESSAYS
1834 185 1923 226 403

127 332 327 392 imperio,
351 330 420 377 hic
438 330 616 390 legibus,
639 329 726 376 illic
745 329 904 385 edicto,
924 329 993 376 hic
1011 328 1224 390 suffragiis
1243 330 1407 390 geritur
1426 347 1490 376 res
1509 344 1638 390 atque
1657 329 1930 390 obtempera·

125 414 209 446 tur.
229 399 414 446 Dictum
435 412 497 445 est
515 412 662 445 autem
682 415 759 444 cur
776 398 903 444 unius
926 397 1052 444 nobis
1074 415 1238 444 nomen
1259 397 1462 444 odiosum
1483 398 1551 444 sit.
1572 401 1709 444 Nunc
1728 415 1835 444 vero
1855 399 1931 445 rei-

123 466 323 528 publicae
340 481 498 527 partes,
515 483 646 526 quam
664 465 883 526 complexi
899 483 1062 521 sumus,
1083 464 1381 512 defendendae
1394 480 1508 512 sunt.
1528 468 1670 524 Quae,
1689 466 1872 526 quanvis
1891 481 1932 513 et

125 536 216 596 ipsa
235 549 499 595 perpetuum
520 551 689 581 servare
709 548 910 580 tenorem
932 551 1023 580 non
1042 548 1187 594 potest
1206 551 1464 594 semperque
1486 551 1574 580 esse
1595 533 1761 590 eadem,
1782 548 1932 581 tamen

124 603 426 663 corrumpitur
450 601 628 657 tardius;
653 616 694 648 et
718 602 862 648 minus
887 600 1096 648 affectum
1119 602 1306 662 sapiunt,
1332 602 1407 662 qui
1431 602 1475 647 in
1500 601 1784 648 deliberando
1808 619 1931 662 agere

123 687 441 731 saepenumero
462 670 660 716 animum
684 670 729 715 in
750 684 1044 716 transversum
1066 668 1256 725 solent,¹³
1281 687 1426 716 rerum
1447 669 1723 730 publicarum
1746 669 1933 726 decreta,

124 756 256 799 quam
280 738 547 798 principum,
575 752 647 784 aut
672 737 747 784 ubi
772 738 988 797 contingit
1014 738 1237 784 civitatem
1258 737 1488 797 gubernari
1513 755 1536 784 a
1558 737 1850 798 paucioribus.
1879 741 1932 784 Et

124 824 250 854 causa
272 805 451 866 quidem
475 806 519 852 in
542 820 755 866 promptu
780 820 856 861 est,
880 820 927 852 ut
951 805 1059 852 mihi
1083 805 1268 852 videtur.
1292 806 1443 852 Minus
1466 806 1584 852 enim
1610 805 1929 852 mutationibus

123 874 229 921 dant
263 891 443 934 operam
478 873 532 920 ad
564 891 674 933 quos
710 874 853 920 minus
890 891 941 920 ex
974 873 1101 920 rebus
1136 874 1261 920 novis
1294 874 1348 920 sit
1380 873 1580 920 utilitatis
1613 873 1928 933 commodique

121 956 454 1002 perventurum.
479 945 539 988 At
561 942 635 1001 qui
655 955 829 1001 sperant
851 940 1161 1001 cupiditatibus
1181 941 1241 987 sic
1261 940 1487 987 consulere
1507 941 1593 987 suis
1616 940 1783 996 melius,
1806 958 1932 1001 saepe

125 1009 190 1057 his
211 1027 320 1070 quae
340 1008 496 1056 adsunt
518 1009 646 1056 rebus
666 1009 864 1056 contenti
886 1026 977 1055 non
996 1023 1110 1056 sunt.
1133 1013 1253 1056 Nam
1274 1009 1349 1069 qui
1370 1008 1478 1055 nihil
1500 1008 1600 1056 inde
1619 1008 1716 1069 plus
1739 1008 1930 1056 habituri

123 1077 369 1133 videantur,
392 1095 470 1124 cur
490 1078 651 1124 mutari
671 1076 807 1124 velint
830 1091 959 1137 atque
980 1078 1026 1123 in
1047 1076 1291 1137 periculum
1316 1076 1472 1124 adduci
1492 1094 1615 1123 suam
1638 1076 1886 1124 libertatem
1910 1079 1926 1123 ?

207 1149 344 1192 Nunc
365 1163 417 1192 ex
435 1145 592 1205 quibus
613 1159 783 1192 constet
803 1144 1044 1205 respublica
1062 1144 1300 1201 videamus,
1318 1159 1366 1192 ut
1386 1144 1492 1205 quid
1510 1145 1649 1192 nostri
1667 1145 1933 1205 vituperato-

124 1231 189 1260 res
205 1214 475 1260 insectentur
489 1214 623 1273 magis
640 1213 685 1258 in
702 1227 901 1273 apertum
916 1213 1076 1259 veniat.
1094 1213 1496 1260 Praetermittentes
1507 1227 1654 1260 autern
1670 1212 1808 1260 modo
1825 1212 1932 1273 quid

123 1281 195 1328 alii
215 1282 443 1337 senserint,
467 1281 595 1328 nobis
620 1282 678 1327 ita
698 1282 888 1327 occurrit
909 1295 957 1327 ut
979 1281 1065 1327 sint
1089 1282 1134 1326 in
1158 1280 1379 1341 republica
1402 1281 1601 1341 inprimis
1623 1280 1870 1328 sacerdotes
1890 1295 1932 1328 et

121 1348 310 1410 profani.
337 1352 607 1409 Quanquam
630 1348 682 1395 de
702 1348 999 1395 sacerdotibus
1022 1366 1141 1405 mox,
1165 1367 1266 1396 cum
1288 1348 1340 1395 de
1362 1348 1569 1409 religione
1593 1348 1925 1409 disputabimus,

122 1435 203 1464 suo
230 1418 365 1477 magis
391 1417 492 1464 loco
521 1417 757 1464 dicendum
783 1418 878 1473 erit,
906 1435 1025 1464 nunc
1049 1416 1260 1477 profanos
1288 1417 1566 1478 explicemus,
1596 1435 1705 1478 quos
1731 1435 1930 1478 percom-

124 1485 255 1532 mode
286 1485 466 1546 quidem
496 1485 586 1532 duo
618 1486 663 1531 in
694 1485 892 1532 membra
923 1485 1241 1546 dispertiemur.
1274 1489 1365 1532 Aut
1395 1486 1513 1532 enim
1543 1500 1716 1532 senatus
1747 1486 1828 1532 erit
1858 1500 1930 1532 aut

121 1553 324 1614 populus.
349 1558 470 1600 Nam
494 1554 767 1613 magistratus
788 1554 833 1599 in
852 1553 1021 1614 populo
1045 1553 1473 1614 comprehendimus,
1499 1571 1551 1600 ex
1570 1571 1660 1614 quo
1681 1568 1723 1600 et
1742 1553 1933 1614 deligun-

122 1636 196 1668 tur
221 1635 294 1668 aut
321 1635 438 1668 sorte
466 1620 594 1668 fiunt.
624 1624 831 1668 Senatum
858 1639 1128 1681 segregamus
1157 1636 1198 1668 et
1223 1622 1385 1668 virtute
1412 1635 1610 1668 constare
1638 1622 1773 1681 magis
1801 1636 1930 1681 atque

123 1703 277 1745 aetate,
296 1689 413 1736 unde
436 1703 477 1736 et
499 1707 665 1736 nomen
690 1689 832 1745 habet,
855 1690 1164 1736 existimamus.
1190 1693 1349 1750 Neque
1372 1688 1688 1750 rempublicam
1713 1688 1929 1749 appellare

123 1758 347 1813 convenit,
364 1757 440 1804 ubi
457 1771 630 1804 senatus
647 1758 882 1804 auctoritas
900 1775 992 1804 non
1008 1758 1076 1814 sit,
1095 1757 1218 1814 idest,
1234 1757 1310 1804 ubi
1325 1757 1553 1818 publicum
1575 1756 1808 1804 consilium
1828 1757 1933 1804 desi-

123 1825 394 1873 deretur—id
419 1826 537 1872 enim
564 1840 737 1873 senatus
766 1840 950 1873 est—aut
977 1825 1086 1873 desit
1110 1825 1313 1886 populus,
1345 1827 1419 1886 qui
1445 1825 1644 1872 civilibus
1674 1825 1928 1872 muneribus

120 1895 258 1954 possit
282 1893 497 1941 sufficere.
1222 1899 1226 1902 “

207 1966 260 2009 Et
276 1961 431 2023 populi
452 1961 630 2023 quidem
646 1961 791 2023 plures
807 1977 907 2009 sunt
926 1961 1212 2009 differentiae.
1228 1966 1349 2009 Nam
1367 1962 1438 2009 alii
1455 1961 1619 2009 bellicis
1638 1961 1785 2009 idonei
1803 1980 1932 2022 nego·

122 2031 193 2077 tiis
214 2030 473 2091 propulsant
502 2031 692 2087 iniurias,
719 2045 760 2077 et
784 2030 1059 2091 appellantur
1081 2030 1252 2078 milites.
1279 2035 1445 2078 Eorum
1471 2049 1578 2078 vero
1600 2045 1845 2078 conventus
1871 2030 1930 2078 di-

123 2113 285 2145 cuntur
300 2099 526 2145 exercitus.
547 2103 596 2144 In
612 2117 702 2159 quo
721 2099 853 2145 etiam
869 2099 935 2145 sui
951 2113 1052 2146 sunt
1072 2100 1357 2159 magistratus:
1377 2099 1675 2159 imperatores,
1693 2113 1931 2159 praetores,

121 2166 264 2226 legati,
287 2181 551 2227 quaestores,
573 2166 796 2227 praefecti,
818 2167 1109 2223 centuriones,
1132 2182 1173 2214 et
1195 2168 1419 2214 minorum
1446 2166 1709 2227 dignitatum
1732 2167 1928 2223 nomina,

122 2235 197 2295 qui
222 2233 336 2281 fiunt
361 2253 413 2281 ex
434 2234 604 2295 populo
631 2253 798 2291 omnes,
827 2250 868 2282 et
891 2234 1098 2282 dicuntur
1120 2235 1222 2282 belli
1245 2235 1572 2296 propulsatores
1597 2253 1621 2282 a
1643 2234 1880 2291 nonnullis,
1909 2253 1932 2282 a

122 2302 280 2363 quibus
304 2303 483 2363 quidem
507 2302 759 2350 defenditur
779 2303 1020 2364 respublica
1040 2303 1346 2364 pulcherrime.
1373 2308 1494 2351 Nam
1517 2305 1551 2351 si
1574 2318 1758 2351 externo
1781 2322 1931 2364 repug-

122 2370 319 2417 nandum
339 2371 637 2431 bellatoreque
658 2386 699 2418 et
718 2371 826 2418 duce
846 2371 991 2427 fuerit,
1010 2386 1058 2418 ut
1078 2371 1205 2418 nobis
1226 2389 1401 2432 quoque
1422 2371 1658 2432 aliquando
1679 2372 1840 2431 ingruit
1862 2389 1932 2418 ne-

122 2439 306 2493 cessitas,
331 2438 475 2484 multo
500 2453 562 2485 est
586 2438 852 2485 fortunatius
875 2440 910 2485 si
935 2457 1000 2485 res
1022 2439 1191 2499 populo
1216 2457 1423 2499 prospere
1448 2439 1697 2486 ceciderint.
1722 2438 1927 2485 Alterum

121 2523 255 2565 genus
281 2520 343 2552 est
367 2523 522 2552 eorum
549 2507 623 2566 qui
648 2520 786 2553 terrae
810 2506 1074 2553 exercendae
1095 2506 1149 2553 ad
1170 2507 1310 2554 victus
1334 2506 1506 2554 abunde
1528 2506 1925 2553 subministrandos

120 2588 342 2634 praesunt,
361 2591 471 2634 quos
487 2589 648 2621 vocant
666 2573 718 2621 de
735 2592 778 2621 re
795 2574 1015 2634 agricolas,
1034 2575 1254 2635 optimum
1276 2574 1508 2621 hominum
1527 2592 1674 2634 genus,
1695 2592 1836 2635 neque
1852 2574 1930 2621 ulli

120 2641 301 2702 publico
335 2643 506 2689 muneri
538 2642 704 2698 inutile,
736 2643 816 2689 nisi
847 2660 927 2690 nos
956 2642 1275 2690 ambitiosiores
1305 2643 1450 2690 simus.
1484 2642 1567 2689 Sed
1595 2643 1788 2703 optimae
1820 2642 1927 2689 olim

123 2709 389 2770 respublicae
417 2710 670 2757 huiusmodi
699 2710 900 2757 homines
927 2729 1018 2757 non
1045 2710 1318 2757 fastidierunt
1344 2728 1484 2771 neque
1508 2725 1702 2771 pastores
1729 2711 1804 2771 qui
1827 2725 1928 2757 sunt

123 2777 385 2838 reipublicae
404 2779 588 2838 negotiis
606 2778 865 2838 quibusdam
882 2779 1201 2839 pernecessarii.
1220 2778 1352 2825 Unde
1368 2779 1486 2825 enim
1504 2779 1687 2825 coriaria
1701 2779 1796 2834 erit,
1813 2778 1930 2825 unde

123 2863 349 2892 armorum
380 2845 568 2906 quadam
596 2864 753 2906 genera
780 2864 1001 2906 equosque
1031 2861 1073 2893 et
1101 2847 1295 2893 iumenta
1321 2846 1673 2906 comparabimus
1707 2848 1722 2892 ?
1751 2845 1927 2904 Quibus

123 2927 239 2959 certe
256 2913 497 2973 respublica
515 2913 725 2973 indigent,
744 2914 824 2960 nisi
841 2929 1035 2974 pastores
1053 2914 1365 2961 admiserimus.
1385 2918 1506 2960 Nam
1525 2913 1763 2960 adventitia
1779 2931 1828 2960 ea
1842 2931 1930 2960 esse

123 2994 164 3027 et
181 2981 410 3043 peregrina
428 2999 519 3028 non
539 2980 662 3028 decet
677 2982 710 3028 si
729 2980 930 3028 sufficere
947 2981 1028 3029 sibi
1048 2997 1089 3029 et
1104 2981 1344 3042 perfectam
1361 2999 1448 3028 esse
1466 2981 1670 3028 volumus
1693 2981 1926 3042 rempubli-

123 3066 232 3095 cam.
253 3053 434 3096 Restant
452 3048 632 3109 opifices
652 3050 766 3096 inter
784 3050 916 3110 magis
936 3051 1171 3097 necessaria
1190 3050 1387 3097 membra
1405 3050 1591 3097 civitatis
1608 3067 1700 3096 non
1719 3049 1857 3096 modo
1876 3049 1930 3096 ad

123 3133 244 3162 arma
265 3116 319 3163 ad
340 3116 668 3163 defendendum
691 3116 941 3164 fabricanda
963 3135 1177 3177 navesque
1201 3132 1242 3164 et
1262 3117 1496 3177 proeliares
1521 3116 1756 3172 machinas,
1779 3117 1855 3163 sed
1877 3116 1931 3163 ad

122 3183 355 3243 populares
388 3201 564 3244 quoque
595 3202 695 3230 usus
728 3184 974 3231 calceorum
1004 3184 1280 3245 supellectilis
1310 3185 1689 3231 vestimentorum.
1723 3188 1844 3230 Nam
1877 3184 1930 3230 de
