2118 3444
129 179 311 213 ESSAYs
1834 169 1925 210 279

128 334 204 364 um
230 317 461 363 instituens
483 316 543 362 sic
568 315 756 375 inquit:m
782 314 920 361 ‘Solus
944 314 1062 361 enim
1086 317 1207 360 Deus
1231 328 1272 360 et
1296 314 1455 360 merito
1476 313 1593 360 solus
1619 314 1707 374 ipse
1732 328 1794 360 est
1817 328 1858 360 et
1882 314 1934 360 ab

126 402 170 431 se
189 398 251 431 est
269 398 311 431 et
330 384 495 430 circum
514 400 557 429 se
576 396 695 429 totus
714 396 775 428 est
794 381 948 442 plenus
967 396 1096 442 atque
1112 380 1343 442 perfectus;
1363 381 1538 442 eiusque
1559 382 1689 442 ipsius
1710 380 1839 428 firma
1855 396 1935 428 sta-

127 451 271 499 bilitas
299 466 376 507 est,
405 468 485 498 nec
512 450 691 497 alicuius
720 448 946 510 impulsu¹⁴
975 449 1076 496 loco
1105 450 1273 496 moveri
1301 463 1460 510 potest,
1490 450 1571 496 nisi
1599 449 1752 509 aliquis
1780 448 1935 496 audeat

128 519 271 567 dicere
291 519 421 579 ipsius
443 518 795 565 commotionem
819 518 1122 564 aeternitatem
1139 534 1238 564 esse.
1261 516 1344 564 Sed
1364 517 1496 577 magis
1518 531 1559 564 et
1579 518 1668 577 ipsa
1690 517 1930 564 immobilis

127 588 373 643 aeternitas,
393 587 436 633 in
456 604 587 647 quam
606 586 808 633 omnium
830 600 1084 646 temporum
1107 585 1284 645 agitatio
1302 600 1479 641 remeat,
1496 600 1538 632 et
1555 603 1606 632 ex
1625 603 1710 646 qua
1727 586 1929 632 omnium

127 671 382 716 temporum
416 655 594 714 agitatio
623 654 756 701 sumit
788 653 1048 700 exordium?
1084 651 1352 700 Zoroaster¹⁵
1382 671 1573 714 quoque,
1606 654 1931 714 antiquissimus

128 741 290 783 magus,
317 722 469 769 eadem
491 721 580 768 fere
601 721 653 768 de
675 724 776 768 Deo
796 722 955 768 sentire
978 720 1153 768 videtur
1174 722 1218 767 in
1240 720 1356 767 libro
1377 739 1500 768 sacro
1522 739 1622 768 cum
1648 722 1707 768 ita
1725 722 1931 782 scripsitz¹¹

128 794 264 838 ‘Deus
282 789 685 850 incorruptibilium
705 790 872 849 primus
891 803 967 845 est,
983 789 1287 849 sempiternus,
1309 789 1538 849 ingenitus,
1558 807 1709 849 expers
1724 790 1931 849 partium,

125 859 207 906 sibi
227 859 306 919 ipsi
326 857 587 913 simillimus,
611 857 813 903 omnium
837 856 1060 903 bonorum
1083 857 1228 917 auriga
1245 874 1428 903 munera
1447 874 1539 903 non
1558 871 1803 917 expectans,
1824 857 1934 917 opti-

127 945 224 974 mus
242 925 607 987 prudentissimus
627 939 751 986 pater
768 926 884 981 iuris,
905 925 996 972 sine
1018 924 1218 972 doctrina
1236 925 1504 981 iustissimus,
1530 939 1685 972 natura
1700 924 1934 986 perfectus,

125 996 295 1056 sapiens
323 1012 466 1041 sacrae
495 1008 673 1041 naturae
701 994 854 1040 unicus
885 994 1119 1040 inventor.’
1150 993 1332 1053 Sibyllas
1362 1011 1538 1054 quoque
1570 1008 1611 1040 et
1637 993 1928 1054 philosophos

127 1062 379 1117 nonnullos,
402 1076 532 1122 atque
549 1062 594 1107 in
610 1062 763 1121 primis
783 1061 1027 1117 Platonem,
1045 1064 1192 1108 Deum
1211 1062 1270 1108 ita
1283 1075 1539 1121 prosecutos
1558 1061 1740 1121 legimus
1757 1076 1805 1108 ut
1825 1061 1934 1108 nulli

126 1130 311 1177 dubium
332 1147 420 1176 esse
436 1130 571 1189 possit
593 1129 645 1175 ab
665 1128 740 1175 illo
758 1128 943 1175 deorum
962 1129 1198 1175 vanissimo
1216 1146 1341 1189 grege
1356 1129 1573 1175 sententia
1587 1146 1663 1175 sua
1680 1128 1930 1189 longissime

126 1197 324 1245 abfuisse.

211 1269 498 1325 Quamquam
526 1264 578 1311 de
602 1264 877 1324 philosophis
909 1282 1084 1324 quoque
1110 1265 1237 1324 pauci
1265 1265 1451 1311 omnino
1479 1279 1580 1311 sunt
1608 1282 1718 1324 quos
1746 1264 1935 1311 libenter

126 1333 280 1393 legam,
307 1332 546 1379 nonnullos
574 1333 706 1379 etiam
730 1332 877 1379 audire
903 1332 1042 1379 nolim
1069 1350 1118 1379 ac
1137 1332 1378 1392 plurimum
1407 1330 1649 1379 detestor.¹⁶
1674 1333 1788 1391 Quis
1812 1333 1931 1379 enim

127 1401 238 1448 ferre
266 1401 402 1461 possit
436 1401 676 1461 Diagoram
707 1400 945 1456 Milesium,
978 1400 1267 1447 Theodorum
1300 1401 1596 1456 Cirenaicum,
1629 1398 1932 1447 Euemerum¹⁷

126 1473 395 1529 Aegaeotam
416 1483 488 1515 aut
508 1468 832 1515 Callimachum
852 1468 1207 1528 Euripidemque‚
1229 1469 1361 1515 etiam
1378 1483 1544 1528 poetas,
1566 1487 1675 1529 quos
1695 1468 1805 1515 adeo
1824 1468 1931 1514 nihil

124 1536 261 1598 pudet
287 1551 335 1583 ut
361 1537 548 1583 omnino
576 1539 725 1583 Deum
751 1554 838 1583 esse
865 1536 1035 1583 nullum
1063 1539 1326 1583 asseverent?
1351 1537 1553 1597 Epicurei
1579 1536 1757 1597 quidem
1784 1551 1825 1583 et
1851 1537 1930 1597 ipsi

124 1619 226 1652 sunt
257 1604 441 1651 ridiculi:
474 1603 579 1650 dum
612 1605 730 1650 enim
760 1605 931 1664 quietos
961 1603 1066 1651 deos
1095 1605 1305 1665 omnique
1334 1604 1482 1651 labore
1513 1604 1753 1665 doloreque
1784 1622 1936 1651 vacare

126 1672 297 1729 volunt,
315 1672 436 1733 quod
452 1673 701 1719 existimant
719 1672 781 1718 illi
795 1690 1019 1719 summum
1038 1672 1222 1728 bonum,
1242 1672 1511 1719 dormientes
1526 1687 1655 1733 atque
1671 1672 1935 1733 negligentes

126 1740 423 1788 resrhumanas
446 1738 712 1787 inducunt.¹⁸
732 1744 800 1796 Et,
820 1755 868 1787 ut
888 1740 943 1787 ad
959 1758 1131 1787 summa
1152 1740 1367 1801 colligam,
1386 1741 1593 1801 perpauci
1611 1755 1712 1788 sunt
1735 1759 1787 1788 ex
1807 1741 1931 1788 omni

126 1809 386 1869 antiquitate
402 1826 512 1869 quos
531 1826 623 1855 non
638 1823 792 1869 putem
812 1826 899 1855 esse
916 1808 1231 1869 despiciendos,
1248 1823 1296 1856 ut
1314 1809 1397 1855 tria
1411 1808 1483 1855 illa
1498 1808 1727 1856 Scaevolae
1743 1808 1929 1856 deorum

124 1894 295 1937 genera,
317 1877 392 1937 qui
413 1877 516 1923 iuris
537 1876 653 1936 apud
674 1880 900 1923 Romanos
921 1876 1142 1937 pontificii
1165 1876 1440 1924 doctissimus
1461 1877 1530 1923 vir
1549 1891 1610 1924 est
1633 1876 1817 1924 habitus:
1843 1877 1932 1924 sive

125 1963 149 1992 a
171 1945 328 2005 poetis,
352 1945 441 1991 sive
466 1962 490 1991 a
511 1944 800 2005 philosophis,
829 1945 918 1991 sive
943 1962 966 1991 a
987 1944 1257 2005 principibus
1285 1945 1513 1992 civitatum
1538 1944 1599 1991 illi
1625 1944 1807 1992 conficti
1830 1946 1932 2001 sint3

126 2012 245 2060 nulla
263 2027 335 2059 aut
355 2027 470 2059 certe
488 2030 619 2072 quam
637 2013 821 2059 minima
838 2012 1071 2060 videantur
1086 2014 1344 2060 auctoritate
1360 2031 1447 2060 esse
1466 2013 1606 2073 digna.
1626 2017 1748 2060 Nam
1764 2028 1938 2073 praeter

123 2098 287 2142 paucos
311 2080 420 2136 illos,
446 2098 556 2141 quos
577 2098 707 2141 supra
731 2081 987 2137 memoravi,
1011 2099 1063 2128 ex
1084 2095 1151 2128 tot
1174 2096 1215 2128 et
1235 2095 1468 2141 poetarum
1493 2095 1534 2128 et
1553 2080 1925 2142 philosophorum

125 2163 167 2196 et
194 2149 446 2209 principum
479 2148 761 2196 multitudine
791 2150 863 2195 vix
892 2149 1060 2210 aliquos
1090 2150 1282 2196 invenias
1312 2150 1387 2210 qui
1415 2167 1507 2196 non
1534 2150 1659 2210 pueri
1688 2164 1760 2197 aut
1791 2150 1930 2197 insani

125 2216 305 2278 quidam
326 2218 474 2277 potius
497 2217 636 2264 videri
659 2218 749 2264 iure
770 2218 951 2277 possint.

210 2288 499 2345 Quapropter
524 2285 667 2332 multo
694 2286 826 2332 etiam
849 2285 974 2346 plura
1001 2285 1161 2332 debent
1188 2286 1326 2332 nostri
1353 2285 1567 2342 homines,
1597 2287 1671 2346 qui
1695 2287 1824 2333 unius
1852 2285 1932 2332 filii

124 2353 210 2399 Dei
234 2352 460 2399 salvatoris
489 2352 669 2399 humani
695 2354 863 2413 generis
889 2353 1042 2400 divino
1065 2354 1388 2414 praecipuoque
1417 2372 1597 2400 munere
1623 2368 1690 2400 tot
1717 2355 1935 2414 tantisque

125 2421 346 2468 erroribus
366 2421 536 2468 liberati
553 2436 654 2468 sunt
673 2436 720 2468 ut
738 2422 853 2468 inter
869 2439 917 2468 ea
933 2439 1042 2482 quae
1059 2421 1235 2469 fuerunt
1254 2440 1277 2469 a
1294 2436 1336 2469 te
1352 2423 1397 2468 ln
1417 2422 1659 2469 humanum
1679 2440 1814 2482 genus
1831 2440 1932 2469 enu-

126 2504 294 2536 merata
307 2488 535 2544 beneficia,
557 2489 657 2536 huic
677 2507 853 2549 quoque
875 2507 966 2536 non
987 2490 1032 2535 in
1051 2490 1283 2550 postremis
1304 2491 1358 2537 sit
1377 2489 1510 2537 locus.
1533 2491 1576 2537 Si
1595 2491 1728 2546 enim,
1748 2505 1796 2537 ut
1818 2505 1934 2537 recte

125 2556 304 2617 quidem
326 2556 511 2612 dicebas,
534 2571 660 2604 tanto
680 2556 868 2604 artificio
891 2557 1118 2604 hominem
1142 2557 1398 2605 Deus—hoc
1421 2572 1484 2605 est
1505 2557 1559 2605 ad
1577 2576 1699 2605 suam
1722 2572 1764 2605 et
1786 2559 1931 2618 imagi-

125 2642 227 2671 nem
249 2639 290 2671 et
308 2624 869 2681 similitudinem-creavit,
891 2625 998 2686 quid
1015 2624 1096 2672 fuit
1116 2626 1448 2672 convenientius
1468 2643 1600 2686 quam
1618 2640 1845 2672 auctorem
1863 2626 1929 2672 sui

125 2707 166 2739 et
186 2693 307 2739 cuius
325 2692 660 2740 similitudinem
683 2694 728 2739 in
747 2711 790 2740 se
809 2708 974 2753 gereret
994 2693 1246 2740 mortalium
1270 2708 1423 2740 natura
1440 2695 1715 2754 cognovisse?
1738 2697 1932 2740 Cernere

125 2761 244 2807 enim
274 2760 374 2807 licet
404 2778 562 2821 corpus
594 2762 735 2821 ipsum
769 2776 969 2808 nostrum
1000 2776 1122 2808 tanta
1149 2776 1326 2822 tamque
1356 2761 1688 2822 incomparabili
1722 2761 1933 2808 industria

125 2829 424 2889 compositum
453 2843 500 2875 ut
524 2829 559 2875 si
585 2846 608 2875 a
634 2830 773 2889 capite
797 2830 989 2890 incipias,
1016 2829 1136 2890 quod
1163 2830 1293 2876 etiam
1317 2833 1493 2885 Varro,⁰
1518 2829 1639 2890 quod
1665 2829 1765 2876 inde
1792 2844 1935 2876 cetera

206 3067 230 3081 ¹¹¹
248 3061 443 3110 Asclepius,
466 3064 596 3111 Corpus
612 3065 860 3107 Hammeum,
880 3064 984 3107 Paris,
1006 3066 1103 3107 1945,
1124 3064 1159 3107 ii,
1177 3066 1323 3101 338-39.

206 3123 222 3138 ¹²
240 3120 421 3164 Eusebius,
441 3122 496 3158 De
512 3132 717 3169 evangprep.
740 3124 800 3165 1,7.

205 3182 222 3196 ⁰
239 3178 452 3222 Lactantius,
469 3179 524 3216 De
540 3178 675 3226 opificio
693 3180 771 3222 Dei,
789 3178 880 3216 ch.8.
