2118 3444
143 184 325 218 ESSAYs
1846 168 1935 209 293

142 335 310 382 pestem
328 336 420 366 non
436 332 663 379 expectare
677 316 922 364 debeamus.
940 318 1009 362 De
1026 315 1214 362 externis
1227 331 1334 361 vero
1350 314 1394 360 in
1409 314 1562 374 primis
1582 312 1742 360 habent
1758 311 1943 367 divitias,

143 388 254 436 adeo
272 402 320 435 ut
339 405 391 434 ex
412 385 692 433 nobilissimis
714 383 988 445 philosophis
1014 382 1149 430 finem
1170 400 1238 443 eas
1257 380 1623 429 administrandae
1643 381 1703 427 rei
1724 379 1946 427 familiaris

143 457 233 503 ausi
253 456 339 502 sint
361 454 517 502 dicere.
537 452 843 500 Nihilominus
866 451 972 512 quid
992 450 1071 498 hae
1091 451 1135 496 in
1155 468 1198 497 se
1218 450 1472 497 contineant
1493 449 1614 504 boni,
1635 449 1749 504 satis,
1771 462 1819 495 ut
1839 447 1947 495 arbi-

143 538 251 580 tror,
275 540 406 584 supra
430 536 492 570 est
517 521 794 582 explicatum.
823 524 875 567 Et
901 520 975 580 qui
1002 518 1066 566 his
1091 517 1329 574 abundant,
1356 535 1456 565 cum
1483 516 1591 564 nihil
1618 516 1765 564 auxilii
1793 517 1837 562 in
1864 515 1945 563 illis

143 606 298 640 contra
320 590 501 638 morbos
525 589 593 637 vel
617 588 818 636 dolorem
845 588 1069 635 inveniant
1091 586 1166 634 sed
1188 586 1449 634 edacissimis
1471 586 1619 646 potius
1643 584 1792 646 plenas
1817 585 1944 640 curis,

143 659 287 707 multo
318 672 537 706 noverunt
570 656 724 704 melius
754 674 885 717 quam
915 656 989 716 qui
1020 656 1064 702 in
1095 655 1296 702 omnium
1329 669 1429 701 sunt
1463 671 1609 701 rerum
1640 667 1840 713 egestate,
1870 653 1944 713 qui

142 728 293 775 beatos
320 726 476 774 divites
502 726 748 773 existimare
773 724 930 780 solent,
960 723 1188 771 communi
1218 721 1410 783 quodam
1439 722 1635 769 humano
1666 738 1827 777 errore,
1855 738 1945 781 quo

142 795 336 843 efficitur
354 809 402 841 ut
425 794 584 841 nostris
604 793 798 854 permoti
822 791 945 839 malis
967 809 1041 838 eos
1061 808 1234 851 semper
1254 790 1523 837 admiremur
1545 807 1654 850 quos
1678 789 1731 836 ab
1754 788 1819 836 his
1842 789 1942 849 ipsis

142 863 300 925 quibus
316 863 517 922 angimur
532 860 827 908 incommodis
845 877 977 920 quam
990 859 1238 920 longissime
1257 858 1562 919 conspicimus.
1581 859 1764 913 Tamen,
1780 857 1814 904 si
1831 871 1947 904 recte

142 931 341 978 volemus
365 929 569 986 iudicare,
593 928 810 976 ‘tollemus
831 927 1052 989 querelas‚'
1076 942 1123 974 ut
1145 928 1203 974 ait
1224 927 1482 973 Horatius.rr

343 1035 513 1093 Pauper
533 1033 651 1078 enim
675 1049 766 1078 non
789 1045 851 1078 est
873 1031 942 1077 cui
964 1047 1109 1077 rerum
1132 1030 1323 1090 suppetit
1346 1047 1457 1076 usus.

342 1101 384 1147 Si
406 1100 550 1147 ventri
570 1099 696 1155 bene,
718 1099 753 1146 si
775 1098 899 1146 lateri
918 1113 980 1145 est
1000 1097 1269 1159 pedibusque
1292 1097 1390 1153 tuis,
1414 1096 1474 1143 nil

342 1169 535 1215 Divitiae
553 1182 765 1228 poterunt
789 1166 948 1227 regales
969 1165 1125 1213 addere
1146 1166 1295 1213 maius.

142 1274 269 1331 Quae
287 1284 434 1317 autem
454 1284 515 1317 est
531 1269 799 1330 paupertatis
816 1269 937 1329 quies
955 1285 1056 1315 cum
1075 1268 1229 1315 insano
1247 1267 1323 1314 illo
1343 1266 1594 1314 dlvitiarum
1612 1266 1806 1314 tumultu
1826 1283 1943 1313 com-

139 1338 352 1401 paranda?
374 1337 502 1385 Adde
523 1337 644 1399 quod
667 1338 822 1384 misera
843 1351 904 1384 est
927 1337 1072 1397 magni
1095 1335 1292 1383 custodia
1312 1354 1475 1383 census:

341 1445 405 1488 Ut
427 1440 602 1501 vigilare
625 1455 746 1487 metu
768 1440 1028 1496 exanimem,
1052 1454 1288 1500 noctesque
1311 1439 1486 1499 diesque

340 1508 596 1556 Formidare
618 1508 756 1555 malos
779 1507 907 1564 fures,
931 1507 1144 1563 incendia,
1165 1525 1325 1563 servos,

340 1581 414 1624 Ne
435 1591 478 1624 te
499 1576 740 1637 compilent
764 1575 1018 1636 fugientes.“

141 1684 275 1726 Recte
314 1678 491 1725 Flaccus
534 1678 724 1725 ‘horum'
769 1696 812 1724 se
856 1678 1198 1738 ‘pauperrimum
1243 1677 1507 1724 bonorum'tt
1552 1694 1725 1737 semper
1765 1677 1941 1737 optarit.

139 1751 306 1794 Verum
330 1747 416 1793 iam
436 1746 562 1807 plura
585 1745 765 1793 fortasse
787 1745 840 1793 de
861 1745 1023 1792 divitiis
1043 1763 1175 1806 quam
1198 1763 1368 1792 necesse
1389 1746 1456 1792 sit.
1481 1744 1678 1804 Quando
1701 1759 1849 1791 autem
1872 1762 1941 1791 me

140 1815 198 1862 ob
226 1832 295 1862 eas
320 1813 504 1861 forsitan
532 1813 735 1861 nonnulli
763 1828 920 1874 putant
947 1814 1092 1860 minus
1120 1813 1341 1869 miserum,
1367 1812 1564 1874 plerique
1590 1813 1722 1860 etiam
1750 1812 1942 1868 beatum,

140 1901 232 1930 non
251 1897 313 1930 est
332 1883 474 1929 visum
495 1882 548 1929 ab
566 1900 611 1929 re
628 1882 853 1929 verbosius
874 1881 926 1928 de
944 1881 1009 1928 his
1028 1881 1129 1929 talia
1145 1881 1438 1942 disputavisse.
1462 1885 1643 1928 Restant
1660 1895 1806 1928 autem
1824 1898 1943 1941 prae-

139 1951 266 2012 cipua
286 1951 402 1997 inter
419 1965 597 1997 externa
615 1950 805 1997 honores
825 1965 954 2011 atque
972 1950 1167 2011 imperia,
1188 1968 1378 2011 quorum
1398 1964 1520 1997 tanta
1537 1950 1702 1996 insania
1721 1964 1783 1996 est
1802 1964 1850 1996 ut
1869 1950 1944 2010 qui

139 2019 287 2080 aliquo
315 2018 453 2066 modo
481 2019 724 2066 miserrima
751 2018 992 2066 ambitione
1020 2036 1112 2065 non
1138 2018 1306 2065 laboret
1333 2019 1407 2064 vix
1433 2019 1693 2065 inveniatur.
1723 2018 1856 2065 Insita
1881 2032 1943 2065 est

138 2088 257 2134 enim
282 2087 328 2133 in
352 2087 508 2134 animis
530 2087 690 2133 nostris
713 2086 850 2134 laudis
874 2104 922 2134 ac
942 2086 1102 2147 gloriae
1125 2086 1350 2147 cupiditas,
1375 2104 1484 2147 quae
1507 2101 1675 2133 tantam
1696 2087 1788 2132 vim
1813 2086 1942 2133 habet

137 2170 185 2202 ut
204 2155 336 2202 etiam
354 2155 400 2201 in
418 2154 743 2202 contemnenda
759 2154 896 2215 gloria
912 2154 1115 2202 nonnulli
1135 2155 1217 2202 sibi
1232 2154 1415 2215 gloriam
1435 2155 1785 2215 quaesitaverint.
1802 2154 1942 2214 Quod

138 2223 239 2270 ideo
256 2222 519 2270 desiderium
539 2223 675 2270 inesse
694 2222 820 2270 nobis
838 2237 950 2283 puto
967 2237 1015 2270 ut
1034 2222 1322 2283 intelligentes
1339 2241 1391 2270 ex
1407 2226 1509 2270 Deo
1525 2241 1706 2270 omnem
1727 2241 1814 2270 esse
1832 2222 1942 2283 glor-

138 2291 224 2337 iam
248 2291 294 2336 in
318 2308 371 2337 eo
394 2308 482 2337 esse
504 2308 585 2337 nos
607 2290 820 2350 gloriosos
847 2290 1226 2346 contenderemus,
1251 2291 1449 2351 quamvis
1471 2305 1625 2337 natura
1647 2305 1689 2337 et
1711 2305 1939 2337 consuetu-

138 2358 239 2405 dine
260 2358 494 2418 depravata
511 2376 563 2405 ex
585 2358 763 2405 fortuna
783 2359 916 2418 magis
937 2376 1069 2419 quam
1091 2376 1143 2405 ex
1162 2361 1263 2405 Deo
1282 2358 1418 2418 gloria
1438 2373 1625 2419 petatur.
1647 2362 1756 2417 Quo
1779 2359 1940 2405 merito

138 2426 293 2473 accidit
310 2440 373 2481 ut,
393 2444 494 2472 cum
513 2425 568 2472 ad
583 2425 758 2472 culmen
778 2427 910 2473 etiam
927 2426 1064 2473 laudis
1080 2427 1326 2487 pervenisse
1343 2426 1425 2473 sibi
1444 2426 1583 2473 videri
1598 2441 1796 2487 possunt,
1817 2444 1943 2487 saepe

136 2493 415 2554 superbiente
437 2511 485 2540 ac
504 2494 721 2540 saeviente
741 2493 932 2550 fortuna,
956 2508 1170 2554 quantum
1192 2494 1244 2541 ab
1265 2512 1372 2541 vero
1391 2494 1631 2541 aberrarint
1654 2493 1778 2541 facile
1798 2511 1942 2554 recog-

138 2575 333 2608 noscant.
359 2561 676 2622 Exemplorum
701 2561 831 2622 plena
853 2576 953 2608 sunt
979 2562 1141 2618 omnia,
1167 2576 1214 2609 ut
1240 2563 1285 2608 in
1310 2561 1375 2609 his
1398 2576 1571 2623 tempus
1596 2576 1735 2609 terere
1757 2562 1940 2609 minime

136 2629 338 2676 videatur
356 2630 674 2676 necessarium.'

222 2700 471 2744 ‹SCALA.›
509 2698 741 2754 ‘Minime,’
775 2698 969 2758 inquam,
1005 2701 1195 2745 ‘Cosme.
1231 2697 1315 2745 Sed
1342 2716 1486 2759 perge,
1520 2716 1692 2759 quaeso.
1728 2702 1791 2745 Ita
1821 2699 1939 2745 enim

137 2764 323 2821 afficior,
345 2764 517 2812 dicente
538 2780 595 2821 te,
617 2780 664 2812 ut
686 2765 753 2812 vel
775 2765 1058 2813 libentissime
1083 2765 1187 2813 fiam
1210 2767 1367 2813 miser.'

216 3070 241 3085 ¹¹
259 3068 412 3110 Horace,
428 3069 531 3115 Epist.
552 3069 634 3110 1,12.

217 3127 238 3142 ⁸⁸
256 3127 410 3168 Horace,
427 3126 534 3162 Serm.
554 3128 739 3169 1‚1‚76-78.

217 3184 237 3200 ‘¹
253 3181 340 3219 Ibid.
359 3184 522 3226 1‚1‚78-9.
