2118 3444
122 185 351 219 PRIVATE
378 184 605 218 LETTERS
1833 177 1921 217 157

122 337 312 384 cognato
347 322 391 369 di
425 321 727 382 Cristophano
763 321 1024 381 Buonaguisi
1060 322 1151 367 mio
1184 318 1393 381 genero?2
1431 320 1499 368 nel
1534 320 1659 381 quale
1694 320 1715 368 ὲ
1749 320 1927 377 difecto,

122 408 249 438 come
267 390 460 446 vedrete‚
476 407 556 450 per
573 407 660 437 una
679 388 831 436 cedola
848 388 870 436 ὲ
890 389 934 435 in
954 388 1084 436 decto
1101 403 1378 436 testamento.
1400 393 1447 436 Io
1465 389 1508 435 vi
1526 388 1694 450 pregho
1712 406 1792 450 per
1809 406 1926 436 amo-

122 477 167 506 re
188 459 294 514 mio,
318 476 445 505 corne
464 458 608 518 prima
625 472 776 518 potete
798 456 1016 504 mandiate
1034 475 1114 518 per
1132 456 1261 504 decto
1281 457 1432 504 notaio
1454 471 1495 504 et
1514 471 1633 504 usate
1655 458 1758 517 ogni
1778 457 1926 504 studio

122 541 163 574 et
185 526 409 587 diligentia
427 525 588 587 perche
612 526 811 572 racconci
833 524 962 572 decto
981 539 1257 572 testamento.
1280 529 1562 572 Faretemene
1582 525 1923 585 singularissimo

119 595 290 656 piacere
308 608 350 641 et
368 593 644 641 resterovene
661 592 987 653 obligatissimo.
1011 596 1066 639 A‘
1086 593 1246 653 piaceri
1263 593 1400 640 vostri
1417 611 1601 654 sempre.
1621 597 1685 639 Ex
1702 593 1926 640 Florentia

121 662 190 710 die
212 663 285 709 xxi
307 662 419 709 Iunii
446 666 565 709 1485.

205 735 258 778 Et
282 731 466 778 aconcio
489 731 563 786 sia,
589 747 659 777 me
682 729 726 777 lo
751 729 954 777 mandate
974 747 1054 790 per
1075 729 1212 776 modo
1236 729 1388 777 fidato.
1412 733 1567 777 Vester
1588 729 1925 777 Bartholomeus

119 799 239 846 Scala
259 816 390 859 eques
411 813 452 845 et
474 797 753 845 cancellarius
773 797 1064 844 Florentinus.

986 939 1062 980 193

471 1009 548 1049 To
571 1010 875 1048 GlovANNI
896 1010 1255 1048 LANFREDINI
1277 1011 1343 1048 IN
1361 1010 1577 1048 NAPLES

872 1079 922 1116 23
940 1075 1042 1128 July
1065 1079 1169 1116 1485

201 1167 271 1217 N³,
293 1169 360 1210 fol.
381 1173 439 1209 64.
460 1169 646 1221 Original.
669 1169 786 1209 Hand
804 1168 848 1209 of
862 1170 1038 1209 Antonio
1060 1169 1154 1209 della
1172 1168 1290 1210 Valle.
1318 1172 1434 1210 Verso:
1455 1169 1674 1222 ‘Magnifico
1697 1171 1842 1210 oratori

201 1225 424 1266 Florentino
439 1225 606 1278 Neapoli
620 1225 782 1266 Iohanni
795 1224 1024 1266 Lanfredino
1039 1226 1175 1266 maiori
1187 1225 1429 1274 honorando,
1443 1239 1513 1266 etc.
1526 1225 1718 1278 Neapoli.'
1733 1229 1840 1266 Note

202 1281 246 1322 of
263 1282 413 1334 receipt:
436 1283 491 1321 ‘31
514 1281 629 1333 luglio
656 1284 759 1329 1485,
779 1282 937 1334 risposta
957 1281 1060 1322 detto
1082 1281 1145 1321 dl?

117 1385 355 1446 Magnifice
376 1399 528 1432 orator
546 1386 688 1432 maior
709 1385 980 1441 honorande,
1002 1400 1082 1432 etc.
1102 1386 1318 1446 Scripsivi‚
1339 1403 1383 1432 se
1402 1385 1512 1432 bene
1534 1387 1595 1431 mi
1616 1386 1806 1442 ricordo,
1829 1404 1852 1432 a
1870 1391 1922 1433 23

118 1453 187 1501 del
205 1460 396 1514 passato⁸
415 1468 457 1500 et
477 1452 743 1509 manda<i›vi‚
766 1471 852 1500 con
873 1453 998 1500 decta
1015 1454 1115 1509 mia,
1137 1471 1228 1500 uno
1249 1468 1515 1501 testamento
1533 1453 1613 1501 che
1634 1472 1706 1501 era
1722 1469 1838 1501 stato
1859 1472 1925 1501 ro-

116 1536 219 1582 gato
242 1521 353 1568 costi
376 1521 444 1568 dal
470 1522 623 1568 notaio
647 1521 714 1568 de'
741 1522 963 1568 Genovesi
988 1536 1299 1582 appartenente
1323 1540 1347 1569 a
1370 1521 1560 1569 Rinaldo
1582 1521 1801 1578 Altovito,
1829 1540 1924 1582 cog-

118 1604 224 1636 nato
239 1589 284 1636 di
301 1589 636 1650 Christophano
656 1590 918 1649 Buonaguisi
937 1590 1029 1636 mio
1046 1607 1221 1650 genero3
1240 1604 1281 1636 et
1295 1589 1455 1650 perche
1474 1590 1519 1636 in
1537 1608 1642 1650 epso
1658 1604 1925 1637 testamento

117 1675 189 1705 era
203 1656 391 1713 defecto,
409 1675 535 1704 corne
552 1671 805 1704 monstrava
822 1675 909 1704 una
927 1657 1080 1704 notula
1096 1658 1139 1703 vi
1157 1657 1332 1705 mandai
1348 1658 1393 1704 in
1412 1676 1530 1719 epso,
1548 1659 1591 1704 vi
1607 1658 1786 1719 preghai
1806 1676 1924 1705 man-

117 1725 227 1774 dassi
246 1743 327 1786 per
348 1725 478 1772 decto
499 1726 651 1772 notaio
676 1725 743 1772 de’
768 1726 991 1772 Genovesi
1015 1725 1210 1773 facessilo
1233 1727 1458 1773 aconciare
1480 1741 1522 1773 et
1545 1726 1920 1773 rimandassimelo

117 1811 203 1841 con
223 1808 433 1854 presteza.
454 1793 780 1854 Maravigliomi
802 1794 906 1840 assai
927 1811 1019 1840 non
1043 1793 1198 1841 havere
1219 1794 1424 1841 rihavuto
1445 1795 1629 1841 aconcio
1652 1794 1782 1841 decto
1800 1809 1925 1842 testa-

117 1876 285 1917 mento,
309 1876 351 1908 et
371 1861 515 1908 molto
534 1861 610 1922 piu
633 1879 725 1908 non
747 1861 903 1909 havere
924 1861 1129 1909 rihavuto
1150 1862 1204 1909 da
1221 1863 1295 1909 voi
1317 1863 1501 1923 risposta
1523 1862 1634 1909 della
1653 1863 1847 1910 ricevuta
1865 1862 1919 1910 ne

116 1929 290 1986 d’altro‚
319 1944 361 1976 et
387 1944 510 1976 temo
538 1930 642 1977 assai
670 1947 762 1977 non
790 1930 851 1977 sia
877 1931 1068 1991 capitato
1095 1930 1219 1978 male.
1248 1930 1479 1991 Prieghovi
1509 1930 1707 1978 adunche
1736 1931 1918 1978 essendo

117 1997 228 2045 nelle
251 1998 370 2045 mani
393 2012 554 2054 vostre,
577 2016 663 2045 con
687 1997 829 2059 quella
848 1997 924 2059 piu
949 1998 1123 2046 celerita
1140 2013 1306 2060 potete,
1327 1998 1534 2060 pigl‹i›ate
1556 2017 1637 2060 per
1657 2017 1817 2052 amore,
1830 2000 1922 2046 mio

116 2065 292 2113 caricho
315 2065 359 2113 di
381 2065 492 2113 farlo
515 2067 741 2113 aconciare
763 2081 804 2114 et
827 2066 871 2113 di
893 2066 1135 2123 mandarlo;
1160 2067 1337 2128 quando
1362 2085 1454 2115 non
1475 2067 1521 2115 lo
1546 2067 1716 2115 habiate
1742 2067 1921 2124 havuto,

116 2151 186 2181 me
205 2133 395 2181 advisate
412 2134 574 2190 subito,
598 2134 677 2181 che
698 2134 792 2182 faro
811 2134 855 2182 di
875 2135 1129 2191 rinvenirlo,
1152 2135 1230 2182 che
1252 2139 1442 2196 ’mporta
1462 2137 1568 2183 assai
1586 2136 1623 2183 al
1643 2151 1833 2196 cognato
1855 2136 1923 2183 del

114 2220 277 2263 genero
295 2203 399 2249 mio.
424 2206 483 2249 La
498 2202 595 2250 fede
611 2202 772 2263 grande
792 2203 851 2250 ho
871 2204 916 2249 in
934 2204 1008 2250 voi
1027 2204 1088 2250 mi
1107 2203 1150 2251 fa
1167 2203 1288 2251 darvi
1304 2203 1381 2265 piu
1399 2222 1594 2265 graveza,
1613 2204 1798 2252 intendo
1816 2204 1923 2252 mol-

115 2285 164 2317 to
184 2270 310 2327 bene,
334 2270 414 2318 che
437 2289 529 2318 non
550 2272 585 2318 si
608 2272 836 2328 conviene3
860 2290 931 2319 ma
952 2271 1062 2319 sollo
1082 2290 1162 2333 per
1182 2273 1424 2333 insegnarvi
1448 2291 1574 2320 come
1597 2273 1768 2320 habiate
1789 2291 1813 2320 a
1834 2273 1923 2320 fare

115 2338 289 2394 mecho,
307 2338 387 2385 che
405 2338 605 2385 desidero
623 2339 766 2386 molto
783 2339 893 2386 farvi
908 2340 1078 2400 piacere
1094 2341 1138 2386 in
1158 2341 1260 2400 ogni
1279 2358 1390 2387 cosa.
1411 2345 1474 2386 Ex
1490 2340 1713 2388 Florentia
1730 2341 1799 2388 die
1816 2342 1922 2387 xxiii

115 2405 211 2452 Iulii
239 2411 357 2453 1485.
381 2410 537 2453 Vester
557 2406 893 2454 Bartholomeus
915 2407 1035 2454 Scala
1054 2425 1184 2468 eques
1205 2423 1247 2455 et
1268 2408 1546 2455 cancellarius
1567 2408 1859 2456 Florentinus.

193 3131 206 3145 ¹
214 3127 422 3166 Cristofano
430 3130 645 3177 Buonaguisi
652 3143 722 3167 was
729 3129 884 3167 married
895 3142 935 3167 to
949 3131 1151 3174 Giovanna,
1163 3130 1288 3168 Smla’s
1300 3130 1408 3168 eldest
1420 3131 1604 3179 daughter,
1618 3131 1723 3175 Scala,
1738 3134 1915 3177 245[164].

193 3189 206 3204 ²
224 3187 266 3221 In
281 3184 363 3229 fact,
382 3188 423 3222 21
440 3188 543 3232 June,
559 3200 617 3224 see
634 3185 740 3224 letter
757 3190 821 3224 192
838 3187 963 3224 above.
