2124 3458
201 181 291 222 368
1814 186 1951 219 PART
1976 186 2007 219 v

203 340 365 382 menta,
385 343 494 386 quae
511 324 716 385 praeduri
734 324 975 371 adamantis
995 323 1184 384 ferrique
1201 323 1534 371 similitudinem
1556 323 1781 380 referrent,
1798 325 2012 385 pertinge-

201 394 307 441 bant
334 393 735 454 pertrahebantque
763 393 978 439 continuo
1007 393 1051 438 in
1080 391 1313 439 diversum.
1343 387 1461 439 Cum
1489 410 1595 439 vero
1623 393 1732 439 mira
1758 410 1807 439 ea
1831 391 2010 453 quidem

202 477 488 522 monstraque
506 475 698 521 putasset
718 475 910 516 naturae,
931 460 1053 507 ‘illud
1071 475 1220 507 tamen
1239 460 1354 507 haud
1371 461 1531 506 mirum
1553 463 1644 516 est,'
1664 461 1820 520 inquit,
1841 461 1890 507 ‘si
1909 460 2012 508 fluc-

201 545 295 577 tuet
324 547 453 577 aurea
480 529 643 589 species
673 528 979 589 deferaturque
1005 528 1264 588 plerumque
1297 529 1341 574 in
1370 545 1575 588 praeceps
1603 546 1651 575 ac
1678 529 1849 575 cesserit
1879 527 2012 575 molle

202 616 358 645 aurum
391 597 631 644 durissimis
663 596 959 643 bellatoribus.
991 601 1112 643 Nam
1142 597 1175 643 si
1205 595 1379 643 vincula
1407 595 1709 643 convaluerint
1739 611 1781 643 et
1808 595 2015 643 vincendi

202 665 522 713 consuetudine
540 666 754 712 evaserint
768 664 1049 720 robustiores,
1071 682 1123 711 ne
1138 663 1303 724 Apollo
1321 664 1499 724 quidem
1514 663 1754 711 medicinae
1770 663 1875 711 deus
1888 663 2012 711 facile

203 751 335 795 opem
355 733 479 789 ferat,
497 732 661 780 nedum
682 732 897 779 humanae
916 733 1028 779 vires
1043 731 1319 792 suppeditare
1335 732 1503 792 possint
1522 731 1706 778 salutem
1725 746 1767 778 et
1783 731 2014 779 vendicare

202 802 255 849 ab
279 802 490 849 interitu.'

928 941 965 984 9.
988 936 1293 998 Spectaculum

974 1006 1036 1061 Bi,
1058 1010 1250 1052 46r-46v

202 1109 613 1170 <C›amelopardalis
646 1127 698 1156 ex
727 1108 981 1169 Aethyopia
1010 1126 1145 1169 usque
1176 1107 1356 1155 advecta
1382 1126 1483 1154 cum
1513 1122 1620 1154 esset
1651 1104 1706 1154 ac'
1725 1107 1943 1168 producta
1970 1108 2016 1153 in

202 1178 441 1234 theatrum,
465 1177 842 1238 frequentissimus
868 1176 922 1224 ad
940 1176 1227 1237 spectandum
1250 1175 1438 1237 populus
1464 1190 1742 1223 convenerat.
1768 1175 2014 1223 Adstabant

203 1262 351 1294 autern
372 1242 522 1292 forte¹²
545 1245 725 1292 fortuna
743 1246 955 1292 aratorius
976 1244 1069 1300 bos,
1092 1262 1313 1304 equusque
1335 1243 1522 1290 bellator
1539 1258 1580 1290 et
1601 1261 1766 1299 cervus,
1787 1244 1862 1304 qui
1880 1243 2014 1304 paulo

203 1329 304 1362 ante
321 1315 365 1360 in
384 1314 491 1361 silva
507 1331 674 1360 cornua
691 1313 919 1369 abiecerat,
936 1316 962 1370 †
977 1331 1060 1373 pro
1079 1312 1248 1359 camelo
1264 1313 1384 1359 cuius
1404 1312 1537 1372 magis
1555 1311 1714 1358 referre
1731 1326 1860 1372 caput
1876 1315 1903 1368 †
1920 1329 2015 1358 cen-

202 1397 313 1439 sent3
342 1383 417 1443 qui
444 1397 485 1429 et
512 1382 661 1428 venire
688 1399 731 1428 se
759 1399 934 1441 quoque
965 1381 1009 1426 in
1039 1380 1220 1427 honoris
1246 1395 1417 1440 partem
1443 1394 1660 1440 putantes,
1687 1379 1927 1439 gestiebant
1955 1378 2013 1426 ob

204 1450 512 1497 membrorum
532 1449 699 1509 aliquot
714 1448 1062 1495 similitudinem.
1081 1452 1247 1494 Verum
1265 1465 1313 1494 ea
1324 1462 1603 1508 spectatores,
1618 1447 1810 1494 vanitate
1824 1446 2015 1493 animad-

203 1536 340 1574 versa,
369 1518 607 1578 increpitos
635 1516 757 1577 quod
785 1517 844 1563 ita
868 1515 1030 1563 alienae
1056 1515 1217 1576 gloriae
1244 1516 1550 1571 inniterentur,
1579 1532 1601 1561 e
1629 1532 1758 1561 cavea
1781 1514 2015 1561 eiecerunt.

202 1591 315 1633 Non
340 1585 479 1633 defuit
503 1600 664 1641 autern,
688 1603 797 1646 quae
821 1602 917 1632 eam
940 1583 1155 1645 repulsam
1181 1583 1372 1630 molliret
1395 1582 1551 1639 verbis,
1575 1581 1879 1630 Consuetudo.
1908 1585 2019 1643 ‘Ipsa

204 1658 340 1711 vero,'
365 1655 523 1715 inquit,
548 1653 700 1701 ‘obfui
723 1657 844 1700 Nam
867 1652 1004 1700 modo
1026 1653 1108 1700 nisi
1130 1670 1238 1713 quae
1260 1653 1319 1699 ita
1336 1669 1452 1699 nova
1471 1651 1747 1707 obvenerint,
1770 1668 1862 1698 non
1883 1649 2017 1698 admi-

206 1726 386 1771 rantur.'

944 1863 1005 1905 10.
1030 1863 1285 1905 Monstrum

976 1927 1038 1983 Bi,
1061 1931 1253 1974 46v-47r

205 2030 576 2078 ‹A›dmirantibus
614 2030 658 2076 in
693 2029 850 2077 eodem
885 2029 1106 2076 animante
1140 2027 1399 2089 quibusdam
1437 2027 1575 2075 aliena
1608 2044 1783 2088 quoque
1819 2025 2018 2073 membra

206 2114 546 2159 monstrumque
566 2098 836 2159 putantibus,
857 2096 1082 2158 respondit
1101 2097 1308 2157 Cynicus:
1332 2095 1472 2155 ‘Quid
1488 2096 1522 2142 si
1541 2114 1593 2142 ex
1609 2095 1734 2142 vobis
1754 2112 1930 2155 quoque
1948 2093 2018 2141 ali-

206 2169 302 2228 quis
321 2182 382 2214 est
401 2166 723 2214 multiformior
739 2168 755 2213 ?
770 2166 990 2226 Serpentis
1006 2183 1155 2212 nonne
1174 2179 1235 2212 est
1254 2164 1354 2211 huic
1372 2178 1500 2224 caput
1518 2181 1617 2210 cum
1636 2163 1832 2210 humano
1849 2162 1974 2209 vultu
1999 2164 2016 2209 ?

206 2236 342 2282 Canis
379 2250 480 2282 sunt
518 2249 670 2295 guttur
707 2233 925 2294 alvusque.
966 2238 1125 2280 Manus
1164 2233 1493 2293 Harpy‹i›arum
1534 2230 1727 2278 referunt
1765 2230 2013 2290 imaginem.

205 2308 359 2351 Uncae
379 2317 480 2350 sunt
502 2317 543 2350 et
563 2302 833 2350 deformatae
851 2301 1080 2362 unguibus.
1107 2300 1273 2348 Incedit
1291 2315 1439 2347 tamen
1460 2299 1609 2346 homo.
1633 2299 1733 2355 Dic,
1751 2297 1891 2354 sodes,
1912 2297 2019 2359 quid

206 2371 386 2419 tandem
411 2385 661 2418 monstrum
687 2385 763 2427 est,
785 2371 819 2417 si
842 2388 920 2417 vos
944 2387 1035 2417 non
1059 2370 1158 2416 estis
1180 2383 1376 2416 monstra
1400 2370 1430 2415 ?'

926 2511 941 2552 1
955 2511 987 2553 1.
1013 2505 1305 2554 Consuetudo

1005 2575 1068 2631 Bi,
1090 2580 1226 2622 47r—v

206 2684 359 2727 ‹C›um
390 2679 565 2726 insolita
592 2694 633 2726 et
660 2696 775 2725 nova
802 2679 860 2725 ita
884 2679 928 2724 in
956 2677 1245 2725 admiratione
1272 2694 1359 2723 esse
1385 2675 1659 2723 consuetudo
1684 2675 1896 2730 sensisset,
1924 2674 2015 2734 ipsa

208 2766 385 2809 quoque
407 2748 497 2794 eius
517 2747 678 2808 gloriae
699 2746 856 2807 cupida
871 2746 1137 2806 peregrinari
1154 2759 1289 2805 parat.
1310 2747 1436 2803 Quae
1457 2761 1557 2790 curn
1578 2742 1631 2790 ad
1649 2742 1896 2802 incognitos
1915 2758 2016 2788 ven·

207 2818 388 2872 titasset,
419 2815 546 2863 ludos
579 2816 710 2862 etiam
742 2832 1058 2875 saepenumero
1090 2813 1320 2860 indecoros
1353 2811 1471 2859 dedit
1501 2812 1659 2872 vixque
1692 2811 1736 2856 in
1768 2809 2016 2857 diversoriis

209 2884 373 2932 nedum
394 2902 557 2930 novam
580 2901 672 2930 rem
691 2882 1024 2937 admirarentur,
1045 2881 1307 2940 alienigenae
1326 2894 1415 2927 erat
1434 2879 1566 2926 locus.
1590 2882 1717 2937 Quae
1736 2878 1867 2938 igitur
1885 2877 2018 2924 etiam

210 2970 387 3012 regnare
404 2951 527 2998 domi
545 2950 809 3011 quandoque
826 2950 1132 3004 consuevisset,
1154 2963 1324 2995 mutato
1340 2947 1537 3002 consilio,
1557 2947 1601 2992 in
1615 2946 1755 3006 patria
1771 2944 2014 2992 consenuit.

209 3020 339 3066 Adeo
362 3019 570 3065 novitatis
592 3033 633 3065 et
655 3017 984 3064 consuetudinis
1009 3017 1120 3063 ratio
1142 3015 1353 3076 explicata
1373 3029 1448 3061 est.
