2072 3450
182 169 273 209 534
850 168 907 208 V:
941 170 958 208 1
1534 175 1787 211 TEXTUAL
1810 177 1986 212 NOTES

265 309 293 331 ⁹⁵
308 326 400 360 opus
415 325 486 348 esse
502 312 702 348 existimare
711 322 788 359 post
801 323 975 348 sectarum
988 311 1051 348 del.
1068 314 1134 348 Mo

265 361 294 383 ⁹⁶
307 375 400 400 secta
415 366 452 400 in
468 362 654 411 marg.add.
672 378 781 400 manu
794 366 941 400 auctoris
954 360 994 400 L²

264 414 294 437 ⁹⁷
308 432 446 454 eorum:
463 431 585 454 earum
602 431 722 454 rerum
736 419 802 454 Mo

264 467 292 489 ⁹⁸
308 470 381 518 ipse
391 480 468 518 post
482 470 622 507 animus
635 469 713 506 add.
731 472 796 506 Mo

264 520 293 543 ⁹⁹
307 537 423 572 neque
436 537 524 560 vero
536 534 619 560 ante
632 537 750 571 quam,
767 538 843 560 non
856 535 892 560 ta
900 534 976 572 post
990 538 1096 572 quam
1110 523 1172 561 del.
1190 526 1255 561 Mo

267 573 308 595 ¹⁰⁰
321 575 450 624 singuli
465 576 635 624 cuiusque
651 590 669 612 a
684 575 796 624 reliqu
809 586 892 612 ante
904 575 1002 624 quod
1014 575 1076 613 del.
1094 578 1160 613 Mo

267 626 306 649 ¹⁰¹
321 643 404 678 prae
419 659 426 666 .
442 659 449 666 .
466 659 474 666 .
488 630 606 666 etiam:
623 629 731 666 etiam
744 643 827 677 prae
842 628 912 666 hoc
926 631 992 666 Mo
1008 629 1102 678 (prae
1118 629 1189 667 hoc
1201 629 1372 679 suprascr.)

266 678 307 701 ¹⁰²
321 682 502 718 consentit
516 695 554 718 ex
567 682 800 718 consentiunt
813 695 895 718 corr.
912 683 978 718 Mo

266 732 306 754 ¹⁰³
322 734 466 771 infinita
478 749 589 783 paene
602 745 685 771 ante
697 735 1028 783 antiquissimorum
1043 734 1121 772 add.
1138 737 1204 772 Mo

266 784 307 807 ¹⁰⁴
321 799 468 824 naturae
480 798 563 824 ante
576 787 612 823 in
626 786 688 824 del.
706 789 772 824 Mo

265 838 305 860 ¹⁰⁵
320 841 465 889 vestigia
477 851 560 877 ante
573 840 780 877 illustranda
792 840 854 878 del.
872 843 937 878 Mo

266 890 306 913 ¹⁰⁶
320 905 449 930 cuncta
460 904 543 930 ante
555 892 671 930 studia
683 892 746 930 del.
764 895 830 930 Mo

265 944 306 966 ¹⁰⁷
320 947 381 995 qui
396 946 445 983 bis
460 949 537 990 Mo,
548 949 665 995 priore
675 946 738 984 del.

265 996 305 1018 ¹⁰⁸
320 998 415 1047 apud
430 1029 437 1035 .
453 1029 460 1035 .
477 1028 484 1036 .
499 1011 699 1036 censentur:
715 998 939 1047 appellantur
952 1002 1017 1036 Mo

264 1049 305 1072 ¹⁰⁹
318 1066 411 1100 -quez
428 1066 517 1100 quae
532 1049 573 1088 L²

264 1101 306 1123 ¹¹⁰
320 1105 439 1152 ipsius:
456 1105 530 1141 eius
545 1106 611 1141 Mo

264 1155 303 1177 ¹¹¹
318 1157 404 1195 dicit
419 1187 426 1194 .
442 1188 450 1194 .
467 1188 474 1195 .
489 1172 620 1195 rerum:
636 1172 756 1195 rerum
770 1157 860 1195 dixit
874 1173 945 1195 esse
960 1160 1026 1195 Mo

264 1207 305 1229 ¹¹²
319 1211 484 1259 nascique
501 1225 553 1247 res
567 1225 634 1247 om.
652 1207 718 1254 M²;
734 1222 838 1259 atque
853 1211 1046 1259 unicuique
1061 1211 1110 1248 rei
1123 1222 1206 1248 ante
1218 1212 1382 1260 nascique
1395 1211 1457 1249 del.
1475 1214 1540 1249 Mo

263 1261 303 1284 ¹¹³
319 1263 512 1301 infinitati.
529 1294 535 1301 .
551 1294 558 1301 .
575 1263 723 1301 infinito
736 1279 774 1301 ex
788 1263 1005 1301 infinitatem
1020 1294 1027 1302 .
1043 1294 1050 1302 .
1067 1295 1074 1302 .
1089 1264 1276 1302 infinitum
1289 1280 1371 1302 corr.
1389 1268 1454 1302 Mo

263 1313 304 1335 ¹¹⁴
318 1328 423 1364 atque
439 1317 546 1353 etiam
560 1315 712 1353 deorum
727 1328 882 1365 suprascr.
902 1319 967 1354 Mo

263 1367 303 1389 ¹¹⁵
318 1369 585 1406 homomeriam
601 1367 668 1413 M2,
683 1372 749 1407 Mo
759 1381 835 1418 post
848 1385 947 1413 corr.;
959 1369 1119 1407 lacunam
1134 1370 1234 1408 hahet
1246 1368 1290 1407 L²
1299 1382 1364 1420 pro
1378 1371 1480 1408 verbo
1491 1386 1609 1420 graeco
1622 1371 1720 1420 (recte

313 1420 569 1469 όμοιομερίαν)
578 1421 774 1470 accipiendo
826 1464 828 1466 ‚

263 1473 303 1494 ¹¹⁶
318 1475 585 1512 homomeriam
601 1505 608 1512 .
625 1505 632 1512 .
648 1505 655 1512 .
671 1476 838 1512 Lucreius
853 1478 890 1512 in
905 1475 1090 1524 margadd.
1108 1479 1174 1513 Mo

263 1525 304 1546 ¹¹⁷
318 1542 359 1564 ex
375 1541 444 1576 qua
457 1539 614 1576 suprascr.
633 1530 699 1565 Mo

262 1578 303 1600 ¹¹⁸
318 1593 430 1618 antea:
446 1581 544 1629 prius
558 1583 625 1618 Mo

262 1630 303 1653 ¹¹⁹
317 1648 406 1682 quae
422 1634 546 1670 omnia
559 1632 688 1671 faceret
698 1644 774 1682 post
788 1634 973 1671 materiam
986 1633 1048 1671 del.
1066 1636 1132 1672 Mo

262 1684 304 1707 ¹²⁰
317 1686 576 1736 Colophonius
589 1699 746 1736 suprascr.
765 1690 842 1732 Mo,
857 1687 1109 1736 Calophonius
1123 1686 1167 1725 Ι.,2

262 1737 301 1759 ¹²¹
317 1739 472 1776 humum
488 1769 495 1776 .
511 1769 518 1776 .
535 1769 542 1776 .
557 1752 755 1776 moveatur:
771 1739 925 1777 humum
941 1755 1013 1789 quo
1029 1755 1126 1777 mOV.
1143 1738 1196 1785 L²‚
1212 1755 1278 1778 om.
1295 1738 1350 1778 M²

262 1790 303 1812 ¹²²
318 1793 474 1841 recipiat:
491 1793 663 1841 recipiant
677 1790 718 1830 L²

262 1842 302 1864 ¹²³
317 1844 503 1882 Heraclito
519 1845 608 1893 ignis
622 1859 661 1882 ex
674 1845 876 1882 Heraclitus
891 1846 1009 1894 ignem
1024 1860 1107 1883 corr.
1124 1848 1190 1883 Mo

262 1895 302 1917 ¹²⁴
316 1898 388 1935 hoc
400 1909 557 1947 suprascr.
576 1901 642 1935 Mo

261 1947 301 1970 ¹²⁵
316 1964 455 1999 semper
470 1965 536 1987 om.
554 1948 610 1987 Μ2

261 2001 302 2023 ¹²⁶
316 2016 460 2041 motum
470 2015 547 2053 post
560 2003 725 2041 futurum
738 2004 800 2042 del.
818 2007 884 2042 Mo

261 2053 302 2075 ¹²⁷
316 2057 450 2093 omnia:
466 2068 594 2094 cuncta
608 2059 674 2094 Mo

260 2107 300 2129 ¹²⁸
316 2122 420 2159 atque
436 2111 543 2147 etiam
557 2110 642 2148 deos
652 2122 728 2159 post
742 2111 1001 2159 sempiternum
1015 2110 1076 2148 del.
1094 2114 1160 2148 Mo

260 2159 301 2182 ¹²⁹
315 2163 501 2211 principiis
515 2177 554 2199 ex
566 2163 787 2211 principium
801 2178 883 2200 corr.
901 2166 967 2200 Mo

260 2213 302 2235 ¹³⁰
315 2215 546 2253 numerandis
561 2213 613 2260 L²‚
628 2231 667 2253 ωε
680 2216 982 2254 connumerandis
997 2232 1079 2254 corr.
1097 2219 1162 2254 Mo

260 2265 285 2287 ¹³
290 2265 299 2287 ¹
306 2267 450 2316 fortasse
464 2282 506 2305 ex
521 2282 659 2305 necesse
673 2280 829 2317 suprascr.
848 2266 889 2305 L²

260 2318 300 2340 ¹³²
315 2333 447 2369 quotus
457 2332 533 2369 post
547 2324 645 2358 Nam
659 2321 722 2358 del.
739 2324 805 2359 Mo

259 2370 299 2392 ¹³³
314 2385 365 2410 est
379 2387 425 2410 ne
439 2372 555 2410 dicam
569 2385 725 2422 suprascr.
743 2373 833 2422 (cum
846 2373 923 2411 aliis
936 2373 1035 2422 corr.)
1046 2376 1112 2411 Mo

259 2423 300 2446 ¹³⁴
315 2427 385 2464 iam
403 2426 453 2475 (ex
466 2426 535 2475 vel)
552 2428 589 2464 in
603 2427 755 2476 publicis
770 2430 835 2465 Mo

259 2476 299 2499 ¹³⁵
314 2479 443 2516 viderit
456 2491 613 2528 suprascr.
632 2482 698 2517 Mo

259 2530 299 2552 ¹³⁶
313 2533 357 2569 sit
370 2544 527 2581 suprascr.
547 2535 612 2570 Mo

259 2582 300 2604 ¹³⁷
314 2585 535 2633 opinionum
549 2584 761 2622 differentia:
777 2586 1034 2622 sententiarum
1048 2585 1249 2623 diversitate
1263 2589 1328 2623 Mo

259 2635 298 2658 ¹³⁸
313 2637 383 2675 sed:
399 2638 459 2675 sed
475 2639 613 2675 auctior
627 2638 705 2675 fieri
720 2653 890 2676 numeros
906 2639 1022 2676 multo
1037 2639 1161 2677 debeat
1176 2639 1236 2677 sed
1250 2642 1316 2677 Mo

259 2687 299 2710 ¹³⁹
313 2702 407 2727 sunt:
422 2691 493 2727 sint
508 2688 550 2727 L²

258 2741 300 2763 ¹⁴⁰
312 2743 570 2781 tantummodo
585 2759 624 2781 ex
637 2756 749 2781 sectae
762 2744 980 2793 sup.lin.corr.
999 2747 1064 2782 Mo

258 2793 298 2815 ¹⁴¹
312 2795 379 2833 tibi
389 2807 465 2844 post
479 2796 585 2833 scribi
598 2796 660 2833 del.
678 2799 743 2833 Mo

258 2846 299 2869 ¹⁴²
312 2849 489 2898 deinceps:
505 2849 614 2898 paulo
624 2861 700 2898 post
714 2852 780 2887 Mo

258 2898 298 2921 ¹⁴³
313 2902 534 2949 Cyrenaicos
547 2916 586 2939 ex
599 2903 887 2950 Cyrenaicorum
900 2917 982 2939 corr.
1000 2904 1066 2939 Mo

258 2952 299 2974 ¹⁴⁴
313 2956 491 2991 Eretricos
504 2969 543 2991 ex
556 2956 754 2992 Erectricos
767 2970 850 2992 corr.
867 2958 933 2992 Mo

258 3004 298 3026 ¹⁴⁵
313 3007 502 3043 Eretricus:
517 3008 725 3044 Eretriensis
739 3022 777 3044 ex
791 3008 1018 3045 Erectriensis
1031 3022 1114 3045 corr.
1131 3010 1197 3045 Mo

258 3057 299 3079 ¹⁴⁶
313 3060 442 3108 quibus
458 3059 507 3097 bis
521 3062 599 3104 Mo,
609 3063 726 3108 priore
736 3060 845 3097 deleto

258 3109 299 3131 ¹⁴⁷
312 3126 408 3160 prae-
421 3123 578 3160 suprascr.
597 3109 639 3148 L²

258 3162 298 3184 ¹⁴⁸
313 3177 518 3214 veteresque
533 3166 866 3214 Peripateticosque:
883 3178 1086 3215 veteresque
1102 3167 1343 3203 Peritateticos
1357 3168 1454 3210 MSS,
1470 3169 1598 3203 correxi
